4382 5964
776 481 850 550 ,-
960 441 1036 542 567
1145 487 1201 506 -

125 649 411 758 &Gnistlingae
425 651 634 760 madaeper
648 649 796 754 uadum
810 657 850 732 δι
862 652 921 732 ibi
935 656 1127 736 cratinus
1145 659 1223 738 erit
1243 657 1429 740 colabecb
1443 663 1482 740 8r
1495 661 1620 743 Brede
1635 689 1752 745 mose.
1780 660 1882 750 Jnde

124 763 170 844 ad
198 758 426 864 aquilonem
455 758 603 842 directe
618 758 828 869 usquead
855 765 1063 870 proprium
1091 762 1263 850 fundum
1277 769 1471 850 suenonis.
1485 765 1657 876 insuper
1684 798 1881 858 accessum

123 866 283 952 habebit
309 869 480 950 liberum
507 895 599 948 oum
627 869 838 974 pecoribus
865 871 947 949 suis
975 871 1027 952 ad
1055 872 1173 952 siluas
1206 873 1257 955 de
1298 873 1515 973 Habitstad.
1544 879 1596 961 ad
1622 883 1881 964 succisionem

121 977 317 1084 lignorum
344 1005 424 1163 appe
452 971 615 1084 glandes
644 1003 726 1056 non
742 975 890 1056 ferunt.
920 981 1066 1058 Porcos
1093 981 1215 1063 eciam
1238 984 1425 1090 proprios
1438 1011 1540 1094 quos
1567 984 1616 1066 de
1644 1015 1717 1067 suo
1732 989 1880 1071 ibidem

120 1085 253 1192 pascit.
282 1086 325 1162 in
384 1088 469 1176 'cta‘
484 1086 586 1170 silua
613 1113 701 1164 cum
732 1084 895 1192 glandes
939 1085 1089 1166 fuerint
1129 1089 1396 1194 inpinguabit.
1425 1094 1477 1174 ad
1504 1121 1732 1176 communes
1760 1099 1879 1176 siluas

121 1193 431 1300 prouincialium.
461 1191 643 1273 Falzholt
671 1199 711 1273 a
740 1192 923 1292 Dalsholt
950 1221 1145 1274 accessum
1160 1196 1331 1277 liberum
1357 1197 1574 1282 habiturus.
1604 1207 1655 1282 Jn
1682 1207 1794 1283 cuius
1819 1202 1879 1284 rei

120 1301 383 1380 testimonium
412 1302 583 1408 sigillum
611 1315 793 1379 nostrum
821 1304 1072 1407 presentibus
1099 1302 1283 1383 duximus
1311 1308 1602 1389 annectendum
1637 1313 1781 1392 Actum
1809 1339 1877 1392 an·

119 1434 170 1486 no
198 1406 349 1486 domini
375 1409 781 1490 M⁰.CC⁰.LXX⁰.IX⁰.
809 1410 897 1488 Vl⁰.
925 1408 1017 1514 jdus
1045 1411 1282 1490 Decembris.
1311 1439 1510 1495 accessum
1551 1420 1672 1498 eciam
1714 1418 1877 1502 habebit

119 1514 285 1594 liberum
313 1515 363 1593 ad
392 1515 625 1622 piscandum
653 1518 696 1594 iu
724 1531 864 1622 stagno
894 1518 1004 1623 quod
1037 1517 1183 1606 dicitur
1211 1519 1408 1624 liungsio.

489 1651 539 1732 Pa
555 1651 725 1716 srtnsidans
746 1647 912 1737 Vrixstelts
957 1653 1125 1738 gnistatorp
1145 1657 1176 1716 iu
1196 1655 1319 1738 alaksp
1339 1665 1498 1718 mutatam.

521 1759 639 1842 sigillet
657 1763 814 1826 bortiallet
832 1764 902 1825 fidu
922 1763 982 1826 deu
1001 1785 1039 1827 ur
1058 1765 1178 1828 brefvet
1196 1767 1316 1850 llippta
1335 1785 1462 1827 remsan.

116 2073 242 2262 694.
318 2179 322 2186 ·
407 2163 424 2176 ·’
579 2207 582 2215 .
665 2077 668 2086 ¹
738 2093 980 2262 1279'd.
1034 2159 1100 2262 19
1146 2125 1321 2278 Dec.¹

188 2333 267 2397 sin.
288 2333 417 2394 Hune·
439 2334 449 2394 i
469 2333 643 2415 Liuliipiug
662 2335 748 2476 intpg
768 2337 903 2398 attilus
924 2324 1096 2398 Gunrsssm
1126 2339 1175 2400 so'r
1205 2340 1250 2400 siu
1271 2337 1348 2479 <poni
1375 2335 1583 2400 islnrhslla
1613 2335 1673 2398 och
1703 2337 1873 2404 Skastntsi

238 2411 345 2494 utbyte
364 2413 488 2475 erhtllit
508 2413 545 2475 af
560 2413 681 2496 Nydala
723 2416 815 2480 lones
834 2414 901 2476 ‘¹⁰⁵⁵
921 2415 998 2497 8⁶¹ll
1018 2420 1029 2476 ⁵
1051 2415 1208 2502 sl'ffl'p’
1229 2440 1271 2481 ¹¹¹¹
1293 2440 1327 2480 ω’
1347 2417 1498 2498 iffi&
1515 2419 1639 2552 Avi-lipari·
1659 2511 1671 2550 ι
1698 2497 1739 2553 ts

178 2725 180 2734 Α
270 2625 476 2704 Vniuersis
502 2640 703 2730 presentes
731 2625 881 2703 litteras
921 2628 1161 2735 inspecturis
1189 2628 1239 2707 Η.
1268 2627 1333 2708 dei
1367 2628 1501 2734 gracia
1537 2631 1758 2737 Episcopus
1795 2633 1869 2711 lin·

107 2735 287 2840 copensis
320 2733 487 2811 salutem
502 2735 545 2810 in
560 2734 737 2810 omnium
766 2731 974 2816 saluatore.
1005 2736 1207 2828 Noueritis
1223 2734 1470 2815 Nicholaum.
1500 2737 1714 2816 Gunnonis
1743 2739 1868 2820 filium

106 2843 147 2944 in
176 2842 378 2948 presencia
397 2859 539 2940 ,nostra
573 2843 833 2920 constitutum
880 2845 1157 2950 recognouisse
1184 2871 1225 2921 se
1254 2845 1529 2923 concambium
1567 2847 1798 2952 prediorum
1825 2850 1868 2928 in

104 2950 211 3028 hunc
241 2947 401 3028 modum
428 2948 563 3028 fecisse
591 2977 680 3027 cunr
708 2948 909 3027 monachis
937 2953 1166 3032 Noueuallis
1195 2951 1377 3032 videlicet
1419 2952 1530 3060 quod
1558 2954 1642 3058 ipse
1670 2979 1746 3058 pro
1773 2981 1865 3057 pre·

104 3058 173 3138 dio
204 3059 315 3166 quod
344 3058 571 3164 possederat
599 3059 642 3135 in
676 3055 902 3154 skitaerlbeb
946 3087 1036 3138 cum
1065 3059 1249 3140 omnibus
1289 3059 1545 3166 pertinenciis
1586 3061 1667 3138 suis
1694 3064 1734 3137 81
1761 3077 1872 3146 terra·

102 3167 224 3246 trium
251 3166 436 3244 horarum
467 3168 508 3244 in
536 3163 725 3270 skapsnes
753 3167 1038 3270 possessionem
1080 3165 1364 3247 monachorum
1381 3169 1433 3246 in
1459 3165 1717 3274 spauaethorp
1744 3167 1865 3248 habe·

102 3274 163 3354 bit
190 3273 493 3354 condicionibus
521 3273 605 3354 istis
632 3274 736 3352 iuter
765 3300 831 3351 eos
860 3272 971 3352 factis
999 3274 1108 3382 quod
1151 3275 1236 3380 ipse
1264 3275 1435 3354 liberum
1462 3276 1625 3355 habebit
1666 3302 1863 3356 accessum

101 3381 154 3464 ad
180 3384 321 3462 siluam
348 3381 398 3462 de
426 3381 632 3480 witanzbi
660 3409 736 3487 pro
772 3379 891 3488 lignis
919 3380 1168 3462 succidendis
1196 3389 1235 3463 &
1264 3381 1312 3462 ad
1342 3385 1600 3463 uenaciouem
1636 3384 1862 3465 animalium

99 3499 286 3598 &apum
313 3497 352 3570 sr
379 3491 724 3597 inpinguacionem
756 3516 967 3597 porcorum
995 3518 1086 3569 cum
1115 3491 1279 3597 glandes
1317 3489 1466 3569 fuerint
1492 3494 1532 3568 &
1559 3508 1688 3571 cetera
1729 3518 1863 3573 neces·

99 3601 201 3680 saria
231 3598 454 3708 specialiter
482 3597 535 3677 ad
565 3599 806 3676 mansionem
833 3624 955 3704 quam
982 3597 1104 3675 habet
1131 3601 1174 3676 iu
1200 3599 1453 3705 spanaethorp
1481 3599 1555 3678 hiis
1590 3601 1773 3680 omnibus
1802 3628 1863 3680 as·

98 3700 264 3813 signatis
289 3709 372 3787 Nec
400 3703 451 3787 ad
480 3707 703 3786 mansiones
730 3705 855 3810 ipsius
888 3704 984 3783 alibi
1027 3709 1264 3787 constitutas
1290 3707 1364 3787 hec
1405 3705 1643 3788 extendetur
1684 3707 1859 3790 licencia.

97 3843 172 3894 nec
200 3817 297 3894 alios
325 3814 547 3894 licenciabit
582 3811 737 3912 ibidem
757 3811 809 3892 ad
835 3812 976 3891 similia
1004 3811 1195 3906 facienda.
1241 3814 1345 3894 Sane
1372 3841 1461 3895 cum
1490 3816 1575 3920 ipse
1603 3817 1668 3894 uel
1695 3814 1860 3896 heredes

95 3925 183 4004 eius
211 3941 300 4029 post
327 3948 416 4000 eum
445 3919 617 4001 vendere
646 3921 709 4000 uel
739 3935 965 4027 permutare
995 3921 1196 4001 voluerint
1229 3919 1413 4028 predium
1441 3939 1700 4000 memoratum
1729 3925 1859 4029 primo

93 4058 252 4138 semper
279 4025 481 4108 monachis
508 4027 560 4107 ad
588 4027 797 4108 emendum
828 4027 892 4106 vel
910 4028 1195 4108 cambiendum
1225 4033 1355 4136 ipsum
1383 4027 1566 4134 predium
1600 4028 1855 4137 exhibebunt.

91 4139 153 4217 ita
210 4137 292 4218 uod
320 4139 438 4215 unius
464 4134 582 4215 solidi
610 4153 717 4214 terra
745 4163 835 4213 cum
864 4153 981 4242 prato
1017 4138 1134 4216 vuius
1168 4137 1376 4243 plaustrati
1415 4150 1497 4214 tres
1538 4163 1687 4216 marcas
1715 4137 1854 4217 valeat.

92 4167 209 4356 quod
237 4245 270 4322 si
299 4243 420 4324 fuerit
440 4241 593 4349 inculta
624 4242 873 4324 medietatem
902 4245 1110 4322 amittatis
1125 4245 1273 4322 ualore.
1302 4243 1342 4323 Si
1357 4269 1457 4322 uero
1471 4243 1582 4351 quod
1597 4243 1701 4324 absit
1714 4245 1855 4326 fraude

90 4355 163 4432 uel
191 4352 387 4432 uiolencia
415 4347 706 4434 maliciosorum
734 4351 935 4430 hominum
965 4379 1037 4458 per
1063 4351 1339 4431 concambium
1367 4348 1433 4430 uel
1474 4354 1719 4460 empcionem
1761 4353 1855 4432 sub·

90 4475 223 4540 tracta
254 4458 373 4562 fuerit
400 4463 641 4541 monasterio
667 4461 862 4567 possessio
882 4474 1107 4538 memorata.
1134 4473 1294 4566 ,emptor
1322 4459 1446 4564 ipsius
1457 4460 1581 4538 solam
1609 4474 1755 4538 terram
1785 4461 1854 4540 ha·

87 4566 207 4649 bebit
233 4565 285 4645 ad
312 4593 403 4646 suos
430 4597 525 4649 usus
552 4569 729 4652 liberam.
756 4595 836 4677 que
865 4567 983 4648 modo
997 4569 1077 4646 suis
1104 4583 1163 4646 est
1192 4565 1353 4672 sepibus
1373 4569 1632 4672 circumsepta
1661 4587 1752 4646 cum
1782 4594 1853 4674 pa·

85 4677 197 4756 acuis
224 4692 519 4783 pecorumque
547 4677 601 4757 wl
630 4679 751 4760 ariter
778 4677 977 4757 dicuntur.
1007 4674 1075 4766 let.
1101 4673 1167 4754 ok.
1195 4673 1278 4755 lulr.
1307 4679 1346 4754 &
1374 4674 1572 4780 lignorum
1594 4674 1851 4755 succisionem
1970 4753 1973 4771 ,

85 4783 144 4865 ad
172 4788 304 4893 ignem
331 4781 579 4863 solummodo
603 4707 839 4866 laciendum.
865 4784 1147 4890 suprascriptis
1172 4782 1355 4863 omnibus
1369 4783 1455 4862 aliis
1477 4782 1732 4888 pertinenciis
1745 4780 1851 4863 dicte

84 4891 355 5022 possessionis·
376 4889 441 4972 uel
468 4889 567 4972 silue
594 4890 753 4998 penitus
780 4892 985 4974 reuocatis
1012 4891 1099 4974 Hoc
1126 4887 1263 4975 addito
1291 4891 1402 5000 quod
1428 4891 1500 5001 qui
1513 4891 1850 5002 permutaciouem
1919 5003 1930 5012 ι
