4382 5964
1030 435 1436 515 ..555-

357 655 471 736 dinis
496 665 544 754 at
570 647 752 754 superius
777 645 928 729 dictum
954 662 1027 728 est.
1053 671 1293 758 quacunque
1320 649 1529 730 occasione
1556 649 1608 732 de
1635 653 1744 730 om'ni
1768 651 1936 732 facultate
1957 659 2053 738 cuius·

386 763 475 838 iam-
490 757 682 863 probatus
708 752 828 836 fucrit
854 753 1072 838 abstulisse.
1101 755 1164 836 rel
1192 755 1360 837 forsitan
1388 757 1483 839 dolo
1512 758 1649 867 aliquo
1671 761 1853 866 rapuisse.
1877 762 2053 845 siclericus
2133 821 2134 848 a

356 791 486 947 literit.
514 891 607 944 reus
634 865 830 970 sacrilegii
862 862 1074 972 prolixiori
1113 865 1356 949 anathemate
1398 865 1726 975 condempnetur.
1761 871 1800 946 dt
1824 871 1939 948 vixei
1972 899 2053 978 pere
2133 881 2134 884 ‘

355 975 469 1081 grina
495 975 723 1054 communio
749 973 1005 1055 concedatur.
1033 974 1075 1054 Si
1103 973 1240 1079 laycus
1267 977 1689 1056 excommunicacionis
1709 975 1862 1056 vinculo
1874 975 2053 1060 denotetur.

294 1117 298 1122 ·
354 1108 563 1191 quousque
590 1080 759 1190 duplum
786 1083 871 1161 eius
897 1081 1010 1190 quod
1038 1085 1234 1189 receperit
1258 1082 1434 1196 plenarie
1461 1081 1581 1166 fuerit
1608 1083 1833 1164 resolutum

1001 1274 1063 1351 De
1090 1276 1321 1382 captiuitote
1352 1279 1469 1378 regie.

515 1410 757 1490 Execrabilis
785 1411 1037 1518 presumpcio
1065 1410 1374 1491 &detestabilis
1415 1437 1551 1492 eorum
1607 1415 1649 1494 ui
1678 1439 1816 1492 manus
1848 1413 2056 1496 violentasin

350 1521 572 1627 principem
599 1519 757 1598 mittere
786 1546 868 1599 non
897 1535 1087 1597 verentur
1122 1545 1195 1624 per
1222 1521 1467 1625 imppnitatis
1495 1547 1550 1629 qu
1606 1519 1790 1601 ammodo
1819 1519 1995 1600 licenciam
2020 1529 2057 1602 sic

351 1629 528 1707 excreuit
561 1627 672 1736 quod
713 1653 786 1706 nec
814 1631 871 1706 rei
898 1628 1058 1733 puplice
1100 1643 1289 1733 parcatur
1316 1655 1391 1706 nec
1417 1631 1524 1736 regie
1566 1630 1760 1708 maiestati
1800 1628 1975 1722 defertur,
1996 1633 2057 1738 qui-

351 1734 520 1816 busdam
559 1736 719 1841 regibus
760 1734 867 1814 bello
908 1737 1144 1842 peremptis,
1173 1735 1410 1841 quibusdam
1438 1736 1607 1844 captiuis
1659 1737 1860 1817 nonnullis
1895 1741 1994 1816 eciam
2025 1737 2058 1815 de

350 1870 475 1951 regno
502 1843 666 1949 fugatis,
694 1849 733 1944 δι
760 1843 974 1951 compulsis
1009 1861 1134 1922 terras
1165 1841 1385 1923 inhabitare
1415 1845 1654 1951 peregrinas,
1681 1843 1789 1924 vnde
1804 1863 1939 1953 quanta
1956 1845 2058 1951 populi

349 1951 501 2031 excidia
538 1951 713 2057 pericula
742 1958 781 2031 8<
808 1951 995 2030 scandala
1038 1951 1278 2057 proueniant
1314 1977 1428 2029 nemo
1470 1979 1564 2032 sane
1607 1955 1752 2034 mentis
1794 1956 1956 2060 ignorat,
1988 1955 2057 2030 Cum

351 2063 472 2166 igitur
500 2061 541 2138 in
567 2087 665 2166 pace
707 2061 899 2166 principis
934 2062 985 2136 sit
1020 2059 1126 2138 salus
1155 2059 1295 2166 populi
1325 2065 1364 2137 &
1391 2061 1547 2168 requies
1576 2065 1616 2138 8r
1643 2063 1685 2143 in
1713 2061 1837 2167 ipsius
1873 2061 2058 2139 turbatione

349 2195 430 2247 non
458 2167 584 2247 solum
618 2184 742 2250 status
776 2169 887 2273 regni
917 2165 1161 2271 periclitatur
1201 2193 1339 2244 verum
1386 2170 1509 2247 eciam
1555 2171 1823 2276 tranquillitas
1862 2168 2058 2246 ecclesiastici

348 2293 470 2375 status
510 2277 789 2384 perturbatur,
830 2276 913 2354 Nos
953 2273 1181 2353 huiusmodi
1224 2275 1408 2381 periculis
1452 2275 1700 2356 &nefandis
1744 2277 2059 2384 presumpcionihus
2133 2279 2134 2372 ἲ

347 2401 539 2494 quantum
568 2384 752 2465 dominus
788 2380 944 2464 dederit
977 2382 1142 2461 obuiare
1186 2383 1383 2478 volentes,
1426 2384 1544 2463 huius
1585 2390 1685 2464 sacri
1728 2385 1881 2464 consilii
1910 2382 2059 2490 approba·

346 2495 460 2573 cione
493 2495 701 2573 statuimus
735 2507 779 2570 vt
819 2492 1050 2600 quicunque
1092 2505 1164 2571 'sue
1198 2490 1396 2571 fidelitatis
1425 2492 1621 2573 &tocius
1661 2493 1877 2574 honestatis
1904 2494 2059 2569 immemor
2133 2593 2134 2596 Ἴ

323 2625 477 2708 ,regem
504 2603 623 2681 huius
652 2602 764 2709 regni
806 2626 879 2704 per
906 2599 1109 2677 ecclesiam
1138 2616 1371 2678 coronatum
1401 2604 1605 2708 captiuare
1646 2599 1789 2709 fugare
1829 2601 1889 2679 rel
1923 2595 2058 2679 occidam
2133 2645 2134 2702 l

346 2711 631 2817 presumpserit
666 2737 739 2786 nec
781 2735 863 2787 non
893 2711 932 2784 Sc
961 2705 1017 2785 illi
1046 2709 1117 2814 qui
1145 2707 1352 2787 consilium
1381 2708 1443 2787 vel
1478 2709 1669 2788 auxilium
1703 2737 1775 2788 seu
1803 2709 1963 2788 fauorem
1997 2731 2016 2808 p
2045 2745 2057 2760 ·
2132 2703 2134 2724 ¹

346 2819 531 2912 stiterint‚
561 2815 608 2897 ad
639 2817 715 2896 h'oc
745 2815 904 2896 vinculo
933 2817 1355 2895 excommunicacionis
1382 2845 1423 2896 se
1452 2819 1641 2897 nouerint
1656 2816 1871 2896 innodatos
1897 2843 1962 2892 nec
1984 2813 2056 2918 quis

344 2951 463 3032 quam
493 2924 542 3005 de
571 2925 637 3005 illa
665 2925 825 3005 scelesta
856 2923 1031 3004 faccione
1060 2923 1140 3003 vllo
1169 2950 1344 3032 vnquam
1373 2939 1551 3034 tempore
1567 2927 1618 3005 ab
1633 2927 1800 3006 ecclesia
1829 2927 1869 3007 in
1896 2944 2056 3029 regente

344 3061 479 3112 ronam
509 3051 718 3111 mereatur.

309 3416 478 3559 '693·
995 3453 1139 3560 1279
1184 3417 1232 3522 d.
1281 3417 1311 3556 8
1361 3418 1481 3520 Dec.

301 3741 305 3748 .
421 3630 585 3770 Bylgqbref
600 3632 637 3750 af
653 3630 758 3770 Aqbot
778 3633 854 3732 Nus¹
871 3634 880 3690 i
901 3631 1033 3774 Nyldalq
1055 3635 1095 3716 pri
1115 3601 1177 3711 def,
1189 3635 1313 3775 ddsllsse
1331 3623 2056 3775 (lidrhneffiffi'fiiH⁰¹¹lff⁸{mn-'jffilffi

310 3771 388 3796 --
470 3723 948 3856 santerameartat
967 3726 1504 3876 {attalanae-atat
1520 3724 1704 3876 tranat
1729 3723 1775 3775 ²¹*
1799 3724 1858 3774 ‘r

1753 3871 1966 3926 &anch

504 4007 711 4085 Vniuersis
740 4017 940 4112 presentes
969 4006 1118 4086 litteras
1146 4000 1393 4114 inspecturis.
1418 4007 1560 4087 Frater
1589 4007 1635 4086 N.
1664 4004 1795 4085 dictus
1824 4003 1942 4084 abbas
1966 4003 2058 4079 Noue-

341 4111 455 4192 uallis
483 4133 672 4223 totusque
688 4114 862 4195 eiusdem
893 4117 970 4194 loci
999 4131 1221 4196 conuentus
1242 4118 1407 4196 salutem
1432 4117 1476 4194 in
1505 4116 1680 4194 omnium
1708 4115 1915 4194 saluatore.
1940 4111 2059 4189 vniuer·

340 4225 443 4303 sitati
473 4243 602 4303 uestre
629 4241 765 4302 tenore
793 4227 1039 4330 presencium
1061 4227 1281 4304 innotescat
1310 4229 1392 4305 Nos
1414 4224 1687 4304 concambium
1708 4220 1936 4329 prediorum
1961 4217 2060 4295 fecisse

340 4361 427 4412 cum
457 4335 636 4413 iohanne
664 4330 889 4411 brodorsun
922 4333 1054 4414 dando
1083 4331 1267 4412 videlicet
1295 4334 1370 4414 sibi
1386 4360 1462 4439 pro
1482 4330 1625 4440 predio
1668 4330 1750 4412 uod
1767 4325 2058 4422 diciturataeop·

340 4468 428 4520 cum
455 4441 641 4524 omnibus
656 4441 911 4547 pertinenciis
925 4444 1017 4521 suis.
1046 4443 1288 4522 territorium
1319 4458 1504 4521 nostrum.
1522 4359 2057 4549 quoddiciernismthorp.

339 4546 415 4623 hiis
441 4551 618 4629 terminis
646 4551 960 4654 circumseptum.
992 4577 1127 4630 versus
1155 4551 1347 4630 orientem
1374 4553 1564 4629 terminus
1591 4551 1668 4628 erit
1695 4551 1737 4628 in
1765 4573 1891 4626 amne.
1938 4539 1993 4621 Ad
2015 4561 2059 4614 eu·

340 4672 462 4733 strum
490 4685 586 4736 uero
626 4659 817 4738 terminus
851 4658 926 4738 erit
955 4657 1004 4737 de
1039 4662 1173 4767 spacio
1216 4660 1327 4768 quod
1361 4678 1419 4739 est
1453 4662 1556 4738 inter
1584 4655 1812 4738 erelrswikae
1840 4660 1879 4733 &
1906 4641 2058 4732 widdekr

340 4760 489 4842 directe
517 4791 669 4872 semper
698 4795 836 4846 uersus
863 4767 1110 4848 occidentem
1138 4762 1178 4849 in
1209 4787 1367 4875 pratum
1396 4766 1508 4876 quod
1540 4765 1687 4846 dicitur
1727 4780 1904 4870 stenngae
1940 4755 2058 4862 eng&

339 4873 393 4948 sic
421 4897 495 4978 per
523 4875 695 4954 medium
724 4901 851 4954 mosae.
883 4876 990 4956 &sic
1006 4875 1399 4984 peralmcnnigshem
1416 4877 1576 4956 inviam
1605 4880 1643 4954 δι
1670 4875 1727 4953 sic
1743 4874 1849 4954 inter
1863 4867 2058 4962 linthium
