4406 5966
769 473 1263 608 '-.7371··-

153 741 250 798 num
278 699 500 824 aliquando
527 710 778 822 irrumpatur
813 727 874 792 set
902 707 1088 791 monachi
1129 707 1397 819 possidebunt
1425 705 1534 793 illam
1560 709 1650 795 iure
1678 726 1894 822 perpetuo·
1907 715 1952 798 Si
2023 717 2026 732 '

182 827 243 908 uis
270 824 446 906 uoluerit
474 823 554 905 boc
582 822 828 905 calumniari.
859 822 925 903 uel
955 819 1189 904 dissoluere.
1218 820 1546 906 malediccionem
1582 821 1650 905 dei
1677 823 1854 907 habehat
1881 827 1950 910 uia
2005 847 2027 900 .·

149 855 228 1018 ille.
257 937 344 1017 siue
370 934 514 1016 mulier
543 951 584 1018 et
610 950 749 1016 sancte
778 937 901 1015 marie
929 936 970 1013 &
997 936 1178 1014 omnium
1208 949 1450 1016 sanctorum.
1479 939 1609 1016 Amr.
1646 977 1650 986 ·

179 1123 185 1132 .
261 1047 400 1130 Viuite
426 1043 596 1156 gaudete
624 1061 745 1128 testes
759 1049 800 1126 &
813 1042 866 1127 ad
880 1047 955 1128 ista
976 1060 1144 1124 manete.
1173 1037 1244 1153 (ἄν
1257 1047 1456 1149 afaapan
1469 1045 1581 1128 barad
1594 1047 1685 1128 med
1690 1047 1833 1156 ficare
1851 1051 1949 1164 scil).

433 1189 570 1274 sigillet,
591 1189 717 1276 mycket
738 1187 885 1270 skadadt,
906 1189 1025 1272 btnger
1038 1188 1086 1279 pt
1106 1197 1150 1252 ett
1172 1183 1279 1251 trude
1300 1189 1390 1253 sudre
1409 1188 1449 1253 af
1464 1188 1665 1254 linnetrddar.

154 1554 286 1703 898.
629 1533 634 1544 ⁵
680 1565 687 1578 '
770 1550 1325 1702 1260-12702talem

233 1735 545 1824 Tillktnnagifrande
566 1738 606 1802 af
619 1737 654 1804 B.
676 1741 863 1806 Maesussor
893 1741 943 1805 lb‘r
972 1741 1143 1804 invinarne
1164 1743 1176 1804 i
1197 1741 1325 1808 Calmar
1350 1746 1396 1803 att
1426 1738 1490 1805 han
1520 1739 1570 1806 till
1601 1741 1775 1808 Muniame
1795 1743 1806 1806 i
1827 1741 1950 1829 Nydala
2093 1821 2096 1830 Ι

162 1904 169 1919 .
285 1822 391 1908 nl‘stdtt
410 1844 449 1887 en
469 1822 509 1887 at
523 1820 604 1888 bans
621 1823 725 1889 Fader
745 1825 796 1888 till
816 1824 894 1888 dem·
910 1824 1035 1890 lemnad
1055 1823 1208 1909 egendom
1227 1827 1248 1890 i.
1260 1822 1384 1888 staden
1587 1903 1623 1962 m
1641 1907 1665 1962 3.
1683 1921 1711 1964 ι
1730 1924 1753 1963 n
1774 1909 1831 1966 ¹8..

314 2007 357 2090 Β.
385 2005 502 2089 heres
530 2005 677 2116 magni.
705 2036 729 2087 r
983 2033 1058 2089 suo
1086 2006 1196 2089 lideli
1224 2008 1450 2116 ceterisque
1478 2007 1592 2089 urbis
1620 2007 1835 2092 calmarnie
1850 2011 1949 2094 ciui·

81 2125 86 2136 “
145 2111 226 2202 bus
253 2116 425 2201 salutem
452 2121 494 2201 &
516 2115 781 2201 dileccionem
808 2120 970 2229 rogauit
999 2147 1073 2202 nos
1101 2119 1229 2200 abbas
1258 2148 1305 2202 ac
1333 2119 1513 2201 uniuersi
1547 2117 1691 2200 fratres
1724 2122 1951 2208 noueuallis
2079 2179 2084 2184 -

146 2226 262 2344 quod
289 2230 369 2313 illis
396 2225 568 2314 fundum
594 2229 798 2340 quendam
826 2227 1139 2314 concederemus
1153 2232 1210 2334 in
1238 2229 1404 2312 ciuitate
1446 2245 1583 2312 uestra
1615 2256 1737 2342 quem
1778 2255 1948 2344 magnus

145 2356 264 2454 pater
292 2369 389 2426 suus
417 2341 514 2451 ipsis
540 2359 793 2425 concesserat
820 2339 992 2452 eundem
1021 2343 1147 2424 eciam
1190 2342 1382 2453 predictis
1425 2340 1619 2422 fratribus
1660 2341 1836 2427 fundum
1863 2347 1949 2430 sine

147 2449 236 2536 ullo
263 2451 402 2537 debito
430 2451 561 2549 libere
589 2451 857 2536 concedimus.
886 2470 1140 2564 quapropter
1168 2453 1287 2536 uobis
1316 2449 1550 2534 mandamus
1578 2456 1770 2563 quatinus
1798 2484 1949 2567 preno-

43 2671 46 2678 .
149 2565 291 2652 minati
319 2563 466 2650 iratres
493 2562 545 2648 de
573 2561 760 2673 predicto
782 2561 1282 2756 fund}·g{ltl}³52tsfill¹{⁸“²
1297 2563 1500 2648 ullatenus
1515 2565 1788 2676 impediantur
1803 2567 1947 2654 ualete.
2058 2647 2066 2652 .

914 2695 924 2735 l
981 2691 998 2736 e
1045 2696 1062 2738 l·
1160 2697 1177 2740 θ

32 2982 39 2997 ,
151 2867 285 3038 899.
774 2869 1329 3018 1260—127onalet
1442 2923 1512 2971 '.

226 3091 429 3176 bagmannen
449 3094 462 3157 i
482 3091 622 3162 warena
643 3091 748 3158 Kanna
768 3092 830 3156 och
849 3041 931 3157 hans!
947 3092 1078 3158 liustnn
1097 3093 1250 3158 Hunwmn
1270 3092 1440 3156 Srornreos
1460 3091 1577 3157 ‹lotters
1598 3093 1795 3159 Testamenta
1814 3095 1865 3160 till
1875 3097 1903 3160 N
1903 3114 1944 3180 y·

281 3174 355 3238 dala
375 3174 507 3257 kloster,
528 3175 655 3242 brarest
675 3176 714 3240 de
734 3177 850 3262 utvtlja
871 3181 922 3240 sitt
943 3174 1181 3274 grillsttllepaf
1196 3199 1235 3242 en
1255 3175 1406 3263 tredjedel
1419 3179 1471 3241 uti
1481 3175 1660 3242 hemmanet
1681 3177 1761 3242 Beth
1781 3181 1792 3242 i
1820 3179 1945 3244 Mous-

280 3257 338 3322 rad
358 3270 437 3324 tamt
458 3260 496 3324 ai
511 3280 550 3325 en
571 3260 663 3326 mark
683 3259 733 3324 till
752 3258 862 3345 brarje
883 3259 1000 3325 kloster
1019 3262 1031 3325 i
1052 3261 1188 3343 Svemge.

1579 3374 1809 3432 binum

307 3507 519 3592 Vniuersis
540 3507 684 3593 christi
710 3507 897 3594 fidelibus
924 3509 1137 3622 presentes
1160 3506 1318 3592 litteras
1350 3509 1605 3619 inspecturis.
1664 3509 1844 3592 Karulus
1865 3511 1943 3593 Le·
1977 3557 1982 3568 ·
2030 3472 2033 3480 ¹

142 3619 249 3734 gisen
262 3620 481 3703 werendie.
511 3625 551 3702 sst
577 3621 795 3702 Hulwildis
823 3643 929 3701 uxor
956 3647 1041 3701 sua.
1076 3619 1254 3701 Salutem
1279 3621 1321 3700 in
1338 3621 1501 3703 nomine
1515 3619 1633 3729 jhesu
1646 3618 1811 3702 christo.
1839 3621 1944 3705 Cum

40 3747 43 3754 ’
143 3736 189 3815 in
214 3730 292 3814 hac
320 3731 556 3841 captiuitate
585 3729 836 3813 lacrimabili.
863 3755 987 3839 super
1015 3727 1182 3811 flumina
1209 3729 1424 3839 babylonis
1453 3731 1653 3813 collocati.
1685 3732 1835 3814 Eterne
1857 3736 1942 3818 uite
2018 3761 2019 3766 ‘
2117 3767 2122 3774 ·

9 3893 15 3899 ·
142 3843 402 3930 stabilitatem
429 3856 546 3924 tanto
575 3839 747 3951 amplius
773 3839 928 3950 intueri
957 3840 1262 3951 compellamus,
1291 3858 1446 3952 quanto
1475 3843 1601 3951 magis
1627 3842 1694 3925 hic
1708 3869 1814 3954 aque
1829 3873 1941 3928 more

8 4039 15 4050 ,
53 4029 55 4034 ,
142 3955 400 4038 instabiliter.
428 3958 468 4035 sst
497 3968 703 4064 tamquam
731 3950 1001 4034 amaritudine
1036 3953 1166 4038 salicis
1197 3954 1232 4033 si
1260 3968 1392 4034 tamen
1419 3951 1537 4033 nobis
1565 3969 1707 4062 gustus
1721 3981 1841 4038 sanus
1855 3960 1941 4040 exi·

141 4067 224 4153 stit.
251 4064 390 4147 multis
430 4064 561 4149 modis
607 4065 651 4144 in
685 4063 878 4172 bannita
906 4064 1186 4148 miserabiliter
1214 4062 1523 4150 conturbamus.
1555 4065 1866 4176 propterquod
1894 4069 1940 4178 jn

60 4243 64 4246 -
141 4180 307 4262 nomine
348 4178 477 4287 patris
518 4172 661 4284 &filij
688 4177 921 4285 &spiritus
948 4177 1230 4258 sanctiameu.
1286 4177 1494 4255 Jneertum
1521 4178 1677 4258 cunctis
1699 4177 1939 4266 mortalibus

140 4293 225 4373 vite
267 4291 485 4372 terminum
525 4302 636 4371 certa
678 4284 869 4370 uolentes·
890 4291 931 4368 &
957 4290 1002 4370 in
1029 4302 1168 4375 coacta
1197 4283 1493 4371 deliberacione
1524 4288 1749 4396 preuenire.
1779 4290 1859 4374 tale
1887 4291 1939 4376 de

141 4403 264 4484 Bonis
291 4429 315 4480 a
344 4397 422 4482 deo
450 4398 605 4483 collatis
633 4396 846 4482 condimus
874 4413 1170 4482 testamentum.
1227 4397 1415 4478 Claustro
1443 4393 1615 4480 fratrum
1658 4401 1780 4509 grisei
1827 4400 1939 4484 ordi·
1978 4505 1980 4510 Α

140 4516 215 4596 nis.
257 4509 309 4592 de
351 4538 460 4594 noua
494 4511 602 4593 ualle
635 4509 717 4590 ¹ubi
753 4511 1069 4621 &sepulturam
1097 4510 1281 4620 eligimus
1309 4525 1524 4591 uteorum
1558 4508 1763 4621 suffragiis
1807 4539 1937 4624 usque

141 4621 195 4706 ad
222 4623 484 4704 nouissimum
511 4627 677 4703 examen
706 4621 862 4712 cunctis
890 4622 1129 4706 mortalibus
1156 4621 1374 4702 terrificum
1403 4622 1522 4703 nimis
1563 4622 1689 4731 potiri
1718 4622 1933 4706 ualeamus.

141 4738 307 4817 terciam
327 4749 486 4842 partem
512 4732 610 4814 uille
642 4759 723 4844 que
750 4748 923 4816 uocatur
951 4734 1053 4816 Beth
1081 4732 1125 4813 in
1153 4730 1390 4814 moaheratb
1417 4760 1499 4844 que
1527 4749 1588 4814 est
1615 4735 1820 4843 porcionis
1860 4765 1936 4818 no·

140 4862 224 4928 stre
252 4844 394 4927 damus
421 4845 465 4925 in
492 4861 727 4926 nostrorum
753 4846 1028 4928 remissionem
1056 4859 1328 4953 peccatorum.
1383 4846 1536 4924 Verum
1565 4847 1661 4957 qnia
1702 4847 1818 4928 iuxta
1864 4876 1935 4930 au·
2003 4927 2007 4935 ,

140 4957 349 5069 gustinum
378 4953 554 5040 Difficile
589 4952 650 5037 est
677 4955 977 5042 multitudinem
1005 4983 1090 5038 non
1119 4955 1315 5039 exaudiri.
1358 4959 1399 5037 &
1427 4956 1542 5037 iuxta
1569 4955 1815 5038 salomonem
1836 4957 1935 5040 Bea-

31 5171 38 5178 ι
141 5086 208 5153 tus
249 5067 320 5181 qui
363 5068 534 5152 seminat
574 5095 697 5182 super
740 5095 880 5159 omnes
922 5097 1049 5186 aquas
1076 5095 1158 5182 que
1182 5082 1279 5152 sunt
1307 5068 1447 5182 utique
1463 5095 1675 5180 pauperos
1709 5067 1848 5151 alnisti
1885 5087 1934 5152 nt

273 5209 463 5284 saroam.
859 5297 866 5308 .
1202 5273 1206 5280 ,
1699 5175 1749 5280 93
1891 5299 1896 5306 ¹
