4368 5950
980 341 1045 450 ..—
1154 373 1232 455 232
1343 417 1401 438 -

298 590 466 676 salutari
492 589 643 672 Christi
668 590 833 674 seruitio
861 618 959 702 gens
987 608 1071 672 tam
1098 592 1328 675 Christiana
1354 619 1397 674 se
1426 592 1649 676 subtrahat.
1678 591 1796 676 Absit
1821 611 1866 678 vt
1901 624 1979 708 quae
1997 628 2057 709 pro

301 705 475 800 Domino
503 703 698 784 hactenus
726 731 850 787 onera
878 703 1003 784 multa
1032 707 1239 812 sustinuit,
1268 706 1311 784 in
1340 705 1537 814 peculiari
1551 704 1661 788 bello
1690 707 1765 787 Dei
1787 705 1859 787 lilii
1872 709 1991 790 soluat
2002 717 2059 795 ni·

223 913 225 922 Ι
297 815 395 895 litiae
422 813 649 924 cingulum,
679 842 790 895 arma
817 813 1024 925 relinquat
1051 815 1250 924 rubigini,
1280 815 1457 900 animum
1472 816 1592 927 neget
1611 817 1809 914 victoria,
1836 847 1923 899 cum
1938 847 2062 904 corona

297 952 384 1008 non
412 925 515 1006 desit
549 925 773 1010 victoribus
815 955 890 1035 per
932 927 1103 1036 gratiam
1131 935 1170 1007 8(
1199 927 1386 1008 meritum
1415 929 1693 1037 inpraesenti,
1736 947 1837 1038 perv·
1856 929 2010 1038 gloriam
2033 941 2063 1015 81

295 1039 505 1146 praemium
533 1038 577 1117 in
605 1035 755 1119 futuro.
784 1039 890 1118 Hinc
919 1037 1119 1148 estquod
1156 1038 1444 1119 Excellentiam
1467 1056 1598 1120 tuam
1642 1037 1863 1120 affectuose
1903 1069 2064 1149 rogamus

296 1148 552 1233 serenissime
580 1149 753 1256 Regum,
781 1155 823 1229 8(
851 1165 942 1231 ate
972 1149 1169 1230 instanter
1195 1149 1447 1258 exposuimus
1476 1151 1812 1234 Christianissime
1840 1154 2064 1262 Principum,

296 1260 555 1342 obsecrantes
583 1289 657 1369 per
685 1262 842 1342 Patrem
871 1267 910 1340 8(
941 1261 1086 1342 Filium
1115 1265 1154 1340 8(
1182 1260 1381 1368 Spiritum
1409 1263 1612 1356 Sanctum,
1642 1291 1714 1371 per
1737 1264 1968 1371 sanguinem
1993 1265 2066 1344 lesu

296 1370 466 1466 Christi,
494 1389 541 1452 vt
568 1398 741 1480 exurgat
764 1372 812 1450 'in
841 1369 1086 1452 adiutorium
1115 1370 1268 1451 Christi
1296 1373 1374 1468 tui,
1432 1375 1475 1453 ui
1502 1373 1804 1483 quodammodo
1832 1374 1875 1453 in
1896 1402 1937 1454 se
1951 1375 2065 1482 prodi·

294 1508 371 1591 gus
400 1487 439 1562 8(
466 1507 612 1588 parcus
640 1483 682 1562 in
710 1485 855 1578 seroie,
885 1483 1097 1591 temporali
1126 1485 1247 1563 morti
1274 1511 1316 1562 se
1345 1401 1532 1582 tradidit,
1561 1501 1605 1566 vt
1633 1502 1674 1565 te
1703 1514 1727 1564 a
1756 1483 1940 1566 faucibus
1980 1513 2067 1566 mor·

295 1593 348 1672 tis
375 1594 550 1702 eriperet
578 1594 843 1702 sempiternae.
882 1595 1078 1703 ‚Exurgas
1108 1599 1147 1674 8(
1176 1593 1321 1674 liberes
1363 1610 1510 1675 terram
1554 1598 1774 1692 Sanctam,
1802 1595 1914 1678 illam
1939 1596 1979 1674 in
2003 1625 2067 1706 qua

295 1705 462 1787 salutem
490 1701 656 1784 humani
685 1705 842 1812 generis
872 1722 1064 1813 operatus
1093 1721 1161 1786 est
1181 1704 1447 1812 personaliter
1476 1709 1560 1815 ipse
1590 1706 1798 1804 Saluator;
1829 1709 2005 1813 Exurgas
2029 1705 2069 1786 ad

295 1817 582 1899 contritionem
611 1815 786 1902 nationis
815 1843 954 1926 prauae
983 1833 1023 1896 at
1056 1843 1105 1898 ue
1146 1841 1364 1925 peruersae,
1407 1845 1499 1927 quae
1526 1818 1677 1899 ubisit
1705 1819 1812 1898 Deus
1842 1817 2070 1898 Christiano-

293 1954 385 2012 rum
414 1928 684 2036 improperat,
713 1932 753 2007 8(
781 1928 918 2007 multis
946 1846 1113 2008 insuitat
1142 1925 1379 2036 opprobriis
1406 1929 1563 2008 nomini
1592 1929 1832 2012 Christiano.
1863 1929 1915 2008 Et
1928 1928 2069 2039 quidem

293 2036 423 2122 illatas
451 2036 626 2120 subditis
654 2039 735 2119 tuis
763 2036 940 2122 offensas
968 2039 1186 2134 ulcisceris,
1215 2044 1256 2118 8(
1283 2038 1360 2118 Dei
1388 2039 1450 2120 tui
1478 2068 1562 2120 non
1590 2040 1814 2122 vindicabis
1828 2041 1994 2122 iniurias
2006 2057 2070 2120 tam

293 2147 475 2234 amoses?
510 2147 575 2231 Ad
602 2147 857 2232 haereditates
893 2165 1058 2230 tuorum
1093 2175 1235 2230 manus
1270 2149 1504 2230 inuasurum
1539 2145 1703 2232 extendi
1740 2180 1825 2233 non
1856 2149 2103 2260 ρ21ε111,8(’

295 2261 459 2369 patieris
498 2258 743 2341 haereditatis
771 2263 992 2342 Dominicae
1021 2277 1139 2342 tanto
1168 2278 1351 2369 tempore
1385 2259 1626 2344 detentores.
1663 2264 1743 2344 ·Ne
1781 2261 1907 2369 igitur
1935 2263 1976 2342 in
2003 2261 2072 2340 Deo

292 2371 517 2479 periculose
546 2369 768 2458 dissimules
795 2372 909 2482 quod
937 2375 1042 2452 iuste
1070 2402 1155 2454 non
1183 2371 1376 2454 tolerares
1403 2373 1446 2451 in
1474 2372 1655 2470 homine,
1690 2389 1852 2482 pungat.
1877 2401 1948 2453 cor
1974 2388 2072 2451 tuum

293 2483 355 2568 tui
384 2483 627 2568 contumelia
657 2485 878 2566 Creatoris:
907 2484 1103 2565 accendat
1132 2501 1172 2565 te
1202 2483 1319 2566 Zelus
1347 2481 1442 2562 fidei
1471 2484 1726 2579 Christianae,
1762 2500 1807 2562 vt
1835 2483 1895 2563 sic
1924 2486 1966 2564 in
1993 2481 2073 2580 lorti

155 2587 165 2620 ⁸
279 2609 416 2675 manu
445 2601 484 2675 8(
512 2610 679 2676 extento
702 2593 871 2676 brachio
899 2610 1017 2674 terroe
1045 2611 1277 2678 memoratae
1319 2581 1553 2705 subuenias,
1576 2592 1710 2705 'quod
1739 2596 1949 2679 insinuato
1976 2592 2074 2673 nobis

293 2705 576 2788 subuentionis
603 2722 682 2786 tuae
710 2705 923 2814 proposito
952 2721 1046 2790 ante
1075 2705 1216 2788 faciem
1245 2703 1415 2787 aliorum
1444 2721 1485 2786 te
1501 2705 1720 2791 -fruetuose
1740 2716 1943 2814 ponamus
1959 2729 2073 2788 exem·

292 2816 402 2926 plar,
432 2817 476 2915 in
503 2819 583 2896 tuis
611 2817 800 2898 laudibus
828 2817 1066 2926 gloriantes,
1096 2817 1254 2928 tibique
1289 2833 1489 2899 accrescat
1523 2817 1708 2897 cumulus
1743 2817 1981 2900 meritorum
2007 2823 2077 2893 non

295 2928 425 3010 solum
454 2954 503 3008 ex
532 2925 582 3034 ijs
610 2955 701 3037 quse
730 2927 871 3010 feceris
900 2956 974 3038 per
1002 2930 1192 3039 teipsum,
1222 2925 1292 3008 sed
1320 2955 1371 3007 ex
1399 2928 1490 3036 alijs
1518 2930 1637 3008 etiam
1653 2957 1744 3037 quae
1763 2927 1862 3008 faeti
1893 2929 1956 3008 tui
1983 2924 2075 3009 simle

295 3039 481 3165 1111111111(ο
496 3039 805 3149 subsequantur.
831 3043 980 3125 Datum
994 3041 1185 3123 Laterani
1214 3041 1286 3120 ΙΙΙ.
1311 3037 1408 3127 Idus
1430 3039 1558 3160 April,
1585 3039 1847 3126 Pontificatus
1877 3039 2006 3126 nostri
2020 3062 2078 3121 ans

294 3177 354 3258 nnw
378 3165 558 3267 septimo,
1468 3157 1472 3166 ’
1507 3215 1513 3226 ,
1907 3183 1911 3189 ’

299 3585 430 3660 220.
941 3567 1094 3680 1224
1142 3548 1191 3655 d.
1247 3589 1309 3656 11
1360 3549 1468 3658 lan.
1745 3685 1749 3694 ι
1856 3549 2086 3658 Lateran..

374 3769 1311 3855 1111.Ηο1ο11111112111111111131111181111111-1181(
1334 3769 1783 3832 hronusochBisk.Perss
1816 3771 1826 3829 i
1862 3767 2000 3832 Roskild
2029 3774 2081 3838 att,

424 3856 516 3918 sedan
537 3856 596 3917 den
618 3854 668 3917 till
690 3853 900 3939 h'rlse-Biskop
921 3855 1016 3918 ualde
1037 3857 1139 3918 Persa
1160 3855 1307 3918 Ssussort
1328 3852 1572 3935 blisvirinvigd,
1594 3852 1786 3914 diverlemna
1809 3850 1929 3914 bouom
1952 3850 2079 3914 Pellitur

425 3949 504 4004 1111111
525 3949 662 4020 mottagc
683 3939 759 4004 haus
780 3938 840 4006 Ed.

1546 4018 1578 4080 Ρ.
1598 4015 1681 4087 1:67.
1701 4017 1754 4070 An
1774 4015 1798 4069 8.
1819 4013 1872 4088 Ep.
1897 4031 1960 4084 ¹7²·

456 4157 657 4240 Honorius
685 4156 904 4266 Episcopus
932 4155 1086 4236 Seruus
1115 4153 1335 4234 Servorum
1364 4155 1454 4232 Dei.
1481 4153 1688 4256 Magistro
1717 4156 1767 4232 A.
1784 4153 2084 4262 Archiepiscopo

486 4267 687 4378 quondum
714 4269 927 4364 medensi,
960 4287 998 4349 et
1027 4268 1074 4347 P.
1103 4263 1297 4376 Episcopo
1328 4265 1581 4346 Ilosltildcnsr'.
1640 4265 1817 4344 Salutem
1845 4267 1924 4344 Sto.

344 4475 345 4478 ,
457 4413 615 4492 Dilecto
644 4410 726 4489 filio
751 4410 958 4493 [lundensi
986 4409 1127 4490 Electo
1156 4437 1229 4517 per
1258 4406 1429 4488 dilectos
1457 4404 1561 4486 filios
1603 4405 1838 4512 Magistrum
1867 4395 2083 4492 Alberunr,

175 4572 177 4581 ,
289 4539 330 4604 et
359 4523 560 4604 Andrearh
590 4521 863 4602 Presbiterum
891 4523 1094 4602 mittentes
1123 4519 1301 4629 palleum
1359 4517 1442 4599 uod
1457 4532 1517 4598 est
1531 4514 1655 4597 oflicii
1670 4515 1917 4625 pontificalis
1936 4517 2084 4622 insigne

289 4660 363 4742 per
391 4659 463 4710 vos
495 4635 571 4740 ipsi
605 4662 698 4712 cum
727 4650 984 4714 consecratus
1012 4632 1136 4713 fuerit
1161 4548 1444 4727 tribuendum,
1473 4629 1736 4708 Fraternitati
1750 4646 1882 4708 vestre
1900 4657 1982 4736 per
1998 4649 2084 4733 apc-

290 4742 430 4824 stoliea
458 4748 604 4851 scripta
635 4742 870 4824 mandamus
899 4760 1096 4854 quatenus
1125 4743 1240 4852 juxta
1283 4740 1470 4852 formam,
1518 4769 1639 4852 quam
1673 4740 1749 4820 sub
1794 4740 1914 4821 Bulla
1953 4753 2084 4819 nostro

290 4849 519 4962 dirigimus,
548 4853 649 4935 illud
678 4885 769 4937 cum
799 4884 944 4938 munus
973 4857 1285 4938 consecrationis
1313 4853 1512 4965 acceperit
1533 4853 1722 4935 tribuatis
1736 4847 1887 5040 elidem,
1922 4870 1965 4933 et
1995 4845 2085 4929 fide-

1773 4963 1882 5042 itatis
