4362 5946
838 511 897 538 ι·-
1006 471 1085 552 325
1192 504 1286 551 -κ

164 651 353 812 3'503-
431 693 498 770 ff
657 774 660 780 -
751 698 1301 843 ,·1t³47··d.«5·Dcc.=
1431 750 1436 760 *
1630 696 1943 845 Skenninge'.

238 919 489 1002 protegam,
511 919 590 982 Bisk.
612 914 1365 1000 Wrmmrsal'sebinadppuaBrefanglendc
1390 913 1562 996 fodasur-s
1582 913 1655 978 ellat
1685 918 1735 978 fo‘r
1756 918 1845 996 dem,
1876 891 1945 982 sors
1989 949 1992 958 ⁴
2046 963 2051 982 ,

291 1005 363 1064 med
383 1004 494 1083 gdsvor
515 1004 562 1065 till
582 999 741 1084 byggnad,
763 998 896 1078 biicker,
927 999 1123 1084 kyrloskrud
1145 1000 1221 1064 eller
1247 998 1399 1064 lifsruedel
1439 997 1644 1062 undecunde
1675 1000 1945 1065 Procnen-Bre-

290 1086 386 1158 derua
405 1087 417 1145 i
439 1085 574 1166 Sigtuua.

703 1245 707 1254 Ι
1606 1161 1644 1218 D.
1661 1163 1689 1218 lt.
1705 1179 1735 1218 aa
1752 1166 1811 1234 ³¹9·

324 1303 576 1380 Wrmumrus
593 1307 664 1380 &c
680 1303 761 1380 fila
773 1301 863 1379 med
875 1299 956 1381 Ν.·ο
974 1301 1050 1382 352
1066 1304 1130 1381 till
1147 1302 1269 1382 vitam
1284 1314 1481 1380 aeternam.
1510 1299 1612 1379 Cum
1626 1299 1752 1408 igitur
1768 1300 1945 1408 religiosi

156 1415 236 1493 viri
250 1410 393 1490 fratres
410 1410 719 1519 praedicatorum
735 1407 785 1489 de
801 1411 1010 1491 Sichtunia
1027 1411 1255 1517 Upsalensis
1270 1409 1450 1490 dioecesis
1467 1429 1634 1518 propter
1654 1408 1863 1490 dominum
1878 1413 1943 1490 lc·

129 1529 246 1602 'sum
273 1522 478 1600 Christum
507 1536 693 1601 extremae
721 1519 852 1600 ferant
881 1523 1073 1602 sarcinam
1104 1523 1371 1628 paupertatis,
1414 1539 1582 1628 propter
1617 1517 1729 1628 quod
1757 1537 1841 1599 tam
1867 1549 1944 1628 pro

157 1633 332 1714 aedificiis
360 1649 401 1710 et
430 1631 544 1711 [ibris
573 1661 619 1711 ao
648 1632 822 1712 ecclesiae
851 1633 1117 1726 ornamentis,
1153 1661 1276 1740 quam
1310 1632 1429 1711 etiam
1460 1661 1536 1738 pro
1564 1634 1853 1711 sustentatione
1881 1659 1945 1712 ar·
2010 1642 2019 1662 ⁴

156 1761 231 1825 ctae
259 1743 350 1822 vitre
380 1769 536 1838 eorum,
567 1743 647 1821 suis
676 1742 909 1850 indigentiis
938 1743 1152 1822 subvenire
1183 1757 1409 1852 nequeunt,
1439 1744 1516 1822 nisi
1545 1741 1658 1849 juvet
1679 1767 1748 1820 eos
1776 1741 1945 1823 fidelitas

157 1853 414 1949 devotorum,
444 1854 742 1932 universitatem
771 1869 945 1930 vestram
975 1879 1162 1959 rogamus
1193 1869 1234 1932 et
1263 1880 1471 1931 monemus
1487 1868 1659 1947 attente,
1688 1851 1731 1930 in
1747 1853 1944 1931 remissio·

154 1993 249 2046 nem
264 1965 541 2072 peccaminum
569 1962 685 2042 vobis
713 1961 988 2072 injungentes,
1017 1965 1207 2073 quatinus
1242 1962 1292 2043 de
1320 1963 1439 2044 bonis
1477 1963 1631 2042 collatis
1659 1963 1777 2043 vobis
1805 1988 1829 2038 a
1859 1962 1945 2042 Deo

154 2077 327 2184 piaseis
356 2074 629 2179 eleemosynas
662 2072 824 2154 adhaec
858 2090 897 2152 et
927 2089 1040 2180 grata
1076 2074 1253 2152 caritatis
1295 2071 1472 2153 subsidia
1514 2073 1704 2180 erogetis,
1747 2071 1803 2151 ite
1833 2071 1946 2181 quod

154 2187 235 2294 ipsi
263 2186 404 2263 vestris
432 2183 618 2265 subsidiis
646 2184 876 2280 sustentati,
906 2182 1072 2291 liberius
1102 2185 1259 2264 valeant
1288 2181 1673 2276 dominofamulari,
1703 2197 1744 2261 et
1772 2209 1844 2260 vos
1872 2211 1946 2291 per

154 2297 240 2374 haec
269 2311 309 2374 et
338 2296 412 2373 alia
442 2294 548 2374 bona
578 2322 667 2402 quae
695 2293 858 2374 domino
888 2291 1064 2386 feceritis,
1089 2295 1329 2404 inspirante,
1366 2291 1418 2373 ad
1448 2292 1593 2400 gaudia
1623 2293 1865 2401 perveniatis
1894 2321 1945 2371 ae·

155 2425 283 2486 terna.
319 2407 402 2485 Nos
433 2405 538 2485 enim
566 2404 616 2484 de
645 2403 931 2511 omnipotentis
960 2403 1024 2483 dei
1054 2405 1325 2485 misericordia
1353 2419 1393 2482 et
1421 2405 1631 2485 beatorum
1647 2403 1753 2482 Petri
1775 2419 1815 2481 et
1831 2403 1946 2484 Pauli

153 2517 444 2624 Apostolorum
473 2512 561 2621 ejus
589 2516 827 2593 auctoritate
856 2515 994 2594 conlisi
1023 2516 1209 2596 omnibus
1238 2543 1331 2598 vere
1352 2513 1643 2624 poenitentibus
1671 2527 1712 2590 ct
1741 2511 1944 2612 confessis,

154 2629 228 2738 qui
256 2626 375 2706 dictis
403 2623 596 2706 fratribus
629 2643 792 2703 manum
823 2626 1081 2732 porrexerint
1108 2626 1305 2723 caritatis,
1333 2623 1602 2733 quadraginta
1631 2622 1715 2704 dies
1730 2622 1794 2702 vel
1823 2651 1944 2705 unam
2146 2712 2152 2728 „

155 2765 343 2841 carenam
359 2735 413 2844 de*¹
423 2737 464 2815 in
467 2735 607 2843 juncta
622 2735 698 2814 sibi
714 2736 947 2844 poenitentia
964 2734 1276 2820 misericorditer
1305 2735 1537 2818 relaxamus.
1566 2736 1713 2815 Datum
1730 2732 1942 2842 Schening.
2071 2790 2078 2810 1

154 2849 260 2969 Nom
289 2844 522 2928 Decembris
549 2844 808 2927 Pontificatus
837 2844 991 2927 domini
1020 2848 1241 2931 Innocentii
1270 2850 1343 2928 ΡΡ.
1373 2846 1441 2928 IV.
1470 2849 1591 2926 Anno
1619 2844 1777 2958 quinto.

961 2987 1132 3108 Μ)

160 3386 294 3490 351.
775 3404 882 3514 124
894 3427 922 3526 7
972 3385 1019 3511 d.
1076 3425 1140 3492 12
1190 3387 1311 3491 Dec.
1631 3383 1942 3532 Skenningc.

238 3599 315 3664 Pell.
337 3589 487 3680 Leg‘aten,
509 3600 588 3661 Bisl.
610 3571 776 3663 Wuumus
799 3605 836 3663 af
852 3577 966 3666 Sabinu
988 3603 1124 3666 tillsttnd
1146 3605 1195 3666 fo'r
1216 3604 1347 3667 Prior-eu
1379 3601 1440 3663 och
1470 3602 1817 3668 Predilare-Briidema
1839 3609 1850 3666 i
1871 3605 1942 3688 Sig-

286 3693 361 3742 tuna
376 3693 485 3826 gater
506 3673 588 3768 gang
608 3702 658 3744 om
682 3681 780 3766 dagen
801 3685 945 3748 meddela
965 3687 1005 3750 de
1025 3686 1218 3768 bodan-diga,
1238 3707 1306 3748 som
1326 3680 1432 3747 albiirt
1453 3683 1542 3748 deras
1563 3686 1801 3770 predilningar‚
1822 3709 1862 3750 ao
1883 3688 1943 3750 da-

286 3785 357 3846 gers

1561 3965 1565 3973 .
1598 3883 1807 3944 mearam.

320 4017 572 4096 Wmnmuus
603 4016 857 4097 miseratione
886 4013 1022 4098 div'ina
1051 4017 1279 4102 Sebinensis
1293 4019 1533 4126 Episcopus,
1562 4016 1804 4125 Apostolicae
1826 4015 1962 4098 Sedis.

147 4125 325 4232 legatus
354 4127 442 4204 viro
470 4125 658 4232 religioso
687 4127 816 4208 Priori
852 4125 1017 4208 Ordinis
1052 4128 1352 4210 Predicatorum
1396 4124 1446 4206 de
1488 4127 1665 4207 Sictunia
1713 4123 1939 4232 Upselensis

150 4232 333 4318 dioecesis
361 4233 531 4316 salutem
559 4237 603 4316 iu
632 4240 793 4318 nomine
822 4239 916 4317 lesu
945 4238 1347 4347 Christifiupientes
1378 4263 1451 4316 vos
1478 4253 1519 4317 et
1546 4234 1729 4318 ordinem
1762 4253 1938 4318 vestrum

151 4344 290 4428 favore
304 4373 460 4451 semper
476 4348 668 4454 prosequi
682 4347 820 4454 gratiae
848 4349 1048 4453 specialis,
1075 4348 1193 4428 vobis
1221 4366 1262 4428 et
1290 4345 1480 4438 fratribus
1513 4343 1655 4426 domus
1683 4362 1835 4440 vestrae,
1863 4349 1937 4455 qui

149 4473 248 4536 sum
262 4454 555 4644 praedicationis
569 4455 716 4538 'officio
746 4456 946 4564 deputati,
979 4474 1025 4537 ut
1054 4458 1213 4565 possitis
1242 4459 1303 4542 his
1331 4457 1404 4567 qui
1432 4453 1779 4566 predicationibus
1793 4458 1936 4537 vestris

152 4568 261 4650 inter
280 4567 432 4662 uerint,
461 4594 513 4647 ao
541 4565 626 4646 dies
655 4565 705 4648 de
734 4567 929 4674 injunctis
969 4565 1048 4649 sibi
1074 4569 1320 4676 poenitentiis
1362 4565 1412 4647 de
1453 4568 1599 4676 quibus
1641 4567 1837 4646 veraciter
1865 4593 1937 4648 ore
2010 4629 2014 4636 ,

151 4675 324 4760 confessi
353 4691 392 4756 et
420 4675 542 4757 corde
570 4679 734 4760 contriti
761 4677 913 4760 fuerint
940 4678 1122 4758 relaxare
1150 4676 1270 4758 semel
1299 4679 1342 4758 in
1370 4673 1454 4774 die,
1483 4677 1719 4757 auctoritate
1733 4703 1814 4782 qua
1841 4675 1935 4756 fuu-
1967 4734 1970 4746 .

148 4788 302 4897 gimur,
330 4785 587 4874 concedimus
614 4787 856 4870 facultatem.
884 4789 973 4868 Dat.
1004 4787 1217 4894 Schening.
1245 4789 1285 4870 11
1317 4785 1413 4872 Idus
1446 4787 1693 4884 Decembris,
1721 4785 1955 4897 Pontifica-¹

150 4914 220 4982 tus
244 4895 399 4980 domiui
426 4898 652 4982 nnoeentii
678 4899 798 5008 Papo
823 4899 882 4980 IV
882 4958 893 4982 .
920 4900 1042 4982 Anno
1068 4898 1224 5008 quinto.

974 5036 1036 5149 o·
1064 5039 1121 5150 s.)
