4384 5946
846 423 909 451 ..a
1020 383 1069 500 χ’]
1181 427 1238 452 .-

144 637 227 730 1l.
352 595 355 602 Δ
594 613 598 620 ’
914 617 1158 768 ⁴(895).

209 845 304 909 Ptrv.
328 845 467 907 Fonuosr
490 840 697 912 fo'rordnande
719 850 765 902 att
785 839 918 910 Bremcn
939 843 1020 909 sksll
1041 843 1144 926 laggai
1163 839 1265 905 under
1284 843 1377 913 Ciilns
1395 837 1586 908 lete-msto
1645 825 1731 924 lime,
1756 853 1811 909 nttr
1831 843 1938 912 Clark

259 927 442 993 stendomen
462 927 571 994 blifrit
592 927 625 994 sa
647 924 803 1008 utvidgad
825 935 873 988 att
892 923 1145 1016 irie-Bislopen
1168 929 1179 990 i
1202 926 1367 1010 neuburg
1387 926 1570 991 maeandra
1604 928 1826 1018 pti-blslopar.

298 1079 512 1159 Fonuosus
542 1077 575 1158 E
606 1074 767 1187 iscopus
785 1071 817 1188 5)
837 1072 999 1156 'Servus
1024 1103 1232 1160 servorum
1251 1131 1257 1140 ·
1276 1077 1376 1174 Dei,
1419 1069 1748 1161 reverendissimo
1778 1086 1819 1161 8(
1846 1107 1938 1164 san·

133 1190 308 1275 ctissimo
331 1185 447 1269 fratri
464 1187 499 1301 ⁶)
528 1104 746 1294 Adalgario
775 1187 1090 1300 Arcbiepiscopo
1119 1189 1415 1298 Hamburgensi
1447 1183 1480 1301 7)
1511 1189 1676 1268 salutem
1705 1185 1939 1300 &Aposto
2063 1273 2068 1282 ,

135 1307 249 1386 licam
275 1298 595 1385 benedictionem
610 1296 656 1409 ⁸).
702 1299 958 1384 Arbitramur
986 1320 1096 1383 tuam
1125 1301 1443 1398 sanctimoniam,
1464 1317 1590 1408 prout
1613 1298 1836 1410 injunctum
1851 1303 1939 1385 fue·
1973 1292 1979 1303 “
2026 1327 2029 1336 ’

133 1434 213 1514 rat,
246 1409 297 1494 ad
321 1411 595 1523 Apostolicam
624 1407 757 1491 sedem
786 1409 991 1508 festinare,
1020 1431 1219 1525 quatenus
1260 1409 1520 1521 disceptatio,
1548 1439 1639 1522 quaa
1665 1412 1772 1494 inter'
1812 1430 1853 1496 tc
1896 1417 1938 1497 8(

138 1528 412 1618 Hermannum
441 1520 677 1631 Agrippinae
705 1521 884 1603 Coloniae
912 1525 1288 1608 reverendissimum
1317 1525 1677 1632 Archiepiscopum
1721 1523 1940 1606 ventilatur

49 1660 56 1679 ¹
133 1637 185 1720 de
213 1635 416 1716 Bremensi
445 1633 652 1727 Ecclesiae,
681 1632 799 1712 linem
829 1636 1065 1742 perciperet.
1122 1634 1203 1717 Sed
1236 1663 1285 1715 eo
1304 1632 1339 1746 ⁹)
1369 1663 1443 1744 per
1467 1635 1636 1716 vicarios
1653 1632 1700 1746 ¹⁰)
1716 1637 1940 1732 insistente,

133 1755 174 1830 8(
205 1748 488 1858 quaerimonias
505 1742 553 1933 ¹3
582 1742 890 1851 multiplicante,
919 1773 993 1824 cur
1021 1764 1131 1827 tuam
1159 1775 1243 1826 non
1272 1746 1493 1836 exhibuero
1515 1747 1786 1858 presentiam,
1801 1747 1942 1828 saltem

134 1886 208 1972 per
236 1857 486 1944 defensorem
554 1853 731 1951 icarium,
762 1883 846 1936 non
873 1853 1076 1937 modicum
1091 1861 1294 1940 miramur.
1353 1858 1401 1936 ln
1415 1885 1500 1967 quo
1515 1859 1709 1966 suspicari
1728 1855 1777 1970 ¹²)
1794 1857 1943 1938 milini-
1999 1949 2004 1966 Ι

135 1991 204 2052 tur
229 1993 505 2082 summopere,
533 1968 834 2050 contentionem
863 1993 947 2048 non
974 1967 1106 2065 odire,
1133 1971 1208 2079 qui
1234 1966 1373 2076 judicii
1397 1969 1622 2076 aequitatem
1649 1988 1819 2075 conatur
1846 1968 1945 2048 sub·

134 2080 349 2189 terfugcre.
404 2078 629 2178 Praesertim
657 2106 748 2157 cum
777 2077 1065 2184 &Mogontia
1094 2079 1363 2164 sanctissimus
1391 2079 1749 2186 Archiepiscopus,
1788 2079 1855 2160 cui
1892 2077 1944 2159 de

136 2195 212 2274 hac
239 2220 304 2289 re,
331 2208 379 2278 ut
406 2189 613 2274 veritatem
642 2189 876 2298 inquireret,
905 2217 978 2297 per
1007 2189 1229 2274 confratres
1258 2197 1298 2271 8(
1311 2189 1614 2271 conlimitaneos
1630 2191 1865 2299 Episcopos,
1882 2191 1946 2270 in·

137 2305 321 2414 finctum
350 2301 498 2395 fuerat,
528 2297 579 2380 ad
608 2327 682 2379 nos
712 2300 890 2381 scribens
919 2304 1219 2410 significaverit:
1248 2301 1447 2412 quatenus
1475 2301 1728 2382 venientibus
1760 2327 1951 2382 reveren·

135 2413 310 2502 dissimis
339 2404 548 2521 Episcopis
577 2407 627 2492 ad
657 2409 955 2510 Frankenford,
984 2413 1137 2494 dehac
1166 2406 1303 2496 cadem
1332 2441 1375 2494 re
1404 2409 1704 2519 diligentissime
1733 2409 1836 2494 facta
1861 2411 1947 2492 fue-

4 2579 5 2582 *
138 2529 192 2609 rit
219 2525 430 2637 inquisitio
458 2549 679 2632 omnesque
707 2522 921 2624 dioecesani
949 2523 1128 2633 ejusdem
1156 2523 1407 2608 Coloniensis
1437 2524 1648 2632 Episcopi:
1687 2523 1843 2604 Franco
1886 2524 1950 2625 ui·¹

140 2639 287 2721 delicet
322 2634 589 2742 TungrensiS,
633 2634 895 2721 Vodebaldus
931 2635 1216 2744 Trajectensis,
1258 2635 1505 2717 Wolselmus
1542 2629 1951 2742 Mimigardever'den-
1991 2693 1993 2707 .

3 2775 4 2784 ¹
139 2753 194 2854 sis
225 2747 286 2862 ¹³),
316 2751 459 2854 Drugo
490 2743 537 2856 ¹4)
566 2743 784 2827 Mindensis
815 2743 876 2858 ¹⁵),
906 2747 1140 2856 Egclmarus
1170 2747 1218 2938 Ι”)
1248 2748 1590 2854 OsnabrugensiS,
1608 2745 1685 2827 snb
1701 2746 1951 2827 testificatio·

143 2866 206 2943 nis
220 2877 440 2971 praetextu,
469 2856 665 2939 testificati
694 2876 807 2956 sunt,
837 2883 966 2970 usque
994 2858 1046 2964 ad
1074 2877 1114 2940 te
1142 2887 1199 2939 nu
1216 2858 1298 2941 lum
1328 2859 1552 2941 Bretuensis
1582 2856 1768 2937 Ecclesiae
1796 2859 1953 2938 Praesu-

145 2976 225 3059 lem
256 2969 418 3052 modum
447 2968 706 3077 subjectionis
736 2969 966 3050 Coloniensi
995 2972 1162 3051 antistiti
1195 2972 1498 3078 contempsisse,
1528 2967 1600 3049 sed
1645 2995 1803 3078 semper
1845 2995 1952 3078 prae·

144 3085 371 3170 decessores
407 3095 450 3177 ¹7,
482 3075 529 3192 18)
558 3097 650 3161 tuos
680 3077 747 3194 Ι9),
777 3083 848 3188 qui
876 3080 1004 3164 eidem
1020 3083 1222 3163 Bremensi
1237 3082 1422 3166 Ecclesiae
1438 3077 1706 3190 praefuerunt,
1722 3079 1954 3188 atempori-

143 3198 219 3279 bus
248 3224 331 3276 suoe
359 3192 686 3286 Christianitatis,
724 3190 812 3272 sedi
830 3191 1061 3274 Coloniensi
1075 3191 1196 3275 fuisse
1208 3192 1422 3302 subjectos.
1452 3193 1615 3287 Verum,
1630 3194 1726 3301 quia
1749 3205 1956 3272 tantorum

144 3311 328 3392 virorum
355 3305 628 3389 testimonium
662 3301 847 3383 frustrari
877 3334 962 3386 non
990 3304 1171 3414 expedit,
1201 3311 1240 3387 8(
1275 3302 1326 3385 ad
1356 3319 1550 3384 statutum
1578 3299 1764 3383 veniendi
1794 3319 1955 3410 tempus

4 3427 8 3442 '
143 3421 352 3514 festinare,
373 3413 437 3496 vel
466 3413 650 3522 delegare
680 3413 857 3522 legatum
887 3415 1100 3513 distulisti,
1129 3419 1230 3500 tanti
1258 3415 1451 3523 temporis
1479 3416 1770 3523 querimoniam
1801 3441 1848 3494 ac
1879 3411 1955 3493 Le·

144 3549 334 3643 gatorum
364 3541 614 3610 constantem
644 3527 875 3606 instantiam
898 3526 1012 3606 nihili
1029 3524 1278 3636 perpendere
1294 3527 1557 3610 inhumanum
1572 3524 1798 3606 videbatur.
1845 3516 1956 3626 Q'ua·

9 3675 16 3692 ·
145 3649 319 3752 propter
347 3639 509 3734 arctati,
538 3637 636 3717 hinc
666 3664 717 3715 ne
761 3635 1010 3718 Coloniensis
1055 3637 1230 3718 Ecclesia
1271 3636 1463 3745 justitiam
1509 3635 1713 3743 perderet,
1757 3632 1862 3730 inde,
1906 3645 1957 3710 ne

148 3750 468 3857 Hamburgcnsis
498 3748 674 3830 Ecclesia
704 3743 812 3856 (quae
840 3747 891 3829 ad
921 3747 1111 3830 Gentium
1140 3749 1391 3853 vocationem
1428 3749 1611 3828 instituta
1647 3744 1797 3856 fuerat)
1827 3741 1958 3824 snhsia·

146 3867 217 3951 dio
248 3862 440 3945 destituta
467 3857 681 3966 deficeret3·
703 3857 971 3968 dispensative
995 3863 1245 3958 censuimus,
1280 3865 1498 3970 quatenus,
1541 3856 1679 3967 quoad
1721 3863 1854 3965 usque'
1896 3850 1958 3934 di·
2082 3942 2088 3958 ἱ

146 3981 246 4064 cina
272 3971 520 4078 suffragante
546 3967 598 4080 ²⁰)
627 3971 755 4078 gratia
782 3969 946 4080 praefata
972 3984 1006 4022 ²¹
1054 3973 1368 4078 Hamburgensis
1395 3969 1572 4049 Ecclesia
1601 3967 1645 4048 in
1672 3985 1827 4048 tantum
1857 3961 1958 4047 dila-

153 4107 290 4184 tetur,
324 4102 372 4165 ut
400 4081 617 4190 Episcopia
644 4078 694 4192 ²²)
724 4083 930 4164 instituere
958 4100 1106 4182 vacat,
1133 4084 1213 4192 jam
1242 4098 1498 4176 memoratam
1526 4078 1742 4159 Ecclesiam
1771 4075 1959 4194 Bremen-

150 4230 234 4282 sem
265 4200 308 4278 in
332 4191 558 4278 subsidium
587 4189 743 4290 habeat,
772 4201 813 4276 8(
845 4195 1003 4302 quoties
1042 4196 1084 4273 in
1126 4196 1279 4302 magnis
1321 4198 1361 4274 8(
1400 4191 1713 4300 praenecessariis
1747 4187 1960 4293 >canonicis
2047 4249 2049 4267 .
2084 4281 2086 4286 ἢ

150 4311 324 4418 negotiis
350 4305 600 4414 oportuerit,
629 4330 713 4384 non
742 4304 990 4412 subjectione
1021 4305 1172 4414 aliqua,
1215 4303 1285 4384 sed
1323 4301 1469 4384 affectu
1508 4299 1695 4418 ¹fraternae
1737 4291 1959 4392 charitatis,

153 4416 473 4529 llamburgensis
503 4411 690 4496 Ecclesiae
719 4415 1077 4525 Archiepiscopus,
1106 4412 1196 4528 (qui
1211 4412 1401 4524 ejusdem
1432 4412 1651 4493 Bremensis
1680 4408 1868 4492 Ecclesia
1897 4433 1961 4488 re·

151 4597 432 4626 -ι--ΙΙ-

239 4660 270 4744 5,
293 4661 325 4742 6)
346 4659 427 4723 deest
448 4651 482 4720 ln
503 4657 583 4719 aliis.
626 4661 656 4740 7)
688 4657 991 4744 Hammaburgeusis.
1037 4683 1073 4743 7,
1094 4657 1125 4738 8)
1146 4659 1185 4723 al.
1207 4641 1326 4721 desum.
1368 4662 1400 4744 9)
1428 4660 1505 4801 ipso.
1564 4659 1610 4734 ro)
1647 4674 1717 4718 suos
1752 4633 1875 4715 addunt
1898 4649 1963 4722 dtr:

245 4752 295 4825 ιι)
316 4744 560 4827 querimoniam.
609 4747 656 4816 ta)
676 4741 841 4823 suspicare.
888 4745 934 4819 13)
955 4745 1292 4824 wofelmusMimiger
1306 4743 1428 4804 Malfur
1450 4761 1487 4803 en

241 4827 439 4895 midornensis
460 4817 497 4884 dt
517 4844 554 4885 ex
579 4835 679 4885 mente
700 4822 860 4888 Lambecii
885 4827 1003 4908 legend.
1024 4827 1238 4890 Mindonensis.
1285 4823 1332 4900 16)
1359 4823 1544 4906 Egilmarue
1596 4841 1633 4906 17
1656 4855 1697 4870 -
1722 4824 1770 4899 (8)
1781 4817 1964 4884 decessores·

245 4919 294 4998 ις)
313 4929 392 4972 mos.
436 4911 487 4987 ao)
506 4904 723 4988 suffragantia.
769 4913 820 4988 ar)
840 4907 1013 4993 prelibata.
1059 4915 1108 4990 aa)
1129 4908 1336 4997 Episcopiam.
1398 4979 1402 4986 ι
1758 4933 1762 4938 ’

300 5024 350 5078 sv.
368 5021 449 5092 υψι.
798 5089 805 5101 .
1807 4985 1829 5060 3

1489 4742 1536 4802 sis.
1585 4740 1785 4822 rdlnru‘ogo.
1841 4732 1963 4811 istru-
2011 4772 2015 4782 =
2113 4766 2116 4776 ·
