4362 5946
616 531 1244 666 ·-279-

131 795 263 874 tiones
292 803 334 870 et
366 786 443 867 alia
464 787 555 867 iura
576 784 655 868 sibi
669 749 937 865 debitadicto
953 781 1158 890 Episcopo
1179 781 1265 862 sine
1280 777 1465 890 qualibet
1478 778 1719 864 difficultate
1733 786 1930 892 prestetia

95 901 328 1011 ·Alioquin
355 898 616 994 sententiam,
646 922 768 1006 quam
796 891 1090 975 rationabiliter
1118 890 1259 974 tulerit
1289 891 1332 972 in
1361 891 1552 990 rebelles,
1585 895 1716 976 ratam
1759 894 1929 978 habebi·

129 1039 237 1109 mus,
265 1029 309 1092 et
337 1010 530 1092 faciemus
557 1006 840 1097 auotoreDeo
868 1003 1156 1087 inviolabiliter
1183 1004 1402 1088 observari.
1434 1003 1583 1085 Datum
1597 1007 1789 1090 Laterani
1817 1007 1927 1088 VIII.

131 1121 228 1206 Idus
257 1121 377 1204 Febr.
407 1129 528 1202 Anno
556 1119 747 1228 Septimo.
854 1149 857 1156 ·
992 1143 996 1156 ·

139 1514 270 1642 284.
771 1507 925 1639 1234
973 1509 1022 1616 d
1068 1510 1101 1616 6
1147 1504 1297 1616 Febr.
1698 1508 1927 1619 lateran.

214 1733 304 1797 Ptfv.
325 1736 501 1797 Gnrconms
524 1731 593 1795 1th
613 1733 691 1795 Bref
706 1732 756 1794 till
777 1730 961 1814 BIslopen‘i
983 1729 1082 1792 Slara
1110 1730 1182 1794 med
1203 1730 1391 1812 befallning‚
1423 1740 1467 1791 att
1488 1728 1527 1792 de
1548 1729 1682 1812 lekmin,
1701 1755 1780 1811 ,som
1810 1733 1926 1797 under·-

266 1817 356 1880 stodo
377 1819 421 1898 sig
443 1827 488 1878 att
508 1816 651 1896 frdntaga
671 1815 942 1896 liirsamlingarnes
962 1823 1080 1897 prester
1101 1816 1145 1874 sin
1167 1813 1317 1894 egendum
1346 1811 1408 1874 och
1428 1812 1579 1876 lb'rdrifva
1595 1817 1667 1878 deur
1678 1815 1749 1880 frtn
1769 1819 1834 1878 sina
1855 1837 1923 1882 em·
2030 1849 2040 1864 ·

267 1901 359 1962 beten
385 1901 495 1972 sumti
516 1898 615 1961 stellet
635 1898 760 1961 tillsa'tta
782 1897 896 1976 andra,
918 1895 1017 1960 borda
1038 1895 1111 1957 med
1131 1895 1268 1978 kyrlans
1289 1897 1371 1956 boun
1393 1893 1544 1977 belaggas

1366 2009 1398 2064 t.
1420 2028 1447 2066 rs
1470 2008 1532 2066 150..
1546 2012 1603 2067 Au.
1622 2031 1646 2084 p.
1664 2010 1718 2084 Ep.
1736 2014 1797 2069 531.

299 2149 520 2256 Gregorio
563 2125 783 2260 Episcopus
824 2143 985 2237 Serum.
1022 2145 1242 2227 Servorum
1279 2148 1368 2227 Dei.
1405 2146 1635 2230 Venerabili
1671 2151 1815 2231 Fratri
1918 2114 1932 2227 ,ο

332 2259 526 2371 Episcopo
554 2259 742 2340 Scarensi
766 2253 945 2338 Salutem
973 2261 1046 2337 &a
1801 2357 1804 2364 μ

122 2443 132 2452 ·
245 2435 248 2451 ·
299 2403 437 2482 Grave
464 2401 639 2510 gerimus
667 2413 709 2479 et
736 2397 977 2508 indignum,⁴
1009 2372 1132 2507 quod
1157 2398 1262 2479 sicut
1289 2425 1340 2477 ex
1369 2417 1498 2506 parte*
1529 2416 1599 2506 tua
1632 2397 1711 2481 fuit
1739 2401 1926 2509 proposi-

133 2533 220 2596 tum
250 2539 387 2595 coram
415 2511 535 2610 nobis
563 2509 751 2592 bonnulli
793 2509 886 2590 la'lci
914 2507 982 2592 tue
1012 2509 1191 2591 Dioeesis
1235 2534 1318 2590 non
1362 2507 1633 2603 attendentem
1676 2512 1789 2621 quod
1818 2513 1928 2593 laicis

132 2626 318 2736 quamvis
346 2624 556 2734 Religiosis
585 2617 827 2731 disponendi
874 2621 924 2702 de
967 2623 1149 2729 personis
1186 2638 1225 2702 et
1255 2619 1376 2701 rebus
1421 2620 1695 2704 ecclesiasticis
1738 2623 1848 2703 nulla
1876 2625 1928 2703 sit

134 2735 341 2818 attributa.
363 2753 560 2845 potestas,
588 2760 692 2845 quos
720 2731 974 2842 obsequendi
1001 2750 1136 2814 manet
1164 2733 1383 2820 necessitas·
1413 2759 1502 2811 non·
1539 2735 1760 2814 auctoritas
1801 2736 1940 2844 impe-'

134 2847 274 2944 randi,
290 2876 383 2929 eum
400 2846 552 2927 Prelati
567 2844 835 2931 Ecclesiarum
850 2844 1030 2952 ejusdem
1058 2845 1238 2926 Diocesis
1253 2873 1336 2924 non
1358 2845 1639 2952 obtemperant
1661 2845 1925 2954 beneplacitis

132 2958 368 3039 eorumdem
396 2959 584 3066 protinus
612 2956 702 3036 illos
731 2955 924 3062 spoliatos
948 2956 1077 3037 bonis·
1100 2955 1302 3036 omnibus
1337 2956 1390 3035 ab
1420 2955 1607 3038 Ecclesiis
1651 2958 1748 3067 ipsis
1774 2958 1926 3037 eiciunt
2058 3031 2059 3034 a

121 3086 178 3150 et
199 3071 421 3160 instituunt
449 3068 561 3164 alios,
591 3066 655 3148 vel
684 3065 901 3181 iptrudnnt
927 3069 1135 3177 potiusin
1163 3067 1321 3156 eisdem.
1353 3064 1547 3148 Nolentes
1564 3069 1699 3178 ¹igitur
1728 3084 1811 3150 tam
1825 3067 1926 3149 abu·

131 3183 238 3262 sivas
267 3179 543 3276 enormitates,
571 3204 642 3258 seu
671 3194 753 3257 tam
781 3203 965 3259 enormes
993 3177 1144 3259 abusus
1162 3178 1247 3284 *sub
1265 3195 1269 3201 “
1284 3177 1600 3260 dissimulatione
1636 3180 1832 3277 transire,
1875 3205 1927 3258 ne
1976 3276 1983 3282 .
2112 3259 2121 3267 ,

132 3319 209 3402 per
236 3291 434 3400 impunite
463 3279 790 3401 transgressionis
819 3287 1022 3400 exemplar
1057 3288 1331 3372 blandiamur
1356 3288 1443 3370 aliis
1473 3287 1526 3370 ad
1554 3287 1782 3387 offensam,'
1812 3317 1925 3370 man·
2028 3303 2035 3318 ‘

131 3403 277 3484 damus
334 3391 522 3483 uatenus‘
535 3402 569 3482 si
597 3409 663 3486 est'
683 3403 757 3497 ita,
786 3418 1087 3512 presumptores
1115 3402 1275 3485 eosdem
1304 3401 1448 3483 veleb
1479 3399 1712 3506 hujusmodi
1745 3428 1926 3512 presum-

132 3516 276 3624 ptione
305 3430 523 3608 desistant,
551 3514 773 3622 monitione
801 3516 994 3621 premissa
1012 3541 1086 3622 per
1099 3539 1310 3614 censuram
1332 3511 1640 3618 ecclesiasticam
1655 3512 1926 3623 appellatione

129 3641 286 3742 remota
315 3627 388 3705 &c
419 3623 647 3732 compellas.
675 3626 825 3705 Datum
853 3619 1041 3747 Laterani
1072 3614 1180 3726 VIII.
1210 3622 1305 3705 Idus
1334 3621 1545 3705 Februarii
1570 3631 1701 3726 ¹Anno
1734 3625 1927 3741 Septimo.

135 3951 275 4124 285.
335 4055 349 4098 ··
411 4005 415 4015 ’
518 4077 571 4098 --
681 3981 706 4064 f
770 3941 1335 4146 1oddd.6Febr,·
1393 3999 1421 4058 ³
1613 3939 1617 3944 ⁸
1696 4019 1928 4124 Lateran.

214 4237 304 4302 Pto.
326 4235 504 4310 Gauoonrus
527 4237 597 4300 Ith
616 4237 696 4300 Bref
711 4237 759 4300 till
780 4238 933 4322 Biskopcn
954 4240 964 4299 i
984 4236 1090 4302 Stare
1111 4237 1185 4304 med
1210 4237 1372 4305 lir'reslrilt
1400 4249 1445 4300 att
1466 4236 1505 4298 de
1525 4235 1665 4315 prester,
1684 4255 1752 4300 som
1782 4233 1926 4318 fdretsgit

267 4321 313 4404 sig
338 4330 400 4418 att3
422 4320 521 4382 sisonr
542 4319 749 4404 lullmdktige,
770 4321 840 4382 lilia
860 4322 974 4402 spdras
994 4323 1084 4387 talou
1107 4321 1142 4382 sb
1154 4323 1171 4411 ¹i
1192 4322 1299 4410 tviste·
1319 4341 1386 4386 som
1398 4323 1419 4411 ¹i
1439 4320 1607 4399 brottmtt,
1636 4319 1736 4382 skulle
1763 4318 1924 4385 strumas

266 4402 479 4569 pgtfflzrippm
491 4401 987 4556 affilagcdsslblffidedclegdvblt
1007 4388 1451 4538 ejelle1·liommo‚3beltjggas
1470 4401 1542 4464 med
1573 4402 1712 4487 kyrkem
1735 4401 1817 4464 bonu
1841 4412 1923 4528 ¹utam

1344 4599 1377 4656 Ρ.
1396 4615 1424 4656 r:
1445 4600 1503 4672 ¹⁵4·
1543 4603 1597 4656 An.
1619 4617 1644 4673 p.
1663 4597 1717 4673 Ep.
1734 4601 1791 4660 533.

242 4767 243 4770 ‘
302 4734 526 4844 Gregorius
554 4713 771 4849 Episcopus
808 4703 1217 4822 servusiservorum
1243 4710 1589 4822 ‘Det'Venimbui‘
1621 4739 1765 4822 Fratri
1790 4723 1801 4821 ζ
1831 4798 1840 4818 .
2015 4763 2018 4770 ’

331 4845 528 4959 Episcopo
577 4849 764 4931 Scarensi
789 4849 968 4932 Sauram
995 4855 1067 4932 &a
1162 4957 1169 4962 .

301 4987 539 5072 Audivimus
569 5007 609 5070 et
636 4989 846 5072 audientes
872 5019 956 5073 non
985 5019 1201 5100 possumus
1226 5019 1311 5074 non
1326 4989 1479 5084 dolere,
1505 4989 1618 5100 quod
1645 4990 1834 5073 nonnulli
1849 4993 1923 5074 Sa-

124 5097 319 5184 cerdotes
346 5103 387 5182 et
411 5098 563 5183 Clerici
591 5115 662 5180 tue
690 5103 870 5183 Diocesis
897 5101 1050 5186 relictis
1077 5101 1176 5201 hiis,
1196 5107 1279 5214 que
1299 5101 1352 5184 ad
1369 5102 1497 5183 Deum
1518 5103 1923 5212 pertinentsenego·
