4370 5950
920 563 928 586 '¹
964 601 1022 636 s·-
1137 555 1212 652 ado
1320 599 1379 634 r·-

66 789 71 806 '
173 851 175 858 .
277 801 347 868 tet.
405 778 586 868 Nouerit-
601 776 727 886 igitur
755 773 944 858 discretio
970 789 1116 855 uestra.
1139 799 1219 856 wnos
1246 775 1375 856 sancti
1401 773 1567 883 spiritus
1608 773 1801 877 instinctu
1837 771 2062 856 ›commoni-

277 911 355 976 tcs.
377 919 447 1000 spe
475 915 640 999 quoque
655 887 820 978 calcans
846 885 1184 970 remuneracionis
1213 882 1368 970 ductos.
1424 884 1561 964 uillam
1600 879 1802 992 quandam
1826 882 1874 962 in
1901 881 2063 962 munzei

277 1003 413 1100 sunbir
440 1000 686 1080 nominatam
713 1025 804 1078 cum
824 995 970 1076 accolis
989 1001 1036 1078 8(
1064 994 1354 1102 piscationibus
1381 993 1528 1074 accolis
1550 991 1815 1080 attinentibus
1827 1007 1967 1072 sancte
1981 1019 2064 1070 ma·

130 1192 134 1208 ,
272 1115 333 1194 tri
360 1109 563 1219 upsalensi
590 1107 778 1188 uidelicet
804 1107 968 1188 ecclesie
995 1105 1309 1212 perpetuoiurc
1334 1102 1615 1212 possidendam
1644 1100 1873 1183 contulisse.
1929 1101 2064 1180 Pisce·
2101 1143 2107 1152 ·

277 1222 410 1300 tiones
436 1244 537 1299 uero
565 1216 782 1298 decadem
810 1217 906 1296 uilla
928 1214 981 1296 ad
1010 1215 1255 1294 mansionem
1281 1214 1432 1320 regiam
1459 1213 1575 1292 alsnu
1597 1226 1829 1292 manentem
1857 1211 2064 1318 pertinen·

278 1347 339 1412 tes
366 1328 608 1434 excepimus.
665 1329 851 1408 Preterea
879 1323 931 1408 ad
958 1324 1152 1404 honorem
1178 1320 1356 1404 eiusdem
1398 1323 1564 1404 ecclesie
1589 1322 1961 1430 canonicorumque
1991 1319 2070 1400 ibi-

279 1437 372 1524 dem
401 1436 665 1516 seruiencium
693 1451 1059 1536 sustentamentum.
1101 1448 1195 1514 octo
1230 1433 1460 1512 octonarios
1487 1433 1531 1512 in
1559 1431 1655 1512 uilla
1683 1429 1898 1538 upsalensi.
1926 1431 2071 1514 llllzor

281 1551 326 1629 in
354 1563 589 1654 gorratung.
616 1551 671 1630 8(
698 1547 850 1626 llll:or.
879 1545 921 1640 in
950 1542 1214 1651 scarpaloster
1239 1541 1563 1624 irreuocabiliter
1592 1540 1916 1621 domuimus&
1944 1539 2067 1623 etiam

277 1655 389 1739 idern
416 1657 598 1736 canonici
627 1670 721 1737 octo
753 1653 984 1735 octonarios
1011 1669 1105 1732 ante
1131 1651 1391 1732 donationem
1419 1668 1596 1732 nostram
1624 1652 1667 1730 in
1695 1645 1835 1730 eadem
1848 1650 1945 1730 uilla
1961 1649 2069 1756 lega·

256 1759 260 1768 ’
281 1761 373 1846 liter
399 1762 570 1844 donatos
596 1763 811 1844 habebant.
839 1765 1058 1845 Statuimus
1085 1787 1249 1870 quoque
1268 1765 1309 1840 8(
1336 1777 1532 1868 perpetua
1547 1759 1634 1868 lege
1649 1756 1865 1842 tenendum
1894 1759 2070 1838 firmani·

280 1900 372 1954 mus
403 1891 450 1956 ut
476 1872 612 1952 clerici
638 1871 781 1953 diuino
806 1873 935 1953 cultui
963 1871 1181 1976 mancipati
1209 1896 1285 1975 pro
1304 1869 1541 1952 criminibus
1554 1869 1633 1950 sibi
1646 1868 1814 1959 obiectis
1832 1867 1897 1948 uel
1912 1867 2070 1952 delictis

281 2007 451 2092 quoquo
478 1978 601 2060 modo
627 1983 844 2062 commissis
870 2007 1080 2086 nunquam
1108 1979 1151 2058 in
1178 1977 1362 2058 futurum
1390 1976 1442 2066 ad
1476 1978 1615 2058 laicale
1643 1977 1934 2084 pertrahantur
1962 1976 2069 2058 iudi·

282 2094 400 2172 cium.
428 2089 506 2172 Sed
536 2086 742 2172 decausis
769 2091 862 2170 suis.
891 2115 913 2167 e
944 2088 1089 2195 iscopis
1116 2095 1156 2168 &
1183 2087 1350 2195 prelatis
1372 2085 1658 2195 respondeant.
1686 2087 1965 2196 rationemque
1981 2085 2071 2166 red·

262 2199 395 2282 dant.
424 2198 693 2279 Ecclesiarum
720 2225 883 2306 quoque
911 2116 1104 2279 domos&
1123 2223 1242 2304 agros
1258 2195 1310 2276 ab
1324 2198 1434 2276 om'ni
1448 2197 1641 2305 regalium
1657 2198 1908 2277 exactionum
1925 2225 2072 2303 graua-

283 2311 391 2390 mine
419 2308 616 2388 immunes
637 2307 729 2414 *foro
756 2306 1016 2386 decreuimus.
1047 2308 1104 2386 Vt
1117 2323 1248 2387 autem
1265 2304 1502 2386 donationes
1519 2321 1727 2413 pretaxate
1743 2307 1828 2386 sine
1843 2307 2072 2414 calumpnia

195 2417 199 2426 ’
284 2414 588 2502 succedencium
615 2417 713 2498 sint.
733 2415 837 2496 banc
864 2416 1059 2500 cartulam
1088 2415 1140 2497 ad
1168 2415 1226 2495 rei
1257 2432 1365 2522 geste
1393 2416 1664 2496 testimoninm
1685 2415 1820 2521 sigillo
1842 2431 1983 2495 nostro
2013 2418 2073 2498 in·

283 2527 509 2634 pressimus.
555 2526 601 2608 si
627 2525 719 2634 quis
745 2523 851 2603 forte
878 2523 990 2631 quod
1018 2524 1122 2604 absit
1155 2551 1429 2606 successorum
1469 2541 1700 2616 nostrorum
1728 2551 1793 2604 eas
1821 2525 1982 2606 irritare
2016 2539 2076 2611 at·

285 2634 558 2740 temptauerit.
580 2637 628 2715 in
655 2633 831 2741 presenti
858 2633 1026 2719 honoris
1052 2633 1115 2713 sui
1143 2636 1327 2741 paciatur
1353 2632 1650 2714 detrimentum.
1680 2637 1719 2712 8(
1734 2633 1777 2712 in
1792 2631 1930 2716 futuro
1958 2633 2011 2714 ab
2027 2660 2076 2714 eo

284 2743 478 2852 quicum
506 2739 774 2824 adcelestem
802 2743 972 2849 patriam
1001 2760 1230 2826 uocauerat.
1258 2742 1310 2824 ab
1336 2742 1476 2823 eadem
1504 2771 1595 2832 cum
1623 2741 1958 2824 datan&abircn
1982 2769 2077 2850 par·
2157 2813 2159 2822 ,

221 2853 228 2866 ’
285 2869 367 2937 tem
396 2849 609 2930 habiturus
636 2848 887 2948 excludatur.
916 2853 1061 2932 Datum
1084 2851 1718 2942 annotinaarnationisdominice.
1746 2853 1818 2932 Μ’.
1848 2853 1946 2938 00⁰.
1978 2875 2077 2932 con·

286 2966 488 3042 currente.
517 2959 606 3038 Vl‘.
634 2975 776 3065 epacta
804 2961 902 3040 lllm
913 2960 1134 3043 indictione
1155 2964 1276 3042 Anno
1291 2963 1404 3067 regni
1432 2963 1572 3052 nostri.
1601 2962 2076 3042 llllttoConsecrationis

216 3155 219 3160 ,
286 3097 386 3150 uero
402 3066 554 3146 domini
568 3069 675 3148 claui
690 3068 910 3174 upsalensis
919 3071 1206 3179 archiepiscopi
1221 3075 1340 3152 Anno
1356 3074 1427 3152 11⁰.
1441 3081 1557 3152 Anno
1572 3070 1761 3167 bisextili
1776 3073 1986 3177 Regnante
2002 3069 2075 3151 dc·

288 3179 398 3262 mino
413 3177 562 3258 Nostro
575 3178 661 3259 iesu
688 3177 840 3257 christo
858 3179 925 3258 cui
944 3195 1004 3258 est
1024 3179 1156 3276 honor
1169 3188 1207 3262 8(
1230 3181 1440 3286 imperinm
1462 3182 1504 3260 in
1521 3179 1655 3260 secula
1670 3180 1897 3266 seculorum
1910 3179 2074 3262 AlllEN.

202 3305 206 3311 ’
334 3317 339 3324 ·
621 3360 625 3370 ¹
699 3283 819 3368 sigillet
837 3285 1012 3363 bcrffallen
1032 3297 1442 3372 menpergarneatsremaan
1463 3288 1557 3350 linces
1577 3307 1663 3371 quar.

302 3444 426 3550 1'16.
572 3445 574 3452 '
621 3453 626 3462 ’
1074 3441 1319 3592 (recol)

371 3594 508 3676 Konung
526 3593 685 3666 Sacranas
702 3593 900 3662 'Stadlbstelse
919 3597 962 3686 pt
982 3598 1112 3662 andelen
1133 3599 1171 3662 al
1186 3599 1282 3662 Skens
1303 3599 1391 3680 liele,
1413 3597 1490 3684 tspt
1510 3599 1558 3661 till
1579 3601 1608 3662 N
1607 3597 1703 3682 ydala
1723 3595 1874 3734 Klpstgr.c
1901 3675 1934 3753 θ

453 3775 604 3856 Snerco
634 3777 708 3857 Dei
735 3781 864 3885 gratia
892 3775 1146 3891 S.(weorum)
1174 3809 1243 3860 rex
1271 3779 1378 3858 filius
1404 3779 1546 3863 Karoli
1568 3777 1705 3859 itidem
1734 3781 1853 3888 regis.
1883 3769 2077 3889 principi·

290 3883 381 3966 bus.
407 3888 448 3963 8(
474 3887 735 3992 optimatibus
763 3915 913 3994 pacem.
943 3889 1088 3970 bonam
1105 3889 1322 3968 &salutem
1347 3890 1388 3968 in
1404 3886 1567 3976 domino
1582 3890 1694 3991 Quia·
1704 3890 1985 3998 religiosorum
2000 3889 2077 3972 fre·

320 4020 421 4074 nens
448 3996 712 4074 numerositas
736 3997 845 4106 apud
876 4023 950 4076 nos
976 3997 1027 4078 de
1056 3996 1121 4076 die
1150 3999 1192 4078 in
1221 3997 1325 4077 diem
1354 4014 1637 4104 augmentatur
1657 4015 1816 4106 gratum
1845 3999 1966 4080 nobis
1994 4025 2077 4078 esse

193 4159 203 4210 3
291 4023 413 4184 ilabet
440 4110 479 4183 &
507 4105 684 4212 optabile
712 4105 815 4185 Jnde
843 4123 903 4186 est
932 4107 1041 4215 quod
1070 4107 1232 4216 quidam
1263 4108 1338 4187 viri
1367 4107 1547 4187 sollertes
1580 4107 1630 4188 de
1651 4108 1824 4189 cenobio
1852 4101 2078 4188 ncueuallis

291 4213 540 4319 temporibus
569 4214 727 4294 abbatis
755 4205 927 4322 Regneri
947 4215 978 4328 ¹)
1005 4219 1287 4312 sustentationi
1315 4243 1453 4296 eorum
1482 4217 1664 4304 consulte
1682 4219 1971 4325 prospicientes
1997 4233 2078 4300 ter·

270 4321 392 4400 ciam
420 4337 575 4429 partem
605 4325 834 4430 piscationis
861 4353 942 4432 que
969 4343 1138 4406 vocatur
1165 4327 1333 4424 slraetbin
1360 4325 1493 4406 tribus
1511 4326 1690 4422 ,marchis
1714 4327 1974 4420 aurianobis
2002 4354 2078 4434 pu·

291 4426 396 4613 fflioe
411 4447 582 4539 emptam
598 4460 671 4512 suo
684 4432 875 4541 deinceps
889 4434 1070 4514 dominio
1094 4439 1217 4518 omni.
1245 4435 1395 4516 iudicio
1427 4435 1608 4542 legaliter
1633 4440 1915 4544 manciparunt
1942 4437 2078 4544 Igitur

92 4563 95 4570 ·
215 4574 238 4592 f
347 4563 397 4614 nc
446 4545 682 4621 sententiam
735 4559 870 4623 nostre
921 4546 1168 4626 auctoritatis
1218 4547 1370 4652 scripto
1410 4549 1450 4624 8(
1492 4545 1632 4654 Sigillo
1675 4549 1953 4628 confirmatam
1989 4545 2079 4625 vni·

293 4645 475 4728 nersitati
502 4669 633 4732 vestre
660 4650 933 4760 sollempniter
961 4655 1212 4745 notificamus
1239 4657 1342 4735 hanc
1370 4655 1616 4762 empcionem
1632 4654 1767 4733 nirrltis
1788 4656 1959 4742 testibus
1988 4681 2079 4734 cor·

293 4751 524 4835 roboratam
552 4761 762 4842 affirmant.
787 4764 1003 4870 episcopus
1030 4766 1131 4845 eolo.
1163 4764 1321 4872 byrgho
1349 4790 1574 4846 sweuorum
1605 4769 1644 4844 8(
1672 4781 1880 4870 guttorum
1902 4765 1987 4848 dux
2017 4765 2080 4842 in·

289 4863 561 4890 *uu—...—

334 4895 361 4970 t)
382 4893 493 4954 Finnes
513 4897 524 4954 i
544 4919 660 4962 mmma
680 4902 859 4966 vidimaticn
881 4904 952 4966 med
973 4903 1013 4966 de
1034 4903 1169 4970 hamster
1188 4905 1287 4974 under
1307 4908 1366 4968 Neo
1386 4905 1445 4968 833
1467 4903 1528 4967 ocb
1549 4903 1610 4980 634
1630 4903 1884 4965 scretommande
1905 4904 1990 4982 brel‘,
2016 4901 2078 4964 oeb

375 4973 494 5035 sandes
512 4979 582 5037 med
603 4981 672 5042 dem
694 4987 858 5066 undergdtt
878 5006 994 5048 nnuma
1014 4989 1081 5050 dde.
1102 4985 1266 5064 bacarius,
1288 4988 1326 5048 D.
1346 4983 1377 5048 8:
1397 4987 1466 5062 406,
1487 4985 1546 5048 bar
1565 4987 1719 5068 bagagnat
1733 5007 1849 5048 samma
1863 4985 1997 5066 erstem,
2016 4981 2080 5047 och

375 5055 546 5116 redemere
565 5060 670 5139 sjellva
691 5065 876 5146 Originnlct,
899 5069 968 5129 lrdn
989 5067 1107 5135 hvilket
1126 5069 1236 5151 sigillet
1257 5089 1313 5130 var
1334 5068 1501 5132 bertlallet.

277 5205 282 5218 .
338 5137 655 5220 1)G.t'atiilletsdr
673 5141 813 5224 Regnent
833 5151 872 5210 D.
892 5147 923 5212 8³
942 5149 1013 5228 406.
