4362 5946
804 409 1220 505 ..345-

12 627 17 674 “³
131 639 223 719 lutte
252 628 457 740 acquisitis
483 629 601 710 nobis
628 631 671 709 in
698 628 835 738 aliquo
865 625 1075 725 decimare,
1103 642 1316 708 teneantur
1343 627 1507 727 astricti,
1521 631 1612 710 Pcr-
1618 654 1781 739 presens
1807 631 1905 714 scri·

11 739 20 784 ‘⁶
128 763 245 856 ptum.
273 757 356 822 tam
372 756 465 847 post
478 737 776 850 futurisquam
803 765 914 818 nunc
942 737 1198 846 presentibus
1212 739 1399 822 omnibus
1427 738 1793 852 innotescat‚.quod
1814 771 1906 825 cum
1979 747 1988 756 “

13 851 22 898 ²·
129 855 277 939 ciuibus
310 853 502 959 enecopie
529 851 665 933 taliter
693 849 969 944 conuenimus',
999 865 1044 928 vt
1058 848 1191 950 ,nohis
1206 852 1249 930 in
1270 851 1429 957 signum
1457 849 1713 950 decimarum,
1742 879 1793 936 ex
1820 882 1904 936 me·

11 965 21 1038 '5
78 1003 89 1012 ·
126 965 288 1048 lioribus
316 963 437 1043 curiis
452 961 641 1043 *eiusdem
671 962 765 1042 ville
793 960 1001 1040 annuatim
1029 958 1166 1040 decem
1196 959 1362 1042 denarii.
1391 963 1432 1038 8(
1458 987 1507 1042 ex
1522 963 1756 1046 minoribus.
1785 969 1906 1076 quin.-

14 1079 22 1150 ’ἱ
81 1169 85 1176 ,
124 1083 223 1188 que,
248 1101 297 1154 ex
325 1072 553 1182 hospitibus
581 1095 678 1152 vero
707 1069 856 1152 ibidem
899 1069 1162 1152 residenciam
1203 1071 1428 1170 hiemalem
1468 1070 1718 1154 facientibus.
1735 1075 1922 1160 tunm..

16 1201 24 1280 ,²
122 1203 274 1272 tautum
288 1183 446 1266 denarii
460 1184 754 1290 persoluantur.
783 1183 843 1262 Ne
864 1198 999 1262 autem
1015 1182 1105 1263 *hoc
1133 1184 1177 1262 in
1206 1182 1650 1264 multorum-audiencia
1675 1199 1759 1264 tant
1778 1187 1903 1270 aubi.

120 1298 209 1378 liter
222 1297 463 1389 institutum,
478 1324 502 1375 a
517 1297 722 1404 quoquam
738 1292 991 1402 aliquatenus
1005 1291 1263 1400 infringatur,
1278 1291 1343 1373 Ad
1364 1289 1487 1400 hujus
1516 1291 1612 1374 faeti
1626 1295 1911 1380 confirmacio·

13 1497 16 1506 ,
119 1435 209 1490 nem
234 1405 665 1491 Presentem..-litteram
688 1403 806 1510 sigilli
822 1405 952 1482 nostri
980 1405 1198 1484 munimine
1215 1403 1403 1485 duximus
1431 1404 1725 1488 roborandam.
1746 1410 1903 1490 Datum.-
1926 1463 1931 1482 .

12 1526 24 1598 's
117 1516 277 1610 Munati.
321 1523 465 1600 Anno.-
490 1515 654 1597 domini.
684 1515 1016 1596 Macctttnr
1045 1515 1137 1598 Kal.
1164 1515 1313 1596 Marcii.

15 1638 27 1682 t
412 1635 418 1694 ι
495 1645 500 1664 ·
763 1633 766 1639 ’
1062 1631 1065 1638 ·

11 1743 27 1881 Ῠῖ
116 1738 253 1929 377,
749 1753 1279 1890 1250d..11'Jun.
1459 1727 1464 1736 θ
1640 1714 1966 1917 Gudhem.,

191 2003 363 2085 Druttning
380 1995 569 2066 Csmmirss'
591 2002 762 2084 gersom-et
776 2002 818 2086 pt
839 2024 877 2064 cn
898 2001 949 2064 del
971 2003 1008 2064 af
1015 1999 1090 2064 dess
1113 1996 1191 2062 fasta
1211 1999 1272 2063 och
1292 2000 1356 2063 liisa
1376 1999 1527 2083 egendum
1537 1998 1586 2063 till
1602 1999 1760 2067 Gudhems
1779 2003 1902 2070 kloster.

1511 2113 1770 2188 stenen

6 2281 24 2362 g·
279 2254 476 2334 Katerina
504 2251 569 2332 dci
598 2252 731 2358 gracia
757 2252 912 2360 Regina
935 2251 1200 2344 swechorum.
1228 2251 1426 2334 Omnibus
1440 2277 1605 2361 presens
1618 2253 1811 2362 scriptum
1840 2241 1902 2333 ui-

7 2416 32 2470 g
102 2364 210 2445 suris
227 2363 299 2442 uel
314 2362 523 2444 audituris.
553 2362 605 2440 Jn
633 2379 885 2471 perpetuum.
915 2362 1016 2442 Cum
1046 2363 1089 2441 in
1117 2362 1238 2442 rebus
1260 2363 1502 2470 tramitorijs
1529 2368 1569 2443 8(
1596 2360 1757 2452 caducis
1777 2361 1904 2445 nichil

5 2523 23 2584 ,a
99 2503 145 2559 te
202 2475 338 2556 riatur
367 2472 508 2554 stabile
536 2471 602 2550 uel
632 2499 826 2552 securum.
857 2471 1087 2552 &fortune
1106 2466 1287 2553 'euentus
1314 2473 1545 2583 frequenter
1565 2473 1721 2553 soleant
1752 2473 1904 2558 larnen-

5 2646 22 2698 ρ,
99 2501 293 2668 tabiliter
320 2585 480 2692 variarj.
498 2599 543 2663 ut
573 2583 811 2692 plerumque
838 2584 911 2692 qui
939 2582 1169 2664 labentibus
1195 2583 1383 2665 inherent
1404 2581 1633 2680 ardencius,
1662 2611 1782 2674 cursu
1809 2575 1902 2692 pre·
1986 2663 1992 2674 ,

5 2761 18 2810 ᾖ
96 2695 220 2804 cipitj
253 2700 298 2773 8(
324 2693 573 2802 jnopinahili
597 2691 843 2773 dilabantur.
881 2693 993 2801 quod
1028 2693 1144 2774 facile
1189 2695 1455 2803 perpenditur
1497 2694 1754 2776 discrecionis
1781 2693 1901 2776 oculo

6 2842 18 2921 s,
90 2804 300 2916 jutuentj.
329 2805 446 2914 quod·
471 2810 510 2887 8(
537 2831 612 2884 nos
640 2805 681 2883 in
712 2803 817 2883 libro
847 2790 1098 2911 experiencie
1125 2803 1314 2885 flebiliter
1341 2806 1472 2914 legere
1500 2833 1729 2915 possumus,
1757 2821 1901 2914 utpote

91 2915 331 3000 dulcissimi
360 2914 514 2994 domini
542 2917 670 2994 nostri
683 2916 789 3022 regis
803 2915 951 3022 solatjo
966 2915 1311 3023 jnconsolabiliter
1327 2915 1527 2998 destitute.
1543 2914 1807 2999 Attendentes
1819 2917 1898 3024 jta·

87 3055 175 3138 que
207 3052 346 3107 unum
361 3053 446 3106 esse
463 3027 727 3106 necessarium
744 3053 836 3104 cum
852 3028 985 3106 maria.
1019 3026 1296 3136 marthamque
1309 3026 1650 3109 sollicitudinibus
1667 3026 1791 3136 uarijs
1807 3045 1901 3135 per'·

87 3138 280 3246 turbarj.
312 3135 471 3245 frugem
500 3135 618 3215 nobis
645 3136 729 3217 uite
758 3135 941 3244 eligimus
956 3136 1141 3218 melioris.
1172 3142 1210 3215 8(
1240 3137 1290 3218 ad
1333 3153 1489 3246 partem
1517 3139 1790 3218 conuertimur
1817 3161 1899 3248 que

85 3249 269 3329 minime
287 3245 507 3327 auferetur.
536 3247 644 3327 Sanc
674 3247 798 3355 igitur
825 3273 995 3354 corpore
1025 3254 1062 3327 8(
1092 3247 1286 3354 incolumj
1328 3250 1554 3330 existentes.
1605 3255 1644 3329 8(
1686 3245 1737 3329 de
1779 3248 1899 3328 bonis

2 3387 19 3459 s·
83 3360 248 3439 nostris
284 3383 365 3464 pro
393 3357 647 3465 beneplacito
663 3354 907 3464 disponendj
923 3358 1113 3438 habentes
1129 3358 1294 3439 liberam
1310 3356 1543 3440 facultatem
1557 3362 1619 3439 Ex
1633 3359 1801 3439 consilio
1816 3360 1900 3440 No-
1959 3387 1971 3398 ·

79 3466 376 3573 bilisdominj.
392 3467 433 3546 B.
454 3466 484 3580 ¹)
501 3467 614 3546 ducis
628 3467 881 3548 swechorum
895 3475 933 3549 8(
949 3466 1188 3548 venerabilis
1203 3468 1367 3578 dominj.
1383 3471 1427 3550 L.
1445 3469 1477 3582 ²)
1500 3472 1693 3550 scarensis
1706 3471 1896 3579 episcopi.

78 3585 117 3661 8(
133 3579 302 3686 dilectj
318 3577 457 3684 patruj
479 3579 608 3658 nostri
622 3575 789 3683 dominj.
821 3577 869 3655 H.
888 3573 921 3688 ³)
945 3583 985 3658 8(
1012 3578 1182 3658 aliorum
1211 3580 1533 3687 quamplurium
1561 3581 1797 3683 amicorum,
1821 3605 1895 3664 no—

74 3705 213 3773 strum
250 3689 514 3771 decredimus
542 3685 717 3784 condere
745 3704 1037 3770 testamentum.
1067 3689 1267 3770 Nouerint
1296 3688 1470 3802 proinde
1496 3708 1579 3770 tam
1593 3691 1745 3804 posterj
1773 3717 1895 3800 quam

70 3815 323 3910 presentes.
373 3798 485 3905 quod
528 3825 600 3905 spe
642 3797 976 3879 immarcessibilis
1019 3799 1164 3906 glorie,
1222 3799 1445 3881 mundanas
1494 3799 1662 3886 diuicias
1716 3818 1894 3882 contem·

1 3927 9 3961 ³
68 3927 279 4018 pnentes.
317 3906 459 3986 damus
488 3909 662 3988 claustro
690 3907 741 3987 de
769 3907 958 3990 Gutbem.
987 3909 1255 3989 Thulshamar
1272 3909 1304 4022 l)
1334 3911 1568 3996 &Withem
1584 3925 1676 3992 cum¹
1690 3913 1770 3992 suis
1800 3910 1894 3990 atti·
2017 4017 2020 4034 Ι
2113 3899 2118 3914 ’

2 4028 11 4062 ²¹
63 4021 258 4130 nencijs.
295 4015 485 4117 Lindhp,
516 4046 637 4096 uuam
666 4017 872 4098 dimidiam
913 4020 1079 4100 alteram
1107 4048 1207 4100 uero
1240 4037 1374 4101 totam.
1411 4021 1530 4102 Slacu
1578 4051 1668 4102 cum
1710 4038 1817 4100 terra
1845 4021 1892 4129 ju

2 4136 9 4183 ²
61 4131 203 4214 Kind.
248 4130 508 4236 Nueopiam,
537 4128 732 4236 quicquid
777 4129 893 4211 nobis
922 4128 1070 4212 ibidem
1105 4134 1249 4214 attinet
1297 4159 1387 4210 cum
1429 4133 1657 4212 testimonio
1700 4130 1894 4212 discreto·
2027 4173 2032 4186 ·

5 4249 6 4253 '
58 4271 171 4326 rum.
208 4250 257 4322 8(
293 4239 347 4346 jn
377 4237 805 4347 westgocjaquicquid
833 4242 876 4319 in
905 4239 1133 4324 mobilibus.
1162 4242 1247 4324 siue
1261 4239 1306 4345 jn
1334 4241 1606 4322 immobilibus
1634 4241 1892 4350 possidemus.
1997 4257 2008 4276 ·

56 4351 305 4436 Addentes
338 4349 506 4458 jnsuper
534 4350 609 4428 hac
637 4347 875 4430 condicione
903 4349 948 4458 jn
976 4349 1090 4431 dacia
1121 4357 1276 4458 partem
1291 4366 1486 4448 nostram,
1516 4370 1562 4432 ut
1589 4368 1812 4460 prouentus
1840 4379 1901 4434 ex·-

54 4464 142 4545 illis
175 4461 523 4572 possessionibus
552 4457 815 4567 prodeuntes,
844 4459 890 4567 jn
923 4459 1222 4543 edificacionem
1243 4460 1460 4542 claustri&
1473 4461 1704 4567 monasterij
1719 4489 1888 4571 erogen-

53 4593 140 4656 tur.
177 4568 363 4657 Strand
389 4569 543 4651 domini
570 4569 708 4661 Rurici
751 4567 843 4675 filijs
885 4571 1140 4652 conferimus.
1169 4577 1209 4649 8(
1237 4568 1392 4651 domini
1418 4571 1605 4680 johannis
1634 4573 1765 4680 angeli
1793 4571 1886 4685 fibjs

92 4823 141 4898 aa)
165 4817 311 4878 Pinnos
337 4808 398 4872 ccl
429 4809 440 4870 i
470 4807 653 4873 vidimatiun
673 4811 711 4871 uf
724 4808 903 4874 husun
924 4811 1011 4874 Otos
1031 4813 1042 4872 i
1062 4810 1181 4926 Upsals
1202 4808 1232 4871 d.
1252 4808 1274 4871 6
1294 4757 1392 4873 Febr..
1411 4811 1494 4873 132⁰.
1529 4811 1574 4873 A.
1595 4810 1624 4872 3.
1644 4811 1672 4871 d.
1690 4827 1730 4873 a:
1752 4811 1802 4892 24,
1823 4811 1888 4880 nh

92 4987 123 5062 η
138 4890 599 5064 ‘titinnius'
620 4891 651 5052 l
672 4893 905 5058 litati,
920 4891 1696 5064 hisidssirliiddfffflihllhffi
1717 4992 1752 5051 η
1774 4977 1837 5060 au
1902 5027 1905 5034 -

69 5125 76 5130 -
199 5094 262 5148 εν.
285 5085 426 5157 neptas.
578 5167 585 5178 .
1634 5059 1685 5154 ll
