<?xml version="1.0" encoding="UTF-8"?>
<!DOCTYPE html PUBLIC "-//W3C//DTD XHTML 1.0 Transitional//EN"
    "http://www.w3.org/TR/xhtml1/DTD/xhtml1-transitional.dtd">
<html xmlns="http://www.w3.org/1999/xhtml" xml:lang="en" lang="en">
 <head>
  <title>
</title>
<meta http-equiv="Content-Type" content="text/html;charset=utf-8" />
  <meta name='ocr-system' content='tesseract 3.04.00' />
  <meta name='ocr-capabilities' content='ocr_page ocr_carea ocr_par ocr_line ocrx_word'/>
</head>
<body>
  <div class='ocr_page' id='page_1' title='image "./svensktdiplomat00swegoog_0713.png"; bbox 0 0 4406 5966; ppageno 0'>
   <div class='ocr_carea' id='block_1_1' title="bbox 802 481 1220 602">
    <p class='ocr_par' dir='ltr' id='par_1_1' title="bbox 802 481 1220 602">
     <span class='ocr_line' id='line_1_1' title="bbox 802 481 1220 602; baseline 0 -56"><span class='ocrx_word' id='word_1_1' title='bbox 802 525 859 546; x_wconf 91' lang='lat'><strong>..</strong></span> <span class='ocrx_word' id='word_1_2' title='bbox 970 481 1220 602; x_wconf 18' lang='lat'><strong>675¹*-</strong></span> 
     </span>
    </p>
   </div>
   <div class='ocr_carea' id='block_1_2' title="bbox 68 693 1892 1150">
    <p class='ocr_par' dir='ltr' id='par_1_2' title="bbox 68 693 1892 1150">
     <span class='ocr_line' id='line_1_2' title="bbox 95 693 1890 814; baseline -0.003 -22"><span class='ocrx_word' id='word_1_3' title='bbox 95 714 205 796; x_wconf 89' lang='lat' dir='ltr'><strong>sibus</strong></span> <span class='ocrx_word' id='word_1_4' title='bbox 234 711 275 786; x_wconf 89' lang='lat'>&amp;</span> <span class='ocrx_word' id='word_1_5' title='bbox 302 701 610 787; x_wconf 78' lang='lat' dir='ltr'><strong>civitatensibus</strong></span> <span class='ocrx_word' id='word_1_6' title='bbox 636 698 707 782; x_wconf 85' lang='lat' dir='ltr'><strong>sed</strong></span> <span class='ocrx_word' id='word_1_7' title='bbox 737 703 791 784; x_wconf 88' lang='lat' dir='ltr'><strong>ab</strong></span> <span class='ocrx_word' id='word_1_8' title='bbox 819 702 1050 814; x_wconf 83' lang='lat' dir='ltr'>hospitibus</span> <span class='ocrx_word' id='word_1_9' title='bbox 1064 693 1185 784; x_wconf 82' lang='lat' dir='ltr'><strong>etiam</strong></span> <span class='ocrx_word' id='word_1_10' title='bbox 1213 707 1253 783; x_wconf 87' lang='lat'>&amp;</span> <span class='ocrx_word' id='word_1_11' title='bbox 1280 700 1453 799; x_wconf 73' lang='lat' dir='ltr'><strong>rusticis,</strong></span> <span class='ocrx_word' id='word_1_12' title='bbox 1481 702 1523 778; x_wconf 62' lang='lat'><strong>81</strong></span> <span class='ocrx_word' id='word_1_13' title='bbox 1549 727 1597 794; x_wconf 84' lang='lat' dir='ltr'><strong>ea</strong></span> <span class='ocrx_word' id='word_1_14' title='bbox 1641 725 1691 784; x_wconf 91' lang='lat' dir='ltr'><strong>ve</strong></span> <span class='ocrx_word' id='word_1_15' title='bbox 1719 706 1890 786; x_wconf 84' lang='lat' dir='ltr'><strong>emerint</strong></span> 
     </span>
     <span class='ocr_line' id='line_1_3' title="bbox 97 809 1890 924; baseline -0.005 -18"><span class='ocrx_word' id='word_1_16' title='bbox 97 827 221 906; x_wconf 86' lang='lat' dir='ltr'><strong>libere</strong></span> <span class='ocrx_word' id='word_1_17' title='bbox 248 814 456 900; x_wconf 84' lang='lat' dir='ltr'><strong>deferendi</strong></span> <span class='ocrx_word' id='word_1_18' title='bbox 484 814 686 896; x_wconf 81' lang='lat' dir='ltr'><strong>licentiam</strong></span> <span class='ocrx_word' id='word_1_19' title='bbox 715 811 907 915; x_wconf 82' lang='lat' dir='ltr'><strong>habeant,</strong></span> <span class='ocrx_word' id='word_1_20' title='bbox 937 815 1014 895; x_wconf 92' lang='lat' dir='ltr'><strong>nisi</strong></span> <span class='ocrx_word' id='word_1_21' title='bbox 1044 809 1243 924; x_wconf 87' lang='lat' dir='ltr'><strong>generalis</strong></span> <span class='ocrx_word' id='word_1_22' title='bbox 1270 811 1377 894; x_wconf 89' lang='lat' dir='ltr'><strong>facta</strong></span> <span class='ocrx_word' id='word_1_23' title='bbox 1406 811 1529 894; x_wconf 84' lang='lat' dir='ltr'><strong>fuerit</strong></span> <span class='ocrx_word' id='word_1_24' title='bbox 1550 839 1625 922; x_wconf 90' lang='lat' dir='ltr'><strong>pro</strong></span> <span class='ocrx_word' id='word_1_25' title='bbox 1660 812 1785 913; x_wconf 78' lang='lat' dir='ltr'><strong>bino,</strong></span> <span class='ocrx_word' id='word_1_26' title='bbox 1817 818 1890 920; x_wconf 86' lang='lat' dir='ltr'><strong>eti·</strong></span> 
     </span>
     <span class='ocr_line' id='line_1_4' title="bbox 68 922 1891 1035; baseline -0.004 -20"><span class='ocrx_word' id='word_1_27' title='bbox 68 933 157 1016; x_wconf 62' lang='lat' dir='ltr'><strong>&#39;am</strong></span> <span class='ocrx_word' id='word_1_28' title='bbox 186 931 266 1012; x_wconf 89' lang='lat' dir='ltr'><strong>loci</strong></span> <span class='ocrx_word' id='word_1_29' title='bbox 294 927 402 1010; x_wconf 90' lang='lat' dir='ltr'><strong>illius</strong></span> <span class='ocrx_word' id='word_1_30' title='bbox 430 925 572 1008; x_wconf 90' lang='lat' dir='ltr'><strong>incolis</strong></span> <span class='ocrx_word' id='word_1_31' title='bbox 599 923 651 1006; x_wconf 86' lang='lat' dir='ltr'><strong>de</strong></span> <span class='ocrx_word' id='word_1_32' title='bbox 679 925 881 1035; x_wconf 87' lang='lat' dir='ltr'><strong>aliqvibus</strong></span> <span class='ocrx_word' id='word_1_33' title='bbox 910 954 994 1008; x_wconf 89' lang='lat' dir='ltr'><strong>non</strong></span> <span class='ocrx_word' id='word_1_34' title='bbox 1022 922 1267 1022; x_wconf 88' lang='lat' dir='ltr'><strong>deferendis,</strong></span> <span class='ocrx_word' id='word_1_35' title='bbox 1297 951 1382 1004; x_wconf 94' lang='lat' dir='ltr'><strong>non</strong></span> <span class='ocrx_word' id='word_1_36' title='bbox 1410 926 1600 1007; x_wconf 88' lang='lat' dir='ltr'><strong>obstante</strong></span> <span class='ocrx_word' id='word_1_37' title='bbox 1614 925 1891 1035; x_wconf 85' lang='lat' dir='ltr'><strong>prohibitione</strong></span> 
     </span>
     <span class='ocr_line' id='line_1_5' title="bbox 87 1035 1892 1150; baseline -0.002 -25"><span class='ocrx_word' id='word_1_38' title='bbox 87 1046 148 1126; x_wconf 87' lang='lat' dir='ltr'><strong>-ali</strong></span> <span class='ocrx_word' id='word_1_39' title='bbox 179 1071 229 1125; x_wconf 91' lang='lat' dir='ltr'><strong>va</strong></span> <span class='ocrx_word' id='word_1_40' title='bbox 262 1043 359 1150; x_wconf 92' lang='lat' dir='ltr'><strong>qvin</strong></span> <span class='ocrx_word' id='word_1_41' title='bbox 388 1038 520 1120; x_wconf 88' lang='lat' dir='ltr'><strong>incole</strong></span> <span class='ocrx_word' id='word_1_42' title='bbox 550 1036 748 1119; x_wconf 91' lang='lat' dir='ltr'><strong>dictarum</strong></span> <span class='ocrx_word' id='word_1_43' title='bbox 777 1039 984 1119; x_wconf 90' lang='lat' dir='ltr'><strong>civitatum</strong></span> <span class='ocrx_word' id='word_1_44' title='bbox 1015 1037 1057 1116; x_wconf 91' lang='lat' dir='ltr'><strong>in</strong></span> <span class='ocrx_word' id='word_1_45' title='bbox 1087 1038 1306 1145; x_wconf 89' lang='lat' dir='ltr'><strong>Norwegia</strong></span> <span class='ocrx_word' id='word_1_46' title='bbox 1334 1035 1541 1118; x_wconf 80' lang='lat' dir='ltr'><strong>&amp;Norici</strong></span> <span class='ocrx_word' id='word_1_47' title='bbox 1570 1037 1612 1120; x_wconf 87' lang='lat' dir='ltr'><strong>in</strong></span> <span class='ocrx_word' id='word_1_48' title='bbox 1648 1035 1767 1119; x_wconf 90' lang='lat' dir='ltr'><strong>dictis</strong></span> <span class='ocrx_word' id='word_1_49' title='bbox 1795 1043 1892 1122; x_wconf 90' lang='lat' dir='ltr'><strong>civi·</strong></span> 
     </span>
    </p>
   </div>
   <div class='ocr_carea' id='block_1_3' title="bbox 93 1146 2114 1262">
    <p class='ocr_par' dir='ltr' id='par_1_3' title="bbox 93 1146 2114 1262">
     <span class='ocr_line' id='line_1_6' title="bbox 93 1146 2114 1262; baseline -0.004 -24"><span class='ocrx_word' id='word_1_50' title='bbox 93 1161 167 1238; x_wconf 90' lang='lat' dir='ltr'><strong>tati</strong></span> <span class='ocrx_word' id='word_1_51' title='bbox 198 1181 265 1250; x_wconf 88' lang='lat' dir='ltr'><strong>us,</strong></span> <span class='ocrx_word' id='word_1_52' title='bbox 293 1154 336 1232; x_wconf 92' lang='lat' dir='ltr'><strong>in</strong></span> <span class='ocrx_word' id='word_1_53' title='bbox 366 1149 547 1260; x_wconf 90' lang='lat' dir='ltr'><strong>qvalibet</strong></span> <span class='ocrx_word' id='word_1_54' title='bbox 574 1149 674 1228; x_wconf 86' lang='lat' dir='ltr'><strong>hora</strong></span> <span class='ocrx_word' id='word_1_55' title='bbox 704 1146 784 1228; x_wconf 90' lang='lat' dir='ltr'><strong>diei</strong></span> <span class='ocrx_word' id='word_1_56' title='bbox 826 1150 983 1258; x_wconf 88' lang='lat' dir='ltr'><strong>possint</strong></span> <span class='ocrx_word' id='word_1_57' title='bbox 1024 1174 1155 1228; x_wconf 87' lang='lat' dir='ltr'><strong>emere</strong></span> <span class='ocrx_word' id='word_1_58' title='bbox 1183 1175 1246 1230; x_wconf 92' lang='lat' dir='ltr'><strong>res</strong></span> <span class='ocrx_word' id='word_1_59' title='bbox 1275 1173 1550 1259; x_wconf 89' lang='lat' dir='ltr'><strong>quascumque</strong></span> <span class='ocrx_word' id='word_1_60' title='bbox 1591 1148 1754 1229; x_wconf 83' lang='lat' dir='ltr'><strong>venales</strong></span> <span class='ocrx_word' id='word_1_61' title='bbox 1795 1151 1895 1262; x_wconf 90' lang='lat' dir='ltr'><strong>ipsis</strong></span> <span class='ocrx_word' id='word_1_62' title='bbox 1997 1227 2003 1238; x_wconf 82' lang='lat'><strong>,</strong></span> <span class='ocrx_word' id='word_1_63' title='bbox 2111 1237 2114 1244; x_wconf 51' lang='grc'>,</span> 
     </span>
    </p>
   </div>
   <div class='ocr_carea' id='block_1_4' title="bbox 8 1258 1997 2927">
    <p class='ocr_par' dir='ltr' id='par_1_4' title="bbox 8 1258 1997 2927">
     <span class='ocr_line' id='line_1_7' title="bbox 94 1258 1894 1378; baseline -0.004 -29"><span class='ocrx_word' id='word_1_64' title='bbox 94 1291 308 1378; x_wconf 86' lang='lat' dir='ltr'><strong>congruas,</strong></span> <span class='ocrx_word' id='word_1_65' title='bbox 337 1264 440 1344; x_wconf 90' lang='lat' dir='ltr'><strong>sicut</strong></span> <span class='ocrx_word' id='word_1_66' title='bbox 455 1261 535 1342; x_wconf 87' lang='lat' dir='ltr'><strong>loci</strong></span> <span class='ocrx_word' id='word_1_67' title='bbox 562 1258 711 1353; x_wconf 84' lang='lat' dir='ltr'><strong>incole,</strong></span> <span class='ocrx_word' id='word_1_68' title='bbox 742 1286 765 1338; x_wconf 90' lang='lat' dir='ltr'><strong>a</strong></span> <span class='ocrx_word' id='word_1_69' title='bbox 799 1288 914 1341; x_wconf 90' lang='lat' dir='ltr'><strong>mane</strong></span> <span class='ocrx_word' id='word_1_70' title='bbox 942 1260 1094 1342; x_wconf 86' lang='lat' dir='ltr'><strong>scilicet</strong></span> <span class='ocrx_word' id='word_1_71' title='bbox 1126 1286 1254 1370; x_wconf 90' lang='lat' dir='ltr'><strong>usque</strong></span> <span class='ocrx_word' id='word_1_72' title='bbox 1283 1285 1384 1338; x_wconf 90' lang='lat' dir='ltr'><strong>sero.</strong></span> <span class='ocrx_word' id='word_1_73' title='bbox 1419 1261 1606 1341; x_wconf 90' lang='lat' dir='ltr'><strong>Ceterum</strong></span> <span class='ocrx_word' id='word_1_74' title='bbox 1634 1263 1727 1370; x_wconf 92' lang='lat' dir='ltr'><strong>qvia</strong></span> <span class='ocrx_word' id='word_1_75' title='bbox 1744 1289 1792 1340; x_wconf 88' lang='lat' dir='ltr'><strong>ex</strong></span> <span class='ocrx_word' id='word_1_76' title='bbox 1808 1287 1894 1341; x_wconf 90' lang='lat' dir='ltr'><strong>mo·</strong></span> 
     </span>
     <span class='ocr_line' id='line_1_8' title="bbox 94 1369 1894 1482; baseline -0.004 -21"><span class='ocrx_word' id='word_1_77' title='bbox 94 1379 197 1461; x_wconf 89' lang='lat' dir='ltr'><strong>diois</strong></span> <span class='ocrx_word' id='word_1_78' title='bbox 225 1374 362 1456; x_wconf 86' lang='lat' dir='ltr'><strong>verbis</strong></span> <span class='ocrx_word' id='word_1_79' title='bbox 391 1370 610 1482; x_wconf 82' lang='lat' dir='ltr'><strong>aliquando</strong></span> <span class='ocrx_word' id='word_1_80' title='bbox 640 1372 818 1453; x_wconf 87' lang='lat' dir='ltr'><strong>nascitur</strong></span> <span class='ocrx_word' id='word_1_81' title='bbox 847 1374 1074 1468; x_wconf 85' lang='lat' dir='ltr'><strong>contentia,</strong></span> <span class='ocrx_word' id='word_1_82' title='bbox 1103 1397 1151 1451; x_wconf 84' lang='lat' dir='ltr'><strong>ex</strong></span> <span class='ocrx_word' id='word_1_83' title='bbox 1182 1369 1442 1451; x_wconf 88' lang='lat' dir='ltr'><strong>contentione</strong></span> <span class='ocrx_word' id='word_1_84' title='bbox 1484 1369 1704 1469; x_wconf 85' lang='lat' dir='ltr'><strong>discordia,</strong></span> <span class='ocrx_word' id='word_1_85' title='bbox 1733 1400 1784 1453; x_wconf 84' lang='lat' dir='ltr'><strong>ex</strong></span> <span class='ocrx_word' id='word_1_86' title='bbox 1812 1371 1894 1454; x_wconf 66' lang='lat' dir='ltr'><strong>dis·v</strong></span> 
     </span>
     <span class='ocr_line' id='line_1_9' title="bbox 96 1478 1894 1596; baseline -0.003 -25"><span class='ocrx_word' id='word_1_87' title='bbox 96 1487 238 1572; x_wconf 89' lang='lat' dir='ltr'><strong>cordia</strong></span> <span class='ocrx_word' id='word_1_88' title='bbox 267 1483 447 1596; x_wconf 93' lang='lat' dir='ltr'><strong>pericula</strong></span> <span class='ocrx_word' id='word_1_89' title='bbox 477 1483 742 1593; x_wconf 87' lang='lat' dir='ltr'><strong>proveniunt,</strong></span> <span class='ocrx_word' id='word_1_90' title='bbox 785 1483 837 1566; x_wconf 91' lang='lat' dir='ltr'><strong>ad</strong></span> <span class='ocrx_word' id='word_1_91' title='bbox 867 1481 1206 1593; x_wconf 89' lang='lat' dir='ltr'><strong>preclndendum,</strong></span> <span class='ocrx_word' id='word_1_92' title='bbox 1236 1510 1286 1563; x_wconf 90' lang='lat' dir='ltr'><strong>ne</strong></span> <span class='ocrx_word' id='word_1_93' title='bbox 1315 1507 1388 1588; x_wconf 90' lang='lat' dir='ltr'><strong>per</strong></span> <span class='ocrx_word' id='word_1_94' title='bbox 1416 1478 1490 1562; x_wconf 88' lang='lat' dir='ltr'><strong>hec</strong></span> <span class='ocrx_word' id='word_1_95' title='bbox 1517 1483 1582 1562; x_wconf 89' lang='lat' dir='ltr'><strong>vel</strong></span> <span class='ocrx_word' id='word_1_96' title='bbox 1611 1483 1754 1564; x_wconf 83' lang='lat' dir='ltr'><strong>similia</strong></span> <span class='ocrx_word' id='word_1_97' title='bbox 1785 1485 1894 1593; x_wconf 84' lang='lat' dir='ltr'><strong>pacis</strong></span> 
     </span>
     <span class='ocr_line' id='line_1_10' title="bbox 96 1589 1894 1705; baseline -0.003 -24"><span class='ocrx_word' id='word_1_98' title='bbox 96 1604 252 1682; x_wconf 92' lang='lat' dir='ltr'><strong>bonum</strong></span> <span class='ocrx_word' id='word_1_99' title='bbox 281 1595 425 1676; x_wconf 87' lang='lat' dir='ltr'><strong>valeat·</strong></span> <span class='ocrx_word' id='word_1_100' title='bbox 442 1594 694 1705; x_wconf 87' lang='lat' dir='ltr'><strong>perturbari,</strong></span> <span class='ocrx_word' id='word_1_101' title='bbox 721 1621 769 1674; x_wconf 87' lang='lat' dir='ltr'><strong>ex</strong></span> <span class='ocrx_word' id='word_1_102' title='bbox 801 1621 996 1676; x_wconf 89' lang='lat' dir='ltr'><strong>consensu</strong></span> <span class='ocrx_word' id='word_1_103' title='bbox 1056 1609 1337 1674; x_wconf 85' lang='lat' dir='ltr'><strong>rocuratorum</strong></span> <span class='ocrx_word' id='word_1_104' title='bbox 1381 1589 1578 1673; x_wconf 89' lang='lat' dir='ltr'><strong>dictarum</strong></span> <span class='ocrx_word' id='word_1_105' title='bbox 1621 1595 1799 1703; x_wconf 87' lang='lat' dir='ltr'><strong>partium</strong></span> <span class='ocrx_word' id='word_1_106' title='bbox 1832 1624 1894 1675; x_wconf 90' lang='lat' dir='ltr'><strong>ar·</strong></span> 
     </span>
     <span class='ocr_line' id='line_1_11' title="bbox 97 1623 1054 1818; baseline -0.005 -27"><span class='ocrx_word' id='word_1_107' title='bbox 97 1707 333 1806; x_wconf 88' lang='lat' dir='ltr'><strong>bitrandum</strong></span> <span class='ocrx_word' id='word_1_108' title='bbox 363 1705 570 1804; x_wconf 84' lang='lat' dir='ltr'><strong>duximus,</strong></span> <span class='ocrx_word' id='word_1_109' title='bbox 605 1703 716 1818; x_wconf 88' lang='lat' dir='ltr'><strong>qvod</strong></span> <span class='ocrx_word' id='word_1_110' title='bbox 745 1707 827 1785; x_wconf 91' lang='lat' dir='ltr'><strong>sive</strong></span> <span class='ocrx_word' id='word_1_111' title='bbox 857 1623 1054 1787; x_wconf 75' lang='lat' dir='ltr'><strong>incoled</strong></span> 
     </span>
     <span class='ocr_line' id='line_1_12' title="bbox 99 1813 1896 1928; baseline -0.003 -27"><span class='ocrx_word' id='word_1_112' title='bbox 99 1823 173 1903; x_wconf 89' lang='lat' dir='ltr'><strong>rici</strong></span> <span class='ocrx_word' id='word_1_113' title='bbox 202 1819 299 1928; x_wconf 93' lang='lat' dir='ltr'><strong>ipsis</strong></span> <span class='ocrx_word' id='word_1_114' title='bbox 327 1817 470 1899; x_wconf 90' lang='lat' dir='ltr'><strong>incolis</strong></span> <span class='ocrx_word' id='word_1_115' title='bbox 499 1819 709 1898; x_wconf 90' lang='lat' dir='ltr'><strong>civitatum</strong></span> <span class='ocrx_word' id='word_1_116' title='bbox 736 1818 1097 1928; x_wconf 91' lang='lat' dir='ltr'><strong>contemptibiliter</strong></span> <span class='ocrx_word' id='word_1_117' title='bbox 1131 1813 1283 1926; x_wconf 91' lang='lat' dir='ltr'><strong>aliqvid</strong></span> <span class='ocrx_word' id='word_1_118' title='bbox 1311 1813 1376 1893; x_wconf 89' lang='lat' dir='ltr'><strong>vel</strong></span> <span class='ocrx_word' id='word_1_119' title='bbox 1405 1814 1599 1895; x_wconf 88' lang='lat' dir='ltr'><strong>derisorie</strong></span> <span class='ocrx_word' id='word_1_120' title='bbox 1635 1813 1804 1896; x_wconf 84' lang='lat' dir='ltr'><strong>iecerint</strong></span> <span class='ocrx_word' id='word_1_121' title='bbox 1831 1817 1896 1898; x_wconf 89' lang='lat' dir='ltr'><strong>vel</strong></span> 
     </span>
     <span class='ocr_line' id='line_1_13' title="bbox 99 1923 1896 2037; baseline -0.003 -25"><span class='ocrx_word' id='word_1_122' title='bbox 99 1932 227 2020; x_wconf 85' lang='lat' dir='ltr'><strong>locuti</strong></span> <span class='ocrx_word' id='word_1_123' title='bbox 255 1930 426 2028; x_wconf 87' lang='lat' dir='ltr'><strong>fuerint,</strong></span> <span class='ocrx_word' id='word_1_124' title='bbox 468 1956 590 2037; x_wconf 87' lang='lat' dir='ltr'><strong>super</strong></span> <span class='ocrx_word' id='word_1_125' title='bbox 619 1929 676 2008; x_wconf 92' lang='lat' dir='ltr'><strong>eis</strong></span> <span class='ocrx_word' id='word_1_126' title='bbox 704 1930 774 2037; x_wconf 86' lang='lat' dir='ltr'><strong>qvi</strong></span> <span class='ocrx_word' id='word_1_127' title='bbox 810 1927 887 2011; x_wconf 93' lang='lat' dir='ltr'><strong>hoc</strong></span> <span class='ocrx_word' id='word_1_128' title='bbox 931 1928 1099 2010; x_wconf 85' lang='lat' dir='ltr'><strong>fecerint</strong></span> <span class='ocrx_word' id='word_1_129' title='bbox 1120 1967 1122 1974; x_wconf 31' lang='lat' dir='ltr'><strong>v</strong></span> <span class='ocrx_word' id='word_1_130' title='bbox 1144 1930 1393 2036; x_wconf 85' lang='lat' dir='ltr'><strong>corrigatur,</strong></span> <span class='ocrx_word' id='word_1_131' title='bbox 1435 1923 1548 2004; x_wconf 86' lang='lat' dir='ltr'><strong>velut</strong></span> <span class='ocrx_word' id='word_1_132' title='bbox 1589 1926 1623 2006; x_wconf 89' lang='lat' dir='ltr'><strong>si</strong></span> <span class='ocrx_word' id='word_1_133' title='bbox 1663 1925 1896 2035; x_wconf 84' lang='lat' dir='ltr'><strong>hujusmodi</strong></span> 
     </span>
     <span class='ocr_line' id='line_1_14' title="bbox 98 2037 1897 2147; baseline -0.003 -23"><span class='ocrx_word' id='word_1_134' title='bbox 98 2041 249 2124; x_wconf 91' lang='lat' dir='ltr'><strong>derisio</strong></span> <span class='ocrx_word' id='word_1_135' title='bbox 278 2041 384 2122; x_wconf 88' lang='lat' dir='ltr'><strong>facta</strong></span> <span class='ocrx_word' id='word_1_136' title='bbox 412 2055 516 2121; x_wconf 88' lang='lat' dir='ltr'><strong>esset</strong></span> <span class='ocrx_word' id='word_1_137' title='bbox 543 2040 666 2119; x_wconf 88' lang='lat' dir='ltr'><strong>alicui</strong></span> <span class='ocrx_word' id='word_1_138' title='bbox 694 2037 774 2120; x_wconf 90' lang='lat' dir='ltr'><strong>loci</strong></span> <span class='ocrx_word' id='word_1_139' title='bbox 801 2039 909 2120; x_wconf 90' lang='lat' dir='ltr'><strong>illius</strong></span> <span class='ocrx_word' id='word_1_140' title='bbox 938 2042 1071 2122; x_wconf 91' lang='lat' dir='ltr'><strong>incole</strong></span> <span class='ocrx_word' id='word_1_141' title='bbox 1099 2038 1164 2118; x_wconf 87' lang='lat' dir='ltr'><strong>vel</strong></span> <span class='ocrx_word' id='word_1_142' title='bbox 1193 2039 1399 2146; x_wconf 88' lang='lat' dir='ltr'><strong>burgensi,</strong></span> <span class='ocrx_word' id='word_1_143' title='bbox 1428 2041 1470 2116; x_wconf 86' lang='lat'>&amp;</span> <span class='ocrx_word' id='word_1_144' title='bbox 1497 2037 1531 2116; x_wconf 89' lang='lat' dir='ltr'><strong>si</strong></span> <span class='ocrx_word' id='word_1_145' title='bbox 1558 2037 1635 2117; x_wconf 90' lang='lat' dir='ltr'><strong>hoc</strong></span> <span class='ocrx_word' id='word_1_146' title='bbox 1666 2039 1779 2147; x_wconf 91' lang='lat' dir='ltr'><strong>prius</strong></span> <span class='ocrx_word' id='word_1_147' title='bbox 1807 2067 1897 2121; x_wconf 91' lang='lat' dir='ltr'><strong>cor·</strong></span> 
     </span>
     <span class='ocr_line' id='line_1_15' title="bbox 99 2143 1997 2259; baseline -0.002 -25"><span class='ocrx_word' id='word_1_148' title='bbox 99 2169 256 2234; x_wconf 87' lang='lat' dir='ltr'><strong>rectum</strong></span> <span class='ocrx_word' id='word_1_149' title='bbox 286 2179 370 2234; x_wconf 88' lang='lat' dir='ltr'><strong>non</strong></span> <span class='ocrx_word' id='word_1_150' title='bbox 399 2151 533 2247; x_wconf 86' lang='lat' dir='ltr'><strong>fuerit,</strong></span> <span class='ocrx_word' id='word_1_151' title='bbox 561 2143 641 2231; x_wconf 85' lang='lat' dir='ltr'><strong>boc</strong></span> <span class='ocrx_word' id='word_1_152' title='bbox 657 2146 791 2232; x_wconf 90' lang='lat' dir='ltr'><strong>debet</strong></span> <span class='ocrx_word' id='word_1_153' title='bbox 819 2153 967 2259; x_wconf 85' lang='lat' dir='ltr'><strong>corrigi</strong></span> <span class='ocrx_word' id='word_1_154' title='bbox 998 2150 1105 2232; x_wconf 90' lang='lat' dir='ltr'><strong>infra</strong></span> <span class='ocrx_word' id='word_1_155' title='bbox 1122 2177 1247 2230; x_wconf 90' lang='lat' dir='ltr'><strong>unum</strong></span> <span class='ocrx_word' id='word_1_156' title='bbox 1278 2174 1454 2229; x_wconf 87' lang='lat' dir='ltr'><strong>mensem</strong></span> <span class='ocrx_word' id='word_1_157' title='bbox 1470 2164 1684 2257; x_wconf 87' lang='lat' dir='ltr'><strong>postqvam</strong></span> <span class='ocrx_word' id='word_1_158' title='bbox 1706 2176 1778 2231; x_wconf 90' lang='lat' dir='ltr'><strong>rex</strong></span> <span class='ocrx_word' id='word_1_159' title='bbox 1794 2151 1897 2231; x_wconf 92' lang='lat' dir='ltr'><strong>Nor·</strong></span> <span class='ocrx_word' id='word_1_160' title='bbox 1993 2245 1997 2256; x_wconf 27' lang='lat'><em>¹</em></span> 
     </span>
     <span class='ocr_line' id='line_1_16' title="bbox 96 2258 1899 2373; baseline -0.001 -29"><span class='ocrx_word' id='word_1_161' title='bbox 96 2266 231 2373; x_wconf 86' lang='lat' dir='ltr'><strong>wegie</strong></span> <span class='ocrx_word' id='word_1_162' title='bbox 260 2262 379 2344; x_wconf 91' lang='lat' dir='ltr'><strong>dictis</strong></span> <span class='ocrx_word' id='word_1_163' title='bbox 408 2262 644 2344; x_wconf 88' lang='lat' dir='ltr'><strong>civitatibus</strong></span> <span class='ocrx_word' id='word_1_164' title='bbox 671 2260 735 2341; x_wconf 90' lang='lat' dir='ltr'><strong>vel</strong></span> <span class='ocrx_word' id='word_1_165' title='bbox 765 2262 947 2343; x_wconf 88' lang='lat' dir='ltr'><strong>civitates</strong></span> <span class='ocrx_word' id='word_1_166' title='bbox 984 2265 1071 2372; x_wconf 87' lang='lat' dir='ltr'><strong>regi</strong></span> <span class='ocrx_word' id='word_1_167' title='bbox 1115 2261 1351 2368; x_wconf 90' lang='lat' dir='ltr'><strong>Norwegic·</strong></span> <span class='ocrx_word' id='word_1_168' title='bbox 1374 2286 1498 2368; x_wconf 90' lang='lat' dir='ltr'><strong>super</strong></span> <span class='ocrx_word' id='word_1_169' title='bbox 1537 2258 1616 2338; x_wconf 90' lang='lat' dir='ltr'><strong>hoo</strong></span> <span class='ocrx_word' id='word_1_170' title='bbox 1643 2285 1736 2340; x_wconf 91' lang='lat' dir='ltr'><strong>suas</strong></span> <span class='ocrx_word' id='word_1_171' title='bbox 1764 2260 1899 2349; x_wconf 88' lang='lat' dir='ltr'><strong>literas</strong></span> 
     </span>
     <span class='ocr_line' id='line_1_17' title="bbox 96 2371 1900 2484; baseline -0.002 -28"><span class='ocrx_word' id='word_1_172' title='bbox 96 2377 293 2471; x_wconf 86' lang='lat' dir='ltr'><strong>miserint,</strong></span> <span class='ocrx_word' id='word_1_173' title='bbox 321 2373 432 2484; x_wconf 89' lang='lat' dir='ltr'><strong>qvod</strong></span> <span class='ocrx_word' id='word_1_174' title='bbox 465 2373 554 2454; x_wconf 91' lang='lat' dir='ltr'><strong>talis</strong></span> <span class='ocrx_word' id='word_1_175' title='bbox 583 2373 732 2454; x_wconf 90' lang='lat' dir='ltr'><strong>derisio</strong></span> <span class='ocrx_word' id='word_1_176' title='bbox 746 2371 824 2454; x_wconf 85' lang='lat' dir='ltr'><strong>fuit</strong></span> <span class='ocrx_word' id='word_1_177' title='bbox 852 2372 968 2454; x_wconf 85' lang='lat' dir='ltr'><strong>facta.</strong></span> <span class='ocrx_word' id='word_1_178' title='bbox 1000 2371 1065 2454; x_wconf 93' lang='lat' dir='ltr'><strong>Ad</strong></span> <span class='ocrx_word' id='word_1_179' title='bbox 1094 2371 1288 2481; x_wconf 86' lang='lat' dir='ltr'><strong>majorem</strong></span> <span class='ocrx_word' id='word_1_180' title='bbox 1316 2372 1434 2451; x_wconf 88' lang='lat' dir='ltr'><strong>etiam</strong></span> <span class='ocrx_word' id='word_1_181' title='bbox 1456 2371 1564 2451; x_wconf 88' lang='lat' dir='ltr'><strong>inter</strong></span> <span class='ocrx_word' id='word_1_182' title='bbox 1579 2372 1790 2478; x_wconf 89' lang='lat' dir='ltr'><strong>premissas</strong></span> <span class='ocrx_word' id='word_1_183' title='bbox 1806 2397 1900 2484; x_wconf 62' lang='lat' dir='ltr'><strong>par²</strong></span> 
     </span>
     <span class='ocr_line' id='line_1_18' title="bbox 8 2480 1915 2596; baseline -0.003 -27"><span class='ocrx_word' id='word_1_184' title='bbox 8 2487 10 2496; x_wconf 74' lang='grc'>’</span> <span class='ocrx_word' id='word_1_185' title='bbox 96 2505 158 2569; x_wconf 88' lang='lat' dir='ltr'><strong>tes</strong></span> <span class='ocrx_word' id='word_1_186' title='bbox 205 2483 427 2568; x_wconf 84' lang='lat' dir='ltr'><strong>faciendam</strong></span> <span class='ocrx_word' id='word_1_187' title='bbox 470 2486 580 2594; x_wconf 90' lang='lat' dir='ltr'><strong>pacis</strong></span> <span class='ocrx_word' id='word_1_188' title='bbox 609 2484 851 2565; x_wconf 87' lang='lat' dir='ltr'><strong>&amp;amicitie</strong></span> <span class='ocrx_word' id='word_1_189' title='bbox 893 2485 1121 2566; x_wconf 87' lang='lat' dir='ltr'><strong>firmitatem</strong></span> <span class='ocrx_word' id='word_1_190' title='bbox 1170 2480 1496 2563; x_wconf 72' lang='lat' dir='ltr'><strong>sententiantium</strong></span> <span class='ocrx_word' id='word_1_191' title='bbox 1539 2480 1748 2580; x_wconf 84' lang='lat' dir='ltr'><strong>duximus,</strong></span> <span class='ocrx_word' id='word_1_192' title='bbox 1790 2485 1915 2596; x_wconf 89' lang='lat' dir='ltr'><strong>qvod.</strong></span> 
     </span>
     <span class='ocr_line' id='line_1_19' title="bbox 96 2593 1900 2705; baseline -0.002 -24"><span class='ocrx_word' id='word_1_193' title='bbox 96 2599 237 2681; x_wconf 90' lang='lat' dir='ltr'><strong>omnia</strong></span> <span class='ocrx_word' id='word_1_194' title='bbox 268 2595 479 2705; x_wconf 88' lang='lat' dir='ltr'><strong>privilegia</strong></span> <span class='ocrx_word' id='word_1_195' title='bbox 508 2623 530 2674; x_wconf 89' lang='lat' dir='ltr'><strong>a</strong></span> <span class='ocrx_word' id='word_1_196' title='bbox 561 2596 738 2676; x_wconf 91' lang='lat' dir='ltr'><strong>Domino</strong></span> <span class='ocrx_word' id='word_1_197' title='bbox 766 2596 810 2674; x_wconf 90' lang='lat' dir='ltr'><strong>E.</strong></span> <span class='ocrx_word' id='word_1_198' title='bbox 842 2593 923 2702; x_wconf 83' lang='lat' dir='ltr'><strong>jam</strong></span> <span class='ocrx_word' id='word_1_199' title='bbox 952 2623 1047 2704; x_wconf 88' lang='lat' dir='ltr'><strong>rege</strong></span> <span class='ocrx_word' id='word_1_200' title='bbox 1078 2595 1295 2704; x_wconf 90' lang='lat' dir='ltr'><strong>Norwegie</strong></span> <span class='ocrx_word' id='word_1_201' title='bbox 1324 2600 1364 2674; x_wconf 87' lang='lat'>&amp;</span> <span class='ocrx_word' id='word_1_202' title='bbox 1391 2593 1473 2674; x_wconf 88' lang='lat' dir='ltr'><strong>suis</strong></span> <span class='ocrx_word' id='word_1_203' title='bbox 1501 2595 1823 2677; x_wconf 89' lang='lat' dir='ltr'><strong>antecessoribus</strong></span> <span class='ocrx_word' id='word_1_204' title='bbox 1837 2599 1900 2679; x_wconf 88' lang='lat' dir='ltr'><strong>in·</strong></span> 
     </span>
     <span class='ocr_line' id='line_1_20' title="bbox 96 2701 1902 2814; baseline -0.001 -21"><span class='ocrx_word' id='word_1_205' title='bbox 96 2711 216 2794; x_wconf 89' lang='lat' dir='ltr'><strong>dulta</strong></span> <span class='ocrx_word' id='word_1_206' title='bbox 249 2705 448 2788; x_wconf 89' lang='lat' dir='ltr'><strong>dictarum</strong></span> <span class='ocrx_word' id='word_1_207' title='bbox 476 2706 684 2787; x_wconf 90' lang='lat' dir='ltr'><strong>civitatum</strong></span> <span class='ocrx_word' id='word_1_208' title='bbox 719 2701 861 2786; x_wconf 89' lang='lat' dir='ltr'><strong>incolis</strong></span> <span class='ocrx_word' id='word_1_209' title='bbox 888 2701 1035 2787; x_wconf 63' lang='lat' dir='ltr'><strong>‘robur</strong></span> <span class='ocrx_word' id='word_1_210' title='bbox 1074 2705 1252 2788; x_wconf 87' lang='lat' dir='ltr'><strong>habeant</strong></span> <span class='ocrx_word' id='word_1_211' title='bbox 1294 2719 1490 2814; x_wconf 88' lang='lat' dir='ltr'><strong>perpetue</strong></span> <span class='ocrx_word' id='word_1_212' title='bbox 1535 2704 1749 2803; x_wconf 85' lang='lat' dir='ltr'><strong>firmitatis,</strong></span> <span class='ocrx_word' id='word_1_213' title='bbox 1779 2708 1902 2792; x_wconf 85' lang='lat' dir='ltr'><strong>&amp;ad</strong></span> 
     </span>
     <span class='ocr_line' id='line_1_21' title="bbox 98 2818 1901 2927; baseline -0.002 -24"><span class='ocrx_word' id='word_1_214' title='bbox 98 2819 273 2904; x_wconf 88' lang='lat' dir='ltr'><strong>solidius</strong></span> <span class='ocrx_word' id='word_1_215' title='bbox 302 2820 412 2927; x_wconf 89' lang='lat' dir='ltr'><strong>pacis</strong></span> <span class='ocrx_word' id='word_1_216' title='bbox 441 2818 665 2915; x_wconf 89' lang='lat' dir='ltr'><strong>vinculum,</strong></span> <span class='ocrx_word' id='word_1_217' title='bbox 695 2843 742 2897; x_wconf 87' lang='lat' dir='ltr'><strong>ex</strong></span> <span class='ocrx_word' id='word_1_218' title='bbox 772 2841 972 2899; x_wconf 90' lang='lat' dir='ltr'><strong>consensu</strong></span> <span class='ocrx_word' id='word_1_219' title='bbox 1001 2835 1316 2898; x_wconf 88' lang='lat' dir='ltr'><strong>memoratorum</strong></span> <span class='ocrx_word' id='word_1_220' title='bbox 1338 2829 1647 2926; x_wconf 89' lang='lat' dir='ltr'><strong>procuratorum</strong></span> <span class='ocrx_word' id='word_1_221' title='bbox 1663 2819 1768 2925; x_wconf 88' lang='lat' dir='ltr'><strong>regis</strong></span> <span class='ocrx_word' id='word_1_222' title='bbox 1797 2821 1901 2902; x_wconf 91' lang='lat' dir='ltr'><strong>Nor·</strong></span> 
     </span>
    </p>
   </div>
   <div class='ocr_carea' id='block_1_5' title="bbox 1045 1685 2025 1800">
    <p class='ocr_par' dir='ltr' id='par_1_5' title="bbox 1045 1685 2025 1800">
     <span class='ocr_line' id='line_1_22' title="bbox 1045 1685 2025 1800; baseline 0 -15"><span class='ocrx_word' id='word_1_223' title='bbox 1045 1708 1215 1786; x_wconf 87' lang='lat' dir='ltr'><strong>ictarum</strong></span> <span class='ocrx_word' id='word_1_224' title='bbox 1244 1704 1451 1785; x_wconf 89' lang='lat' dir='ltr'><strong>civitatum</strong></span> <span class='ocrx_word' id='word_1_225' title='bbox 1480 1703 1656 1800; x_wconf 87' lang='lat' dir='ltr'><strong>Noricis,</strong></span> <span class='ocrx_word' id='word_1_226' title='bbox 1693 1707 1776 1788; x_wconf 92' lang='lat' dir='ltr'><strong>sive</strong></span> <span class='ocrx_word' id='word_1_227' title='bbox 1811 1707 1895 1788; x_wconf 90' lang='lat' dir='ltr'><strong>No·</strong></span> <span class='ocrx_word' id='word_1_228' title='bbox 1988 1685 2025 1722; x_wconf 48' lang='lat'><strong>²</strong></span> 
     </span>
    </p>
   </div>
   <div class='ocr_carea' id='block_1_6' title="bbox 97 2927 2038 3042">
    <p class='ocr_par' dir='ltr' id='par_1_6' title="bbox 97 2927 2038 3042">
     <span class='ocr_line' id='line_1_23' title="bbox 97 2927 2038 3042; baseline -0.002 -25"><span class='ocrx_word' id='word_1_229' title='bbox 97 2933 251 3042; x_wconf 87' lang='lat' dir='ltr'><strong>wegie,</strong></span> <span class='ocrx_word' id='word_1_230' title='bbox 286 2930 393 3009; x_wconf 90' lang='lat' dir='ltr'><strong>ultra</strong></span> <span class='ocrx_word' id='word_1_231' title='bbox 420 2930 498 3010; x_wconf 93' lang='lat' dir='ltr'><strong>hoo</strong></span> <span class='ocrx_word' id='word_1_232' title='bbox 525 2927 633 3038; x_wconf 91' lang='lat' dir='ltr'><strong>qvod</strong></span> <span class='ocrx_word' id='word_1_233' title='bbox 670 2929 795 3037; x_wconf 85' lang='lat' dir='ltr'><strong>prius</strong></span> <span class='ocrx_word' id='word_1_234' title='bbox 837 2928 1063 3012; x_wconf 88' lang='lat' dir='ltr'><strong>habuerant</strong></span> <span class='ocrx_word' id='word_1_235' title='bbox 1091 2930 1168 3037; x_wconf 90' lang='lat' dir='ltr'><strong>ipsi</strong></span> <span class='ocrx_word' id='word_1_236' title='bbox 1201 2927 1398 3011; x_wconf 88' lang='lat' dir='ltr'><strong>dictarum</strong></span> <span class='ocrx_word' id='word_1_237' title='bbox 1440 2927 1649 3008; x_wconf 91' lang='lat' dir='ltr'><strong>civitatum</strong></span> <span class='ocrx_word' id='word_1_238' title='bbox 1692 2929 1822 3011; x_wconf 90' lang='lat' dir='ltr'><strong>incole</strong></span> <span class='ocrx_word' id='word_1_239' title='bbox 1852 2959 1902 3014; x_wconf 85' lang='lat' dir='ltr'><strong>ex</strong></span> <span class='ocrx_word' id='word_1_240' title='bbox 2035 2935 2038 2946; x_wconf 86' lang='lat'>&#39;</span> 
     </span>
    </p>
   </div>
   <div class='ocr_carea' id='block_1_7' title="bbox 99 3037 1903 3260">
    <p class='ocr_par' dir='ltr' id='par_1_7' title="bbox 99 3037 1903 3260">
     <span class='ocr_line' id='line_1_24' title="bbox 130 3037 1903 3152; baseline -0.002 -26"><span class='ocrx_word' id='word_1_241' title='bbox 130 3041 325 3149; x_wconf 89' lang='lat' dir='ltr'><strong>rivilegiis</strong></span> <span class='ocrx_word' id='word_1_242' title='bbox 353 3040 579 3151; x_wconf 90' lang='lat' dir='ltr'><strong>aliqvorum</strong></span> <span class='ocrx_word' id='word_1_243' title='bbox 608 3065 747 3148; x_wconf 85' lang='lat' dir='ltr'><strong>regum</strong></span> <span class='ocrx_word' id='word_1_244' title='bbox 777 3039 972 3121; x_wconf 87' lang='lat' dir='ltr'><strong>hactenus</strong></span> <span class='ocrx_word' id='word_1_245' title='bbox 1001 3041 1043 3120; x_wconf 93' lang='lat' dir='ltr'><strong>in</strong></span> <span class='ocrx_word' id='word_1_246' title='bbox 1065 3039 1290 3148; x_wconf 87' lang='lat' dir='ltr'><strong>Norwegia,</strong></span> <span class='ocrx_word' id='word_1_247' title='bbox 1319 3039 1493 3122; x_wconf 86' lang='lat' dir='ltr'><strong>adiicere</strong></span> <span class='ocrx_word' id='word_1_248' title='bbox 1520 3037 1763 3136; x_wconf 89' lang='lat' dir='ltr'><strong>curavimus,</strong></span> <span class='ocrx_word' id='word_1_249' title='bbox 1792 3041 1903 3152; x_wconf 92' lang='lat' dir='ltr'><strong>qv&#39;od</strong></span> 
     </span>
     <span class='ocr_line' id='line_1_25' title="bbox 99 3077 1902 3260; baseline -0.002 -22"><span class='ocrx_word' id='word_1_250' title='bbox 99 3077 233 3238; x_wconf 77' lang='lat' dir='ltr'><strong>libere</strong></span> <span class='ocrx_word' id='word_1_251' title='bbox 264 3153 451 3232; x_wconf 89' lang='lat' dir='ltr'><strong>fruantur</strong></span> <span class='ocrx_word' id='word_1_252' title='bbox 479 3151 659 3234; x_wconf 88' lang='lat' dir='ltr'><strong>articulis</strong></span> <span class='ocrx_word' id='word_1_253' title='bbox 688 3149 973 3259; x_wconf 88' lang='lat' dir='ltr'><strong>infrascriptis:</strong></span> <span class='ocrx_word' id='word_1_254' title='bbox 1010 3149 1197 3232; x_wconf 89' lang='lat' dir='ltr'><strong>videlicet</strong></span> <span class='ocrx_word' id='word_1_255' title='bbox 1225 3149 1336 3259; x_wconf 93' lang='lat' dir='ltr'><strong>qvod</strong></span> <span class='ocrx_word' id='word_1_256' title='bbox 1372 3152 1526 3260; x_wconf 89' lang='lat' dir='ltr'><strong>possint</strong></span> <span class='ocrx_word' id='word_1_257' title='bbox 1560 3175 1791 3234; x_wconf 84' lang='lat' dir='ltr'><strong>mensurare</strong></span> <span class='ocrx_word' id='word_1_258' title='bbox 1820 3154 1902 3245; x_wconf 87' lang='lat' dir='ltr'><strong>ole-</strong></span> 
     </span>
    </p>
   </div>
   <div class='ocr_carea' id='block_1_8' title="bbox 100 3261 2016 3452">
    <p class='ocr_par' dir='ltr' id='par_1_8' title="bbox 100 3261 2016 3452">
     <span class='ocr_line' id='line_1_26' title="bbox 100 3261 2016 3452; baseline -0.001 -104"><span class='ocrx_word' id='word_1_259' title='bbox 100 3297 171 3348; x_wconf 93' lang='lat' dir='ltr'><strong>um</strong></span> <span class='ocrx_word' id='word_1_260' title='bbox 201 3264 347 3372; x_wconf 89' lang='lat' dir='ltr'><strong>halyus</strong></span> <span class='ocrx_word' id='word_1_261' title='bbox 375 3261 528 3344; x_wconf 89' lang='lat' dir='ltr'><strong>dictum</strong></span> <span class='ocrx_word' id='word_1_262' title='bbox 555 3261 628 3342; x_wconf 92' lang='lat' dir='ltr'><strong>ubi</strong></span> <span class='ocrx_word' id='word_1_263' title='bbox 658 3277 798 3341; x_wconf 90' lang='lat' dir='ltr'><strong>emunt</strong></span> <span class='ocrx_word' id='word_1_264' title='bbox 826 3263 958 3371; x_wconf 91' lang='lat' dir='ltr'><strong>ipsum</strong></span> <span class='ocrx_word' id='word_1_265' title='bbox 989 3261 1115 3344; x_wconf 91' lang='lat' dir='ltr'><strong>libere</strong></span> <span class='ocrx_word' id='word_1_266' title='bbox 1143 3261 1195 3342; x_wconf 89' lang='lat' dir='ltr'><strong>ad</strong></span> <span class='ocrx_word' id='word_1_267' title='bbox 1225 3261 1357 3343; x_wconf 90' lang='lat' dir='ltr'><strong>locum</strong></span> <span class='ocrx_word' id='word_1_268' title='bbox 1387 3288 1666 3452; x_wconf 52' lang='lat' dir='ltr'><strong>qvemcungve</strong></span> <span class='ocrx_word' id='word_1_269' title='bbox 1696 3261 1901 3346; x_wconf 87' lang='lat' dir='ltr'><strong>voluerint</strong></span> <span class='ocrx_word' id='word_1_270' title='bbox 2009 3290 2016 3298; x_wconf 91' lang='lat'>·</span> 
     </span>
    </p>
   </div>
   <div class='ocr_carea' id='block_1_9' title="bbox 10 3371 1965 4154">
    <p class='ocr_par' dir='ltr' id='par_1_9' title="bbox 100 3371 1902 3705">
     <span class='ocr_line' id='line_1_27' title="bbox 101 3371 1901 3483; baseline -0.001 -23"><span class='ocrx_word' id='word_1_271' title='bbox 101 3373 357 3460; x_wconf 87' lang='lat' dir='ltr'><strong>deducendo.</strong></span> <span class='ocrx_word' id='word_1_272' title='bbox 387 3376 489 3453; x_wconf 91' lang='lat' dir='ltr'><strong>Item</strong></span> <span class='ocrx_word' id='word_1_273' title='bbox 517 3372 628 3483; x_wconf 91' lang='lat' dir='ltr'><strong>qvod</strong></span> <span class='ocrx_word' id='word_1_274' title='bbox 657 3371 845 3454; x_wconf 85' lang='lat' dir='ltr'><strong>fruantur</strong></span> <span class='ocrx_word' id='word_1_275' title='bbox 875 3373 1053 3482; x_wconf 89' lang='lat' dir='ltr'><strong>legibus,</strong></span> <span class='ocrx_word' id='word_1_276' title='bbox 1089 3389 1135 3454; x_wconf 92' lang='lat' dir='ltr'><strong>ut</strong></span> <span class='ocrx_word' id='word_1_277' title='bbox 1164 3372 1295 3455; x_wconf 89' lang='lat' dir='ltr'><strong>incole</strong></span> <span class='ocrx_word' id='word_1_278' title='bbox 1322 3399 1587 3483; x_wconf 78' lang='lat' dir='ltr'><strong>regm,qvan</strong></span> <span class='ocrx_word' id='word_1_279' title='bbox 1621 3399 1646 3452; x_wconf 95' lang='lat'>0</span> <span class='ocrx_word' id='word_1_280' title='bbox 1673 3377 1849 3457; x_wconf 90' lang='lat' dir='ltr'><strong>citantur</strong></span> <span class='ocrx_word' id='word_1_281' title='bbox 1878 3406 1901 3458; x_wconf 90' lang='lat' dir='ltr'><strong>a</strong></span> 
     </span>
     <span class='ocr_line' id='line_1_28' title="bbox 102 3482 1902 3596; baseline -0.001 -26"><span class='ocrx_word' id='word_1_282' title='bbox 102 3489 249 3571; x_wconf 90' lang='lat' dir='ltr'><strong>balivis</strong></span> <span class='ocrx_word' id='word_1_283' title='bbox 277 3485 342 3567; x_wconf 90' lang='lat' dir='ltr'><strong>vel</strong></span> <span class='ocrx_word' id='word_1_284' title='bbox 373 3484 425 3565; x_wconf 92' lang='lat' dir='ltr'><strong>ab</strong></span> <span class='ocrx_word' id='word_1_285' title='bbox 455 3484 543 3566; x_wconf 89' lang='lat' dir='ltr'><strong>aliis</strong></span> <span class='ocrx_word' id='word_1_286' title='bbox 571 3485 892 3594; x_wconf 87' lang='lat' dir='ltr'><strong>qvibuscunqve.</strong></span> <span class='ocrx_word' id='word_1_287' title='bbox 943 3489 1043 3566; x_wconf 89' lang='lat' dir='ltr'><strong>ltem</strong></span> <span class='ocrx_word' id='word_1_288' title='bbox 1086 3485 1196 3596; x_wconf 90' lang='lat' dir='ltr'><strong>qvod</strong></span> <span class='ocrx_word' id='word_1_289' title='bbox 1247 3499 1490 3566; x_wconf 88' lang='lat' dir='ltr'><strong>mercatores</strong></span> <span class='ocrx_word' id='word_1_290' title='bbox 1532 3482 1733 3564; x_wconf 91' lang='lat' dir='ltr'><strong>dictarum</strong></span> <span class='ocrx_word' id='word_1_291' title='bbox 1761 3488 1902 3569; x_wconf 89' lang='lat' dir='ltr'><strong>civita·</strong></span> 
     </span>
     <span class='ocr_line' id='line_1_29' title="bbox 100 3595 1902 3705; baseline 0 -24"><span class='ocrx_word' id='word_1_292' title='bbox 100 3617 193 3682; x_wconf 86' lang='lat' dir='ltr'><strong>turn</strong></span> <span class='ocrx_word' id='word_1_293' title='bbox 220 3600 427 3678; x_wconf 84' lang='lat' dir='ltr'><strong>venientes</strong></span> <span class='ocrx_word' id='word_1_294' title='bbox 456 3595 509 3676; x_wconf 89' lang='lat' dir='ltr'><strong>ad</strong></span> <span class='ocrx_word' id='word_1_295' title='bbox 538 3611 703 3705; x_wconf 91' lang='lat' dir='ltr'><strong>portum</strong></span> <span class='ocrx_word' id='word_1_296' title='bbox 746 3595 916 3704; x_wconf 86' lang='lat' dir='ltr'><strong>alicujus</strong></span> <span class='ocrx_word' id='word_1_297' title='bbox 961 3598 1132 3678; x_wconf 89' lang='lat' dir='ltr'><strong>civitatis</strong></span> <span class='ocrx_word' id='word_1_298' title='bbox 1161 3597 1203 3675; x_wconf 95' lang='lat' dir='ltr'><strong>in</strong></span> <span class='ocrx_word' id='word_1_299' title='bbox 1233 3597 1449 3705; x_wconf 88' lang='lat' dir='ltr'><strong>Norwegia</strong></span> <span class='ocrx_word' id='word_1_300' title='bbox 1473 3595 1628 3705; x_wconf 89' lang='lat' dir='ltr'><strong>possint</strong></span> <span class='ocrx_word' id='word_1_301' title='bbox 1655 3595 1706 3676; x_wconf 90' lang='lat' dir='ltr'><strong>ad</strong></span> <span class='ocrx_word' id='word_1_302' title='bbox 1735 3615 1902 3704; x_wconf 90' lang='lat' dir='ltr'><strong>pontem</strong></span> 
     </span>
    </p>

    <p class='ocr_par' dir='ltr' id='par_1_10' title="bbox 10 3705 1965 4154">
     <span class='ocr_line' id='line_1_30' title="bbox 66 3705 1953 3822; baseline 0.004 -38"><span class='ocrx_word' id='word_1_303' title='bbox 66 3709 427 3822; x_wconf 70' lang='lat' dir='ltr'><strong>applicaremus</strong></span> <span class='ocrx_word' id='word_1_304' title='bbox 456 3706 581 3789; x_wconf 88' lang='lat' dir='ltr'><strong>balivi</strong></span> <span class='ocrx_word' id='word_1_305' title='bbox 611 3707 791 3805; x_wconf 86' lang='lat' dir='ltr'><strong>licentia,</strong></span> <span class='ocrx_word' id='word_1_306' title='bbox 827 3724 1034 3789; x_wconf 85' lang='lat' dir='ltr'><strong>attamen</strong></span> <span class='ocrx_word' id='word_1_307' title='bbox 1064 3736 1141 3817; x_wconf 92' lang='lat' dir='ltr'><strong>pro</strong></span> <span class='ocrx_word' id='word_1_308' title='bbox 1174 3708 1374 3788; x_wconf 91' lang='lat' dir='ltr'><strong>mercibus</strong></span> <span class='ocrx_word' id='word_1_309' title='bbox 1403 3705 1454 3788; x_wconf 93' lang='lat' dir='ltr'><strong>de</strong></span> <span class='ocrx_word' id='word_1_310' title='bbox 1483 3733 1584 3786; x_wconf 89' lang='lat' dir='ltr'><strong>nave</strong></span> <span class='ocrx_word' id='word_1_311' title='bbox 1613 3706 1903 3792; x_wconf 85' lang='lat' dir='ltr'><strong>transferendis</strong></span> <span class='ocrx_word' id='word_1_312' title='bbox 1947 3707 1953 3714; x_wconf 70' lang='grc'><strong>’</strong></span> 
     </span>
     <span class='ocr_line' id='line_1_31' title="bbox 10 3816 1903 3930; baseline -0.001 -27"><span class='ocrx_word' id='word_1_313' title='bbox 10 3851 11 3854; x_wconf 59' lang='lat'>‘</span> <span class='ocrx_word' id='word_1_314' title='bbox 101 3824 266 3905; x_wconf 90' lang='lat' dir='ltr'><strong>licentia</strong></span> <span class='ocrx_word' id='word_1_315' title='bbox 300 3820 541 3930; x_wconf 87' lang='lat' dir='ltr'><strong>reqviratur.</strong></span> <span class='ocrx_word' id='word_1_316' title='bbox 571 3820 632 3898; x_wconf 92' lang='lat' dir='ltr'><strong>Ne</strong></span> <span class='ocrx_word' id='word_1_317' title='bbox 661 3834 794 3898; x_wconf 89' lang='lat' dir='ltr'><strong>autem</strong></span> <span class='ocrx_word' id='word_1_318' title='bbox 824 3818 934 3928; x_wconf 94' lang='lat' dir='ltr'><strong>qvod</strong></span> <span class='ocrx_word' id='word_1_319' title='bbox 965 3819 1124 3899; x_wconf 87' lang='lat' dir='ltr'><strong>firmum</strong></span> <span class='ocrx_word' id='word_1_320' title='bbox 1153 3819 1282 3900; x_wconf 90' lang='lat' dir='ltr'><strong>teneri</strong></span> <span class='ocrx_word' id='word_1_321' title='bbox 1310 3817 1449 3916; x_wconf 89' lang='lat' dir='ltr'><strong>debet,</strong></span> <span class='ocrx_word' id='word_1_322' title='bbox 1481 3845 1598 3897; x_wconf 89' lang='lat' dir='ltr'><strong>causa</strong></span> <span class='ocrx_word' id='word_1_323' title='bbox 1629 3816 1726 3896; x_wconf 91' lang='lat' dir='ltr'><strong>levis</strong></span> <span class='ocrx_word' id='word_1_324' title='bbox 1754 3845 1903 3902; x_wconf 88' lang='lat' dir='ltr'><strong>concu-</strong></span> 
     </span>
     <span class='ocr_line' id='line_1_32' title="bbox 102 3927 1965 4041; baseline -0.002 -24"><span class='ocrx_word' id='word_1_325' title='bbox 102 3937 203 4031; x_wconf 90' lang='lat' dir='ltr'><strong>ciat,</strong></span> <span class='ocrx_word' id='word_1_326' title='bbox 233 3927 514 4012; x_wconf 87' lang='lat' dir='ltr'><strong>arbitrandum</strong></span> <span class='ocrx_word' id='word_1_327' title='bbox 542 3927 750 4026; x_wconf 83' lang='lat' dir='ltr'><strong>duximus,</strong></span> <span class='ocrx_word' id='word_1_328' title='bbox 780 3945 827 4010; x_wconf 92' lang='lat' dir='ltr'><strong>ut</strong></span> <span class='ocrx_word' id='word_1_329' title='bbox 856 3932 889 4012; x_wconf 93' lang='lat' dir='ltr'><strong>si</strong></span> <span class='ocrx_word' id='word_1_330' title='bbox 918 3958 996 4041; x_wconf 87' lang='lat' dir='ltr'><strong>qve</strong></span> <span class='ocrx_word' id='word_1_331' title='bbox 1025 3929 1246 4040; x_wconf 82' lang='lat' dir='ltr'><strong>singulares</strong></span> <span class='ocrx_word' id='word_1_332' title='bbox 1289 3956 1460 4041; x_wconf 89' lang='lat' dir='ltr'><strong>persone</strong></span> <span class='ocrx_word' id='word_1_333' title='bbox 1489 3956 1539 4008; x_wconf 82' lang='lat' dir='ltr'><strong>ex</strong></span> <span class='ocrx_word' id='word_1_334' title='bbox 1567 3943 1684 4036; x_wconf 87' lang='lat' dir='ltr'><strong>parte</strong></span> <span class='ocrx_word' id='word_1_335' title='bbox 1712 3927 1905 4014; x_wconf 87' lang='lat' dir='ltr'><strong>alterutra</strong></span> <span class='ocrx_word' id='word_1_336' title='bbox 1961 3932 1965 3944; x_wconf 80' lang='lat'>&#39;</span> 
     </span>
     <span class='ocr_line' id='line_1_33' title="bbox 103 4038 1903 4154; baseline -0.002 -26"><span class='ocrx_word' id='word_1_337' title='bbox 103 4043 377 4154; x_wconf 89' lang='lat' dir='ltr'><strong>singularibus</strong></span> <span class='ocrx_word' id='word_1_338' title='bbox 405 4040 589 4150; x_wconf 89' lang='lat' dir='ltr'><strong>personis</strong></span> <span class='ocrx_word' id='word_1_339' title='bbox 617 4042 743 4148; x_wconf 88' lang='lat' dir='ltr'><strong>partis</strong></span> <span class='ocrx_word' id='word_1_340' title='bbox 772 4041 1133 4123; x_wconf 74' lang='lat' dir='ltr'><strong>atterius-testones</strong></span> <span class='ocrx_word' id='word_1_341' title='bbox 1162 4041 1225 4121; x_wconf 93' lang='lat' dir='ltr'><strong>vel</strong></span> <span class='ocrx_word' id='word_1_342' title='bbox 1255 4040 1424 4149; x_wconf 86' lang='lat' dir='ltr'><strong>injurias</strong></span> <span class='ocrx_word' id='word_1_343' title='bbox 1453 4039 1549 4120; x_wconf 88' lang='lat' dir='ltr'><strong>alias</strong></span> <span class='ocrx_word' id='word_1_344' title='bbox 1564 4038 1805 4138; x_wconf 89' lang='lat' dir='ltr'><strong>intulerunt,</strong></span> <span class='ocrx_word' id='word_1_345' title='bbox 1833 4071 1903 4124; x_wconf 84' lang='lat' dir='ltr'><strong>ex·</strong></span> 
     </span>
    </p>
   </div>
   <div class='ocr_carea' id='block_1_10' title="bbox 104 4149 2030 4263">
    <p class='ocr_par' dir='ltr' id='par_1_11' title="bbox 104 4149 2030 4263">
     <span class='ocr_line' id='line_1_34' title="bbox 104 4149 2030 4263; baseline -0.004 -23"><span class='ocrx_word' id='word_1_346' title='bbox 104 4182 241 4240; x_wconf 89' lang='lat' dir='ltr'><strong>cessus</strong></span> <span class='ocrx_word' id='word_1_347' title='bbox 269 4150 505 4263; x_wconf 86' lang='lat' dir='ltr'><strong>hujusmodi</strong></span> <span class='ocrx_word' id='word_1_348' title='bbox 533 4150 685 4233; x_wconf 90' lang='lat' dir='ltr'><strong>debent</strong></span> <span class='ocrx_word' id='word_1_349' title='bbox 711 4150 933 4234; x_wconf 89' lang='lat' dir='ltr'><strong>secundum</strong></span> <span class='ocrx_word' id='word_1_350' title='bbox 975 4153 1080 4263; x_wconf 90' lang='lat' dir='ltr'><strong>leges</strong></span> <span class='ocrx_word' id='word_1_351' title='bbox 1116 4151 1179 4237; x_wconf 80' lang='lat' dir='ltr'><strong>vel</strong></span> <span class='ocrx_word' id='word_1_352' title='bbox 1223 4151 1493 4263; x_wconf 88' lang='lat' dir='ltr'><strong>approbatam</strong></span> <span class='ocrx_word' id='word_1_353' title='bbox 1524 4149 1603 4234; x_wconf 87' lang='lat' dir='ltr'><strong>loci</strong></span> <span class='ocrx_word' id='word_1_354' title='bbox 1646 4155 1903 4236; x_wconf 81' lang='lat' dir='ltr'><strong>consuetudi·</strong></span> <span class='ocrx_word' id='word_1_355' title='bbox 2026 4161 2030 4171; x_wconf 89' lang='lat'><em>&#39;</em></span> 
     </span>
    </p>
   </div>
   <div class='ocr_carea' id='block_1_11' title="bbox 62 4260 1976 4602">
    <p class='ocr_par' dir='ltr' id='par_1_12' title="bbox 62 4260 1976 4602">
     <span class='ocr_line' id='line_1_35' title="bbox 105 4260 1976 4374; baseline -0.002 -26"><span class='ocrx_word' id='word_1_356' title='bbox 105 4295 219 4363; x_wconf 89' lang='lat' dir='ltr'><strong>nem,</strong></span> <span class='ocrx_word' id='word_1_357' title='bbox 249 4265 321 4346; x_wconf 93' lang='lat' dir='ltr'><strong>ubi</strong></span> <span class='ocrx_word' id='word_1_358' title='bbox 351 4265 448 4344; x_wconf 88' lang='lat' dir='ltr'><strong>lesio</strong></span> <span class='ocrx_word' id='word_1_359' title='bbox 469 4261 575 4344; x_wconf 83' lang='lat' dir='ltr'><strong>lacta</strong></span> <span class='ocrx_word' id='word_1_360' title='bbox 605 4261 699 4359; x_wconf 86' lang='lat' dir='ltr'><strong>fuit,</strong></span> <span class='ocrx_word' id='word_1_361' title='bbox 726 4265 893 4372; x_wconf 89' lang='lat' dir='ltr'><strong>corrigi,</strong></span> <span class='ocrx_word' id='word_1_362' title='bbox 921 4290 1021 4372; x_wconf 88' lang='lat' dir='ltr'><strong>pace</strong></span> <span class='ocrx_word' id='word_1_363' title='bbox 1049 4263 1334 4346; x_wconf 90' lang='lat' dir='ltr'><strong>nichilominus</strong></span> <span class='ocrx_word' id='word_1_364' title='bbox 1362 4260 1619 4374; x_wconf 89' lang='lat' dir='ltr'><strong>perdurante.</strong></span> <span class='ocrx_word' id='word_1_365' title='bbox 1651 4262 1693 4348; x_wconf 87' lang='lat' dir='ltr'><strong>Si</strong></span> <span class='ocrx_word' id='word_1_366' title='bbox 1719 4291 1817 4346; x_wconf 91' lang='lat' dir='ltr'><strong>vero</strong></span> <span class='ocrx_word' id='word_1_367' title='bbox 1832 4267 1903 4346; x_wconf 92' lang='lat' dir='ltr'><strong>ali·</strong></span> <span class='ocrx_word' id='word_1_368' title='bbox 1971 4287 1976 4302; x_wconf 87' lang='lat'><em>&#39;</em></span> 
     </span>
     <span class='ocr_line' id='line_1_36' title="bbox 62 4371 1903 4490; baseline -0.002 -29"><span class='ocrx_word' id='word_1_369' title='bbox 62 4469 71 4478; x_wconf 44' lang='grc'>,</span> <span class='ocrx_word' id='word_1_370' title='bbox 106 4374 216 4490; x_wconf 87' lang='lat' dir='ltr'><strong>qvis,</strong></span> <span class='ocrx_word' id='word_1_371' title='bbox 246 4377 412 4458; x_wconf 87' lang='lat' dir='ltr'><strong>collecta</strong></span> <span class='ocrx_word' id='word_1_372' title='bbox 440 4376 642 4468; x_wconf 84' lang='lat' dir='ltr'><strong>sociorum</strong></span> <span class='ocrx_word' id='word_1_373' title='bbox 669 4371 734 4454; x_wconf 87' lang='lat' dir='ltr'><strong>vel</strong></span> <span class='ocrx_word' id='word_1_374' title='bbox 763 4377 994 4484; x_wconf 86' lang='lat' dir='ltr'><strong>seqvaoium</strong></span> <span class='ocrx_word' id='word_1_375' title='bbox 1021 4371 1298 4471; x_wconf 86' lang='lat' dir='ltr'><strong>multitudine,</strong></span> <span class='ocrx_word' id='word_1_376' title='bbox 1327 4399 1376 4456; x_wconf 85' lang='lat' dir='ltr'><strong>cx</strong></span> <span class='ocrx_word' id='word_1_377' title='bbox 1391 4389 1508 4485; x_wconf 84' lang='lat' dir='ltr'><strong>parte</strong></span> <span class='ocrx_word' id='word_1_378' title='bbox 1528 4372 1722 4468; x_wconf 80' lang='lat' dir='ltr'><strong>alterutra</strong></span> <span class='ocrx_word' id='word_1_379' title='bbox 1737 4378 1778 4458; x_wconf 92' lang='lat' dir='ltr'><strong>in</strong></span> <span class='ocrx_word' id='word_1_380' title='bbox 1809 4403 1903 4488; x_wconf 90' lang='lat' dir='ltr'><strong>par·</strong></span> 
     </span>
     <span class='ocr_line' id='line_1_37' title="bbox 106 4482 1903 4602; baseline -0.002 -30"><span class='ocrx_word' id='word_1_381' title='bbox 106 4509 188 4572; x_wconf 91' lang='lat' dir='ltr'><strong>tem</strong></span> <span class='ocrx_word' id='word_1_382' title='bbox 217 4489 383 4569; x_wconf 91' lang='lat' dir='ltr'><strong>alteram</strong></span> <span class='ocrx_word' id='word_1_383' title='bbox 411 4485 542 4594; x_wconf 91' lang='lat' dir='ltr'><strong>spolia</strong></span> <span class='ocrx_word' id='word_1_384' title='bbox 569 4482 780 4569; x_wconf 86' lang='lat' dir='ltr'><strong>latrocinia</strong></span> <span class='ocrx_word' id='word_1_385' title='bbox 807 4485 873 4574; x_wconf 86' lang='lat' dir='ltr'><strong>vel</strong></span> <span class='ocrx_word' id='word_1_386' title='bbox 901 4487 1062 4594; x_wconf 90' lang='lat' dir='ltr'><strong>rapinas</strong></span> <span class='ocrx_word' id='word_1_387' title='bbox 1090 4509 1276 4567; x_wconf 81' lang='lat' dir='ltr'><strong>exercerc</strong></span> <span class='ocrx_word' id='word_1_388' title='bbox 1320 4483 1626 4602; x_wconf 82' lang='lat' dir='ltr'><strong>presumpserit,</strong></span> <span class='ocrx_word' id='word_1_389' title='bbox 1667 4511 1751 4567; x_wconf 91' lang='lat' dir='ltr'><strong>non</strong></span> <span class='ocrx_word' id='word_1_390' title='bbox 1781 4486 1903 4571; x_wconf 90' lang='lat' dir='ltr'><strong>debet</strong></span> 
     </span>
    </p>
   </div>
   <div class='ocr_carea' id='block_1_12' title="bbox 86 4587 2179 4712">
    <p class='ocr_par' dir='ltr' id='par_1_13' title="bbox 86 4587 2179 4712">
     <span class='ocr_line' id='line_1_38' title="bbox 86 4587 2179 4712; baseline -0 -31"><span class='ocrx_word' id='word_1_391' title='bbox 86 4629 132 4696; x_wconf 85' lang='lat' dir='ltr'><strong>¹a</strong></span> <span class='ocrx_word' id='word_1_392' title='bbox 163 4615 279 4710; x_wconf 88' lang='lat' dir='ltr'><strong>parte</strong></span> <span class='ocrx_word' id='word_1_393' title='bbox 307 4597 460 4708; x_wconf 77' lang='lat' dir='ltr'><strong>reliqua</strong></span> <span class='ocrx_word' id='word_1_394' title='bbox 488 4595 915 4708; x_wconf 85' lang='lat' dir='ltr'><strong>eonsiliumreiugium</strong></span> <span class='ocrx_word' id='word_1_395' title='bbox 945 4596 1008 4679; x_wconf 84' lang='lat' dir='ltr'><strong>vel</strong></span> <span class='ocrx_word' id='word_1_396' title='bbox 1038 4596 1230 4678; x_wconf 85' lang='lat' dir='ltr'><strong>auxilium</strong></span> <span class='ocrx_word' id='word_1_397' title='bbox 1257 4600 1463 4705; x_wconf 89' lang='lat' dir='ltr'><strong>optinere,</strong></span> <span class='ocrx_word' id='word_1_398' title='bbox 1492 4601 1531 4678; x_wconf 87' lang='lat'>&amp;</span> <span class='ocrx_word' id='word_1_399' title='bbox 1559 4623 1747 4712; x_wconf 88' lang='lat' dir='ltr'><strong>parsque</strong></span> <span class='ocrx_word' id='word_1_400' title='bbox 1762 4597 1926 4709; x_wconf 38' lang='lat' dir='ltr'><strong>hujus-1</strong></span> <span class='ocrx_word' id='word_1_401' title='bbox 2031 4681 2037 4688; x_wconf 69' lang='grc'>,</span> <span class='ocrx_word' id='word_1_402' title='bbox 2173 4587 2179 4594; x_wconf 62' lang='grc'><strong>’</strong></span> 
     </span>
    </p>
   </div>
   <div class='ocr_carea' id='block_1_13' title="bbox 107 4703 2023 5156">
    <p class='ocr_par' dir='ltr' id='par_1_14' title="bbox 107 4703 2023 5156">
     <span class='ocr_line' id='line_1_39' title="bbox 108 4703 1902 4828; baseline 0.001 -38"><span class='ocrx_word' id='word_1_403' title='bbox 108 4709 222 4793; x_wconf 89' lang='lat' dir='ltr'><strong>modi</strong></span> <span class='ocrx_word' id='word_1_404' title='bbox 270 4703 520 4817; x_wconf 88' lang='lat' dir='ltr'><strong>predonibus</strong></span> <span class='ocrx_word' id='word_1_405' title='bbox 562 4713 603 4788; x_wconf 74' lang='lat' dir='ltr'><strong>ta</strong></span> <span class='ocrx_word' id='word_1_406' title='bbox 645 4706 857 4790; x_wconf 90' lang='lat' dir='ltr'><strong>maliciosis</strong></span> <span class='ocrx_word' id='word_1_407' title='bbox 898 4705 1099 4828; x_wconf 78' lang='lat' dir='ltr'><strong>refugium</strong></span> <span class='ocrx_word' id='word_1_408' title='bbox 1142 4707 1207 4788; x_wconf 89' lang='lat' dir='ltr'><strong>vel</strong></span> <span class='ocrx_word' id='word_1_409' title='bbox 1251 4707 1439 4818; x_wconf 87' lang='lat' dir='ltr'><strong>juvamen</strong></span> <span class='ocrx_word' id='word_1_410' title='bbox 1482 4707 1722 4819; x_wconf 81' lang='lat' dir='ltr'><strong>prostiterit,</strong></span> <span class='ocrx_word' id='word_1_411' title='bbox 1758 4737 1902 4821; x_wconf 87' lang='lat' dir='ltr'><strong>penam</strong></span> 
     </span>
     <span class='ocr_line' id='line_1_40' title="bbox 107 4815 2023 4928; baseline 0.001 -28"><span class='ocrx_word' id='word_1_412' title='bbox 107 4823 291 4902; x_wconf 81' lang='lat' dir='ltr'><strong>incurret</strong></span> <span class='ocrx_word' id='word_1_413' title='bbox 320 4815 494 4900; x_wconf 80' lang='lat' dir='ltr'><strong>inlbrius·</strong></span> <span class='ocrx_word' id='word_1_414' title='bbox 515 4833 769 4920; x_wconf 86' lang='lat' dir='ltr'><strong>annotatam,</strong></span> <span class='ocrx_word' id='word_1_415' title='bbox 797 4843 897 4928; x_wconf 83' lang='lat' dir='ltr'><strong>paca</strong></span> <span class='ocrx_word' id='word_1_416' title='bbox 924 4832 1071 4902; x_wconf 80' lang='lat' dir='ltr'><strong>tamen·</strong></span> <span class='ocrx_word' id='word_1_417' title='bbox 1088 4817 1296 4918; x_wconf 76' lang='lat' dir='ltr'><strong>duratura.</strong></span> <span class='ocrx_word' id='word_1_418' title='bbox 1334 4823 1434 4908; x_wconf 83' lang='lat' dir='ltr'><strong>Item</strong></span> <span class='ocrx_word' id='word_1_419' title='bbox 1462 4821 1496 4901; x_wconf 91' lang='lat' dir='ltr'><strong>si</strong></span> <span class='ocrx_word' id='word_1_420' title='bbox 1525 4844 1596 4904; x_wconf 86' lang='lat' dir='ltr'><strong>rex</strong></span> <span class='ocrx_word' id='word_1_421' title='bbox 1624 4819 1764 4920; x_wconf 80' lang='lat' dir='ltr'><strong>Dacia,</strong></span> <span class='ocrx_word' id='word_1_422' title='bbox 1806 4845 1904 4903; x_wconf 90' lang='lat' dir='ltr'><strong>con·</strong></span> <span class='ocrx_word' id='word_1_423' title='bbox 1989 4859 1990 4867; x_wconf 16' lang='grc' dir='ltr'><strong><em>Ν</em></strong></span> <span class='ocrx_word' id='word_1_424' title='bbox 2021 4873 2023 4878; x_wconf 85' lang='lat'><em>·</em></span> 
     </span>
     <span class='ocr_line' id='line_1_41' title="bbox 142 4925 1903 5058; baseline 0.002 -46"><span class='ocrx_word' id='word_1_425' title='bbox 142 4957 304 5027; x_wconf 88' lang='lat' dir='ltr'><strong>verens,</strong></span> <span class='ocrx_word' id='word_1_426' title='bbox 333 4929 469 5040; x_wconf 79' lang='lat' dir='ltr'><strong>&#39;regem</strong></span> <span class='ocrx_word' id='word_1_427' title='bbox 488 4929 714 5058; x_wconf 78' lang='lat' dir='ltr'><strong>=Norwegie</strong></span> <span class='ocrx_word' id='word_1_428' title='bbox 742 4925 889 5018; x_wconf 82' lang='lat' dir='ltr'><strong>iecisse</strong></span> <span class='ocrx_word' id='word_1_429' title='bbox 912 4929 992 5018; x_wconf 85' lang='lat' dir='ltr'><strong>sibi</strong></span> <span class='ocrx_word' id='word_1_430' title='bbox 1011 4931 1210 5054; x_wconf 67' lang='lat' dir='ltr'><strong>injuriam</strong></span> <span class='ocrx_word' id='word_1_431' title='bbox 1237 4957 1390 5034; x_wconf 75' lang='lat' dir='ltr'><strong>secum,</strong></span> <span class='ocrx_word' id='word_1_432' title='bbox 1417 4951 1559 5024; x_wconf 79' lang='lat' dir='ltr'><strong>contra</strong></span> <span class='ocrx_word' id='word_1_433' title='bbox 1588 4953 1679 5012; x_wconf 84' lang='lat' dir='ltr'><strong>cum</strong></span> <span class='ocrx_word' id='word_1_434' title='bbox 1708 4931 1903 5014; x_wconf 83' lang='lat' dir='ltr'><strong>auxilium</strong></span> 
     </span>
     <span class='ocr_line' id='line_1_42' title="bbox 109 4959 1905 5156; baseline 0.003 -33"><span class='ocrx_word' id='word_1_435' title='bbox 109 4959 314 5132; x_wconf 76' lang='lat' dir='ltr'><strong>dictarum</strong></span> <span class='ocrx_word' id='word_1_436' title='bbox 343 5043 593 5134; x_wconf 80' lang='lat' dir='ltr'><strong>invocaverit</strong></span> <span class='ocrx_word' id='word_1_437' title='bbox 621 5041 852 5140; x_wconf 69' lang='lat' dir='ltr'><strong>cavitatutn,</strong></span> <span class='ocrx_word' id='word_1_438' title='bbox 879 5041 1071 5127; x_wconf 81' lang='lat' dir='ltr'><strong>civitates</strong></span> <span class='ocrx_word' id='word_1_439' title='bbox 1090 5040 1240 5132; x_wconf 81' lang='lat' dir='ltr'><strong>debent</strong></span> <span class='ocrx_word' id='word_1_440' title='bbox 1268 5045 1354 5152; x_wconf 74' lang='lat' dir='ltr'><strong>regi</strong></span> <span class='ocrx_word' id='word_1_441' title='bbox 1383 5038 1617 5156; x_wconf 80' lang='lat' dir='ltr'><strong>Norwegie,</strong></span> <span class='ocrx_word' id='word_1_442' title='bbox 1639 5042 1762 5156; x_wconf 80' lang='lat' dir='ltr'><strong>qvod</strong></span> <span class='ocrx_word' id='word_1_443' title='bbox 1786 5031 1905 5128; x_wconf 74' lang='lat' dir='ltr'><strong>lacia&#39;t</strong></span> 
     </span>
    </p>
   </div>
   <div class='ocr_carea' id='block_1_14' title="bbox 0 0 2225 5956">
    <p class='ocr_par' dir='ltr' id='par_1_15' title="bbox 0 0 2225 5956">
     <span class='ocr_line' id='line_1_43' title="bbox 0 0 2225 5956; baseline 0 0"><span class='ocrx_word' id='word_1_444' title='bbox 0 0 2225 5956; x_wconf 95' lang='lat' dir='ltr'><strong> </strong></span> 
     </span>
    </p>
   </div>
  </div>
 </body>
</html>
