4398 5958
774 485 831 512 ....
943 399 1193 552 527'..

94 665 317 766 vocanerit,
345 628 562 794 deponatis
587 662 760 764 fideliter
788 663 918 750 dictis.
939 667 1161 776 Episcopis',
1203 665 1513 752 icnta⁴lormam
1539 665 1659 749 vobis
1694 665 1886 752 traditum

94 782 200 862 sicut
226 774 506 858 mandeusmus
547 778 823 889 quantocitius
862 777 959 858 lieri*
982 775 1135 886 poterit
1175 778 1468 890 assignandum.
1524 778 1731 862 Nolumus.
1750 796 1908 862 autenti

92 889 205 1000 qnod
234 915 307 996 per
334 886 414 969 hoe
441 885 648 970 Lundensi
675 905 889 998 generetur
917 888 1209 998 praeiudicium,
1237 891 1548 1001 Vpsallensibns·
1570 917 1668 974 neco
1697 887 1886 974 Ecclesiie¹

92 999 156 1084 ius
182 1025 336 1082 nouum
363 999 529 1110 aliquod
558 1001 803 1110 acquirente.
834 995 981 1112 Datum
1007 1015 1216 1108 utsupra.

96 1255 231 1390 644.
451 1335 455 1342 -
743 1251 895 1408 1278
940 1255 989 1362 d.
1037 1273 1070 1386 4
1116 1257 1235 1402 Maj.
1637 1249 1883 1369 Sandom.

176 1475 257 1544 Koa.
279 1481 410 1542 Musam
432 1477 470 1540 lta
490 1475 569 1541 sref
584 1493 636 1568 ont
658 1475 805 1539 Calmare
823 1473 960 1539 Sockens
980 1477 1124 1558 ib'renlng
1144 1475 1216 1539 med
1237 1467 1411 1540 Delanatet
1432 1476 1443 1538 i
1464 1473 1649 1562 Linldping.
1709 1439 1714 1448 ι

1594 1589 1624 1645 B.
1644 1591 1670 1647 az
1692 1603 1751 1649 too«

260 1726 462 1811 Omnibus
490 1743 695 1836 presentes
722 1729 876 1812 litteras
911 1727 1153 1836 irnpecturis
1194 1725 1246 1806 Μ.
1276 1723 1341 1807 dei
1384 1725 1519 1833 gracia
1562 1727 1648 1806 Rex
1693 1755 1884 1810 sueorum

92 1839 262 1949 salutem
290 1841 333 1920 in
361 1837 526 1933 domino
553 1835 754 1921 Nouerint
781 1837 959 1920 vniuersi
986 1863 1062 1917 nos
1090 1833 1152 1918 ius
1180 1852 1421 1947 patronatus
1449 1834 1563 1946 quod
1597 1853 1763 1920 actenus
1790 1832 1884 1920 Cal·

89 1951 245 2030 marnie
273 1950 333 2030 vsi
361 1948 510 2029 fuimus
536 1973 672 2029 coram
702 1948 869 2031 domino
916 1946 1142 2056 lincopensi
1174 1945 1393 2058 resignasse
1420 1961 1462 2028 et
1489 1945 1719 2054 specialiter
1759 1944 1886 2031 admi·

84 2059 190 2143 sisse
216 2058 329 2171 quod
357 2057 464 2140 dicta
492 2057 655 2140 ecclesia
684 2074 883 2168 perpetuo
912 2075 1152 2140 annectatur
1186 2057 1400 2164 decanatuj
1442 2056 1665 2166 lincopensi
1695 2057 1747 2139 ln
1770 2056 1886 2141 cuius

91 2171 154 2254 rei
182 2170 455 2252 testimonium
483 2168 635 2251 litteras
664 2186 870 2279 presentes
897 2167 1031 2276 sigillo
1064 2189 1204 2251 nostro
1241 2167 1430 2248 duximus
1471 2165 1705 2277 sigillandas¹
1747 2165 1886 2251 datum

91 2280 263 2364 eandum
292 2286 412 2362 Anno
443 2278 599 2387 dominj
627 2277 994 2364 neentis-vin
1022 2281 1074 2360 ln
1101 2282 1277 2372 annno
1307 2277 1552 2360 iuuencione
1582 2281 1711 2362 crucis
1737 2273 1889 2366 sancte»

97 2611 233 2799 645ss
535 2677 537 2680 ’
753 2667 1243 2821 1278d.1Jnn.
1391 2759 1401 2778 .
1664 2643 1886 2778 Orebro

48 2872 52 2882 '
94 2909 98 2914 =
177 2887 258 2953 non.
280 2889 410 2952 mom
433 2889 473 2952 ta
493 2888 728 2975 ouvoarerpa
749 2888 872 2972 sigma
892 2888 940 2956 en
961 2889 1042 2952 sm.
1062 2889 1171 2951 nm„
1190 2889 1202 2949 s
1222 2841 1394 2970 stagna
1494 2843 1563 3023 ‘Aa
1680 2969 1751 3036 w

1523 3007 1531 3024 .
1565 2985 1618 3038 4.
1638 2984 1662 3024 a:
1698 3001 1708 3024 .-

260 3107 469 3186 Uniuersis
497 3104 637 3185 christi
665 3105 852 3188 fidelibus
879 3122 1085 3216 presentes
1120 3105 1274 3184 litteras
1308 3096 1562 3211 inspecturis.
1598 3102 1651 3181 Μ.
1686 3093 1752 3181 dei
1793 3121 1887 3208 gra«

92 3219 156 3298 cia
184 3217 271 3299 Rex
299 3243 512 3297 sweornm.
544 3215 722 3316 Salutem
749 3219 793 3298 in
821 3218 1002 3299 omnium
1030 3217 1232 3297 sa‘lnatore
1254 3212 1683 3322 Tenerepneseneium
1697 3227 1882 3292 constare

91 3329 279 3410 volumus
293 3345 375 3408 tam
403 3327 656 3438 presentibus
683 3357 805 3438 quam
835 3327 982 3409 futuris
1010 3327 1122 3436 quod
1139 3328 1223 3407 Nos
1251 3351 1301 3406 ex
1329 3345 1531 3405 consensu·
1547 3317 1789 3429 dilectorum
1800 3319 1885 3402 fra·

92 3454 205 3520 trum
234 3455 476 3522 nostrorum.
506 3439 680 3519 Domini.
710 3443 779 3522 W.
809 3439 1013 3549 quondam
1043 3436 1162 3546 Regis
1176 3459 1378 3518 swcornm
1399 3431 1568 3544 jlbrstris
1597 3439 1637 3512 8(
1665 3427 1880 3516 domicelli.
1921 3511 1925 3520 .

93 3553 138 3632 B.
167 3550 454 3649 archidiaconi
482 3549 725 3658 lincopensis
753 3553 903 3630 curiam
934 3549 1104 3647 siharsn
1132 3577 1234 3628 cum
1252 3546 1377 3655 agris,
1406 3548 1553 3654 pratis,
1575 3544 1709 3635 siluis,-
1754 3545 1884 3653 pisea-

92 3661 299 3758 eionibus,
328 3658 569 3741 molendinis
598 3666 638 3739 St
666 3662 819 3742 colonis
847 3683 901 3740 ac·
922 3659 1109 3740 omnibus
1139 3659 1226 3738 aliis
1255 3657 1482 3738 attinenciis
1510 3649 1730 3736 mobilibus
1755 3659 1793 3735 Sc
1823 3655 1884 3734 in·

92 3772 314 3853 mobilibus
355 3771 579 3852 venerabili
619 3772 727 3881 patri
771 3770 937 3852 domino
977 3765 1155 3851 Anundo
1190 3769 1392 3878 Episcopo
1420 3763 1698 3874 strengenensi
1727 3791 1776 3846 ac
1802 3768 1886 3845 suis

90 3883 390 3964 successoribus
418 3883 611 3962 canonice
640 3880 929 3962 substituendis
969 3894 1169 3989 perpetuo
1204 3874 1484 3986 possidendam
1527 3869 1746 3959 liberaliter·
1786 3869 1883 3984 assi·

90 4021 264 4102 gnamus
294 3992 413 4101 legali
441 3990 739 4099 sollempnitate
767 3991 988 4073 seeundum
1016 3988 1347 4071 consuetudinem
1377 4003 1484 4070 terre
1520 3987 1744 4104 vulgariter¹
1771 3983 1883 4066 festis

92 4105 303 4211 legittime·
317 4101 577 4210 precedente,
606 4103 889 4182 Promittentes
918 4102 1083 4192 tirmiter
1105 4098 1236 4181 eidem
1263 4097 1377 4208 quod
1401 4098 1549 4181 dictam
1573 4095 1727 4178 curiam
1741 4119 1763 4174 a·
1779 4123 1883 4205 quo-
1970 4173 1976 4178 .

89 4215 157 4297 uis
186 4215 415 4323 impetitone
452 4211 730 4308 liberabimus,
774 4213 1058 4293 transferentes
1100 4210 1143 4290 in
1172 4211 1302 4317 ipsum
1331 4213 1370 4288 &
1398 4207 1576 4316 prefatos
1616 4228 1884 4304 successores¹

88 4327 258 4406 nomine
286 4322 451 4404 ecclesie
483 4325 777 4432 strengenensis
805 4321 1027 4402 dominium
1056 4323 1242 4400 &omne
1280 4321 1363 4414 ius,¹
1402 4308 1516 4428 quod
1557 4316 1679 4397 nobis
1718 4318 1882 4396 racione

88 4435 356 4542 proprietatis
381 4432 637 4543 competebat
664 4434 728 4515 vel
756 4451 983 4541 competere
1018 4432 1152 4540 potuit
1179 4431 1222 4510 in
1249 4427 1410 4527 eadent,¹
1445 4425 1712 4512 concedentes
1738 4419 1817 4510 nbi
1843 4427 1884 4506 dc
1927 4463 1938 4478 ³

88 4545 333 4628 memoratis.
349 4544 644 4628 suecessoribus
671 4544 839 4626 liberam
868 4543 1118 4639 facultatem,
1145 4535 1421 4648 supradictam
1444 4539 1595 4620 curiam
1611 4535 1775 4646 pacifice
1788 4561 1882 4645 pos·

92 4654 270 4754 sidendi,
298 4653 516 4752 vendendi,
543 4653 828 4752 commutandi,
857 4653 921 4736 vel
951 4655 1031 4734 alio
1058 4678 1225 4763 quoquo
1254 4650 1377 4732 modo·
1404 4675 1481 4758 pro
1508 4671 1581 4727 sue·
1594 4642 1710 4729 libito
1737 4641 1883 4728 volun·

91 4767 189 4850 tatis
217 4760 451 4861 ordinandi,
479 4765 532 4845 ln
559 4767 673 4846 cuius
700 4767 759 4848 rei
787 4766 1058 4850 testimonium
1086 4759 1262 4871 sigillum
1290 4771 1474 4860 nostrum
1516 4779 1596 4840 vna
1625 4785 1716 4840 cum
1743 4753 1883 4865 sigillis

95 4943 371 4970 *nn-—

136 5007 162 5083 *r
183 5006 233 5073 en
252 4979 434 5104 alamann
454 5001 491 5064 n
505 4997 591 5066 detta
612 4999 690 5067 aru
709 5001 780 5068 nan
803 4999 883 5070 nos
901 5000 940 5066 n
954 5002 995 5069 n.
1014 5003 1132 5068 saon
1151 4993 1256 5079 nunes,
1276 4995 1316 5062 n
1335 4993 1364 5063 a.
1383 5016 1414 5082 ς.
1436 5008 1465 5061 c
1483 4992 1514 5060 a
1600 4943 1605 4949 ⁵
1672 5009 1696 5052 0
