4404 5960
2050 16 2153 103 *rs

2052 297 2154 357 ·l

941 423 1221 532 asse
1331 447 1409 490 -·
2153 404 2154 415 '

223 735 229 748 ,
312 619 424 744 sem*
444 659 496 729 eu
517 643 649 727 eidem
677 644 779 754 Regi
807 643 965 742 Suetiae,
993 671 1049 726 ac
1069 642 1197 728 nobili
1225 643 1384 745 mulieri
1412 641 1575 753 Sophia
1615 647 1730 754 nepti
1768 645 1929 730 eiusdem
1944 649 2051 766 ¹Regni

310 759 438 840 Datiae
465 753 733 839 contrahendi
759 755 1058 836 matrimonium
1087 755 1139 838 ad
1168 755 1340 836 inuicem
1370 761 1410 836 u
1439 754 1744 838 consummandi
1765 775 1999 861 contractum,
2019 797 2052 852 as

308 872 352 950 in
381 867 566 960 solicite
593 863 845 961 remanendi,
874 893 958 947 non
988 863 1176 948 obstante
1194 865 1316 975 quod
1345 865 1468 976 ijdem
1488 870 1608 948 tertia
1623 868 1963 977 consanguinitatis
1973 873 2054 958 linea
2156 881 2157 972 l

308 998 404 1062 sunt
431 978 659 1073 coniuncti,
688 976 891 1057 licentiam
921 973 972 1057 de
1000 976 1250 1088 benignitate
1279 975 1384 1058 sedis
1412 975 1655 1086 Apostolicae
1682 977 1921 1086 largiremur.
1968 983 2054 1066 Licet

308 1090 435 1200 igitur
463 1088 687 1197 coniugalis
716 1103 967 1168 contractum
997 1088 1153 1196 copulae
1168 1089 1274 1167 inter
1286 1087 1386 1168 tales
1400 1087 1487 1168 lieri
1502 1114 1676 1170 canones
1692 1088 1955 1196 interdicant:
1984 1098 2057 1203 quia

308 1215 446 1280 tamen
473 1216 584 1280 certa
611 1200 718 1279 ratio
745 1209 916 1308 propter
945 1223 1069 1308 quam
1098 1197 1202 1278 sedis
1230 1197 1407 1280 eiusdem
1437 1200 1650 1283 clementia
1678 1213 1814 1307 potest
1851 1199 1998 1282 honeste
2018 1207 2057 1287 ad
2156 1255 2157 1292 ;

172 1353 173 1360 κ
251 1339 261 1352 ·
307 1307 541 1421 praedictam
570 1309 754 1420 inclinari
784 1310 955 1418 gratiam
983 1307 1061 1389 fuit
1090 1310 1301 1417 proposita
1329 1334 1464 1390 coram
1485 1309 1621 1408 nobis,
1649 1313 1867 1419 prasertim
1881 1312 1966 1421 qnia
1990 1341 2059 1394 cun
2156 1329 2157 1400 l

226 1441 230 1446 ·
307 1423 459 1529 Pagani
489 1422 674 1529 Regnum
703 1421 854 1500 Sueciae
880 1421 946 1500 cui
974 1419 1096 1501 vicini
1124 1421 1302 1501 existunt
1330 1423 1573 1504 incessanter
1614 1422 1728 1530 impu
1755 1436 1872 1517 nent,
1911 1422 2060 1504 villas&
2156 1425 2157 1440 '

308 1532 505 1614 Ecclesias
532 1531 708 1612 ciusdem
737 1531 865 1640 Regni
893 1528 1139 1611 destruendo
1167 1535 1208 1610 a
1236 1530 1454 1612 cremando
1482 1532 1586 1640 ignis
1601 1533 1719 1613 incen
1752 1532 1809 1628 ⁹0,
1838 1557 1883 1610 ac
1909 1532 1994 1640 ipsis
2016 1534 2060 1612 in·
2156 1609 2157 1632 ,

306 1641 417 1726 colas
445 1638 663 1723 crudeliter
692 1637 939 1748 perimend0,
968 1659 1052 1748 per·
1069 1639 1448 1732 consaederationem
1475 1643 1657 1751 ipsorum
1686 1642 1841 1750 Regum
1868 1658 1979 1750 atque
2003 1641 2060 1722 Re·

229 1830 236 1838 .
308 1779 483 1862 gnorum
510 1757 675 1831 suorum
694 1777 779 1857 per
806 1749 1037 1833 huiusmodi
1068 1752 1367 1832 matrimonium
1395 1749 1638 1849 faciendam,
1665 1749 1889 1833 eorundem
1914 1755 2061 1859 Pagano

306 1888 397 1942 rum
425 1860 643 1943 insultibus
670 1858 811 1941 melius
853 1867 892 1942 8(
933 1863 1134 1944 salubrius
1177 1863 1327 1970 poterit
1373 1862 1545 1946 obuiari.
1612 1865 1698 1944 Nos
1721 1862 1890 1958 ,eisdem
1919 1860 2064 1967 Regibus

242 1985 246 2002 ¹
305 1999 467 2080 w,turmam
498 1999 622 2082 quam
648 1997 741 2052 cum
769 1971 857 2050 Deo
876 1975 1084 2080 posuimus
1097 1975 1264 2082 gratiam
1280 1973 1413 2053 lacere
1427 1973 1689 2056 suadentibus
1702 1999 1847 2054 eorum
1866 1971 2060 2052 meritisin·
2156 2003 2157 2074 ᾗ

307 2081 538 2180 tendentes,
567 2083 826 2182 Fraternitati
853 2099 1011 2181 vestrae,
1047 2083 1097 2165 de
1125 2111 1205 2194 qua
1240 2084 1400 2192 plenam
1428 2086 1472 2164 in
1500 2084 1678 2165 Domino
1705 2083 1897 2165 fiduciam
1937 2080 2062 2162 obtine
2156 2125 2157 2156 ;

306 2220 412 2290 mus,
440 2221 514 2302 per
542 2191 772 2302 Apostolica
801 2193 950 2301 scripta
980 2193 1234 2290 mandamus,
1263 2209 1463 2303 qnatenus
1508 2196 1542 2274 si
1590 2196 1793 2303 praemissa
1840 2194 1997 2288 ratione,
2030 2217 2064 2269 ac
2156 2215 2157 2234 ¹

306 2305 475 2386 aliarum
503 2306 785 2385 necessitatum
812 2303 978 2390 vtilibus
1005 2306 1135 2386 causis
1163 2303 1394 2413 diligentius
1409 2305 1629 2415 inquisitis,
1652 2310 1691 2386 &
1706 2321 1861 2386 attente
1881 2302 2064 2414 perspectis

304 2433 438 2497 vestra
466 2415 772 2522 circumspectio
799 2413 956 2503 videret
984 2415 1195 2524 expedire,
1224 2416 1372 2497 eisdem
1399 2418 1637 2498 auctoritate
1665 2433 1803 2497 nostra
1818 2418 2064 2525 petitsmcou·

305 2525 455 2610 cedatis
482 2525 702 2620 licentiam,
730 2552 822 2606 curn
850 2527 947 2635 ipsis
975 2527 1141 2636 insuper
1168 2527 1455 2636 impedimento
1481 2528 1847 2634 consanguinitatis
1869 2519 2064 2607 huiusmodi

305 2631 587 2748 dispensando.
616 2637 765 2718 Datum
794 2637 986 2747 Anagniae
1013 2635 1202 2719 Calendis
1230 2637 1367 2745 Martii
1396 2645 1515 2720 Anno
1542 2640 1699 2750 qsrinto

310 3060 441 3188 464.
941 3059 1093 3205 1259
1138 3055 1187 3163 d.
1235 3059 1266 3164 5
1313 3059 1461 3164 Mars.
1885 3053 2068 3198 Anagri

384 3275 474 3342 Pttv.
493 3279 677 3343 Annum
698 3275 770 3342 ths
789 3277 868 3348 uret
882 3277 931 3342 till
951 3276 1203 3362 dale-Bisicpen
1223 3279 1234 3340 i
1253 3275 1372 3362 Upsela
1391 3275 1453 3339 oeli
1473 3273 1541 3339 den
1556 3273 1803 3422 {qd-Bishapur
1824 3295 1881 3342 om
1902 3270 2070 3360 uppbsfvu·

318 3435 321 3442 ,
435 3360 488 3424 det
508 3361 546 3426 ai
561 3359 736 3445 stenninge
756 3361 957 3450 kyrkomites
977 3360 1085 3444 stedga
1105 3358 1238 3426 rdrmde
1258 3359 1503 3446 Presterslapets
1522 3357 1564 3422 tir
1589 3379 1635 3422 or.

1802 3469 1843 3529 K.
1864 3488 1891 3528 e.
1911 3473 1966 3528 sss.

467 3609 699 3692 Alexander
729 3612 850 3723 Papa
876 3609 1061 3723 Quamne
1089 3611 1395 3724 Archiepiscopo
1407 3613 1616 3728 Vpaeatcut
1629 3613 1669 3690 &
1682 3612 1977 3718 suffraganeis
1999 3607 2071 3683 eiu.

467 3755 612 3836 Vestra
640 3753 758 3841 nobis
784 3753 1028 3842 Fraternitas
1063 3755 1283 3852 intimauit,
1311 3753 1429 3866 quod
1445 3755 1569 3836 bonsc
1608 3752 1812 3835 memoriae
1857 3745 2095 3833 Guillelnu·

300 3867 527 3974 Episcopus
556 3864 787 3948 Sabinensis
814 3881 913 3946 tunc
942 3865 986 3945 in
1018 3864 1203 3973 partibus
1231 3865 1382 3946 Sueciae
1410 3867 1585 3974 legatam
1603 3862 1708 3947 sedis
1735 3863 1987 3972 Apostolicae
2010 3871 2071 3936 sta·

300 3977 393 4072 tuit,
420 3992 466 4054 vt
493 3975 728 4086 quicunque
756 3973 950 4064 Sacerdos
978 3974 1042 4062 vel
1070 3973 1250 4063 Clerlous
1265 3976 1533 4065 concubinam
1559 3974 1728 4057 haberet
1755 3974 1825 4056 vel
1864 3968 2074 4055 cohabitan-

300 4102 382 4184 tem
410 4085 574 4194 publice
601 4086 665 4166 vel
680 4086 849 4202 occulte,
877 4103 958 4172 tam
975 4087 1060 4194 ipss
1075 4084 1303 4169 concubina
1330 4113 1453 4203 quam
1479 4089 1565 4196 ipse
1593 4087 1839 4168 sententiam
1869 4101 2075 4164 excommu-

302 4197 515 4280 nicationis
543 4198 795 4278 incurrerent
824 4198 913 4315 ipso
941 4194 1057 4283 facto,
1086 4193 1205 4276 Vride
1233 4202 1306 4284 &c
1336 4203 1466 4280 scisom
1480 4201 1586 4301 sb're
1617 4196 1740 4276 dende
1769 4195 1861 4277 Nm
1891 4195 1991 4298 449,
2008 4181 2078 4268 need

300 4310 511 4392 aomdrlree
524 4308 857 4416 sleljaktiglseter,
880 4309 945 4396 till
958 4307 1119 4395 minime
1147 4305 1416 4405 resumendis,
1442 4313 1551 4419 &qu
1622 4331 1741 4414 poena
1755 4304 1907 4386 eadem
1921 4299 2074 4410 adque

302 4435 406 4547 stum
434 4417 1004 4613 Wunssaeiaeiainbdtlulpi
1032 4416 1216 4611 lucrum}
1248 4416 1298 4608 qe
1332 4446 1417 4528 quo
1445 4418 1614 4611 ciffi·
1623 4411 2076 4608 scandalizaritovaleats
2156 4537 2157 4542 Ν

303 4553 465 4612 minime
491 4559 533 4614 se
585 4557 681 4612 xen
751 4588 761 4609 .
831 4557 852 4611 a
900 4557 940 4611 m
1004 4556 1163 4638 nagnrae
1211 4554 1314 4610 erro
1341 4554 1468 4612 nonas
1601 4555 1631 4636 ι]
1660 4552 1774 4642 armo
1794 4553 1910 4640 qum
1957 4583 1967 4603 .
