4398 5958
701 447 1205 560 ¹-561-

119 665 327 775 procurari
354 661 562 760 consueuit
589 660 709 743 nichil
738 661 908 768 amplius
941 677 1163 758 exacturus,
1191 660 1288 768 jtem
1314 659 1559 743 declaramus
1601 655 1714 769 quod
1753 684 1881 742 sacer·

119 775 232 854 dotes
261 774 303 851 in
329 770 443 850 nullo
470 787 682 864 teneantur
709 769 863 849 famulis
891 771 1169 876 episcoporum
1188 805 1192 816 ¹
1211 772 1506 850 transeuncium
1546 795 1616 848 seu
1644 769 1767 848 eciam
1795 769 1880 850 aliis

117 883 424 1064 quibuscunque
451 880 630 984 personis
658 880 734 956 uisi
776 881 882 984 ipsos
924 876 1112 984 colligere
1143 878 1344 957 voluerint
1365 879 1539 956 'intuitu'
1563 878 1727 984 pietatis
1749 882 1807 956 'Sc
1828 879 1881 959 'si

118 990 270 1096 aliquas
297 989 363 1069 vio
379 989 510 1066 eucias
539 989 582 1065 in
613 987 733 1065 curiis
761 985 1012 1065 sacerdotum
1041 984 1221 1079 fecerint,
1251 987 1337 1090 ipso
1365 985 1474 1066 facto
1502 987 1881 1067 excommunicacio-

117 1101 179 1178 nis
204 1097 443 1176 sentenciam
471 1120 512 1174 se
540 1089 726 1173 nouerint
755 1095 978 1172 incurrisse.
1167 1111 1170 1118 ’
1353 1103 1356 1123 ·
1486 1119 1501 1139 ==
1604 1099 1615 1141 ··

620 1269 683 1347 Dc
710 1269 818 1346 bonis
845 1269 1072 1346 clericorum
1103 1266 1378 1350 decedencium.
1718 1341 1720 1345 .

281 1375 391 1455 Fecit
419 1375 526 1453 Deus
553 1373 753 1454 hominem
781 1389 933 1452 rectum
967 1373 1039 1452 sed
1067 1374 1150 1478 ipse
1176 1401 1218 1452 se
1247 1377 1447 1456 inmiscuit
1488 1376 1765 1482 questionibus
1793 1377 1880 1458 inli-

11 1499 13 1506 ’
117 1485 223 1579 uitis,
238 1487 276 1561 &
290 1503 367 1561 ‘cor
383 1480 712 1561 adiuueneionem
732 1481 763 1591 ¹)
792 1481 956 1588 laqueos
972 1480 1255 1586 multiplicans.
1282 1483 1554 1589 multiplicatis
1565 1485 1706 1569 studiis
1721 1487 1764 1564 in
1778 1485 1883 1565 recia
1955 1553 1958 1561 .
2020 1483 2026 1491 ’
2085 1526 2086 1534 ¹

116 1590 257 1672 incidit
285 1617 362 1697 que
389 1607 532 1669 natiue
547 1588 760 1695 primitiam
778 1589 810 1697 ²)
838 1588 1081 1693 simplicitas.
1110 1617 1195 1667 non
1210 1589 1392 1684 tetendit,
1417 1593 1512 1677 binc
1540 1594 1676 1697 itaque
1705 1594 1882 1700 questio·

116 1701 437 1804 nes-insurgunt.
467 1699 744 1779 contentiones
771 1711 982 1800 augentur,
1010 1696 1171 1802 querele
1186 1713 1371 1777 crescunt
1392 1705 1430 1776 &
1450 1698 1650 1778 interdum
1669 1700 1799 1782 nodus
1819 1701 1882 1780 in·

115 1809 303 1887 curritur.
353 1803 449 1884 dum
502 1803 679 1883 creditur
721 1830 815 1880 ansa
857 1802 1016 1880 resolui.
1065 1804 1169 1882 Sane
1211 1806 1306 1912 quia
1347 1831 1468 1910 super
1507 1805 1625 1886 bonis
1666 1807 1882 1902 mobilibus

115 1921 154 1994 &
182 1912 451 1993 immobilibus
478 1910 760 1992 decedentium
787 1909 1035 2003 clericorum,
1062 1911 1219 1990 diuersa
1247 1913 1498 1992 consuetudo
1524 1911 1657 1992 fuerat
1673 1913 1883 1994 ¹hactenus

117 2025 342 2115 obseruata,
370 2016 608 2127 quibusdam
623 2003 813 2096 fratribus
842 2021 881 2094 St
895 2016 1159 2124 suffraganeis
1173 2022 1329 2100 nostris.
1347 2021 1480 2108 omnia
1496 2019 1613 2099 bona.
1641 2021 1883 2127 quibusdam

117 2145 272 2238 partem
299 2131 497 2228 bonorum
526 2125 658 2206 clerici
688 2123 907 2204 decidentis
935 2127 1235 2232 occupantibus.
1265 2128 1416 2222 Taliter
1443 2125 1562 2208 huius
1590 2131 1692 2207 sacri
1724 2128 1883 2209 concilii

114 2235 411 2344 approbacione
439 2262 514 2342 pro
542 2230 650 2311 bono
678 2235 786 2338 pacis
815 2231 1000 2312 duximus
1027 2232 1283 2313 statuendum
1320 2251 1363 2313 vt
1397 2235 1530 2314 clerici
1557 2237 1735 2323 nuncin
1763 2237 1883 2318 bene·

115 2345 213 2424 liciis
227 2341 496 2422 ecclesiasticis
523 2341 748 2434 constituti,
777 2357 856 2418 tarn
878 2339 1064 2446 indigene
1092 2368 1213 2446 quam
1233 2342 1412 2447 extranej
1441 2341 1490 2420 dc
1519 2342 1726 2424 medietate
1744 2344 1884 2423 ‘bono-

116 2481 205 2533 rum
233 2450 441 2530 mobilium
463 2449 787 2541 &immobilium
818 2449 965 2526 intuitu
993 2448 1155 2527 ecclesie
1182 2450 1466 2555 acquisitorum
1493 2449 1684 2546 testandi,
1727 2451 1885 2558 legundi

116 2589 186 2642 seu
215 2559 337 2638 eciam
365 2558 459 2640 alias
486 2555 700 2636 ordinandi
728 2583 803 2662 pro
832 2557 946 2636 libito
976 2555 1194 2636 voluntatis
1229 2556 1396 2635 liberam
1429 2555 1608 2640 habeant,
1637 2556 1882 2655 facultatem,

116 2669 269 2778 reliqua
298 2694 394 2746 vero
409 2664 597 2746 medietas
624 2663 760 2742 futuro
784 2679 988 2744 renuneat
1017 2666 1231 2744 successori
1260 2663 1310 2760 de
1340 2665 1455 2745 bonis
1481 2679 1613 2744 autem
1640 2693 1778 2746 eorum
1811 2668 1884 2776 qui

114 2783 159 2861 in
187 2791 390 2884 posterum
418 2778 461 2856 in
488 2771 660 2852 ecclesiis
674 2771 874 2854 ruralibus
904 2771 1135 2856 instituendi
1154 2788 1248 2861 suut
1261 2773 1395 2861 taliter
1415 2771 1599 2858 duximus
1614 2767 1881 2875 statuendum,

116 2905 160 2970 vt
195 2885 390 2967 debonis
433 2882 608 2962 collectis
643 2885 909 2990 acquisitis&
950 2883 1202 2990 acquirendis
1236 2887 1385 2966 iutuitu
1413 2885 1574 2984 ecclesie
1593 2885 1881 2989 ·jnuentarium

116 2997 271 3088 faciant,
292 2991 460 3074 testibus
474 2988 657 3070 adhibitis
672 2990 749 3069 fide
764 2989 906 3096 dignis,
935 2998 973 3069 &
1000 2991 1050 3070 de
1078 2991 1156 3070 illis
1173 2991 1204 3101 ³)
1230 2996 1509 3072 auctoritatem
1523 2993 1696 3074 habeant
1710 2993 1878 3099 legendi.

116 3101 300 3182 testandi.
328 3099 519 3192 donandi,
547 3124 615 3178 seu
632 3099 755 3179 eciam
775 3099 870 3184 alias
899 3097 1124 3193 ordinandi,
1154 3127 1313 3206 prosus
1330 3102 1444 3183 libito
1459 3101 1687 3195 voluntatis,
1716 3100 1880 3207 reliquis

115 3214 242 3306 bonis.
272 3210 421 3299 intuitu
448 3205 610 3308 ecclesie
638 3208 840 3315 acquisitis
881 3206 1027 3294 relictis
1056 3207 1206 3292 futuro.
1235 3208 1609 3315 sicutprediximus
1645 3213 1879 3306 successori,

118 3318 297 3400 deductis
325 3333 457 3398 tamen
489 3315 619 3422 primo
645 3341 695 3395 ex
723 3313 895 3394 indiuiso
922 3315 1066 3397 debitis
1093 3310 1447 3421 procuracionibu's
1475 3322 1515 3397 δι
1542 3317 1724 3423 expensis
1745 3344 1881 3410 ueces-
1953 3387 1959 3399 .

114 3431 226 3510 sariis
258 3427 300 3504 in
326 3424 503 3531 exequiis
537 3419 752 3504 eorundem
779 3420 977 3503 faciendis.
1041 3425 1082 3501 Si
1101 3426 1173 3531 qui
1200 3451 1294 3503 vero
1322 3425 1455 3503 clerici
1483 3449 1559 3530 pro
1588 3426 1880 3507 incontinencia

114 3537 180 3616 vel
208 3535 283 3616 alia
311 3534 414 3612 iusta
441 3529 491 3610 de
527 3556 655 3612 causa.
682 3533 763 3608 suis
779 3531 928 3609 fuerint
943 3531 1113 3609 ecclesiis
1141 3532 1430 3616 sentencialiter
1451 3533 1607 3636 priuati.
1636 3532 1743 3614 bona
1771 3535 1878 3638 ipso·

115 3672 205 3722 rum
233 3642 385 3720 iutuitu
417 3638 579 3716 ecclesie
608 3640 817 3745 acquisita,
853 3636 1032 3717 deductis
1061 3639 1190 3743 primo
1217 3641 1319 3718 sicut
1346 3639 1516 3726 diximus
1546 3638 1692 3727 debitis
1731 3667 1877 3752 procu·

29 3811 35 3822 .
116 3751 344 3832 racionibus
372 3755 410 3828 &
438 3744 612 3824 emendis
640 3749 722 3824 siue
751 3745 935 3851 indigene
956 3746 1041 3822 siue
1068 3748 1246 3828 extranei
1274 3746 1433 3826 fuerint.
1462 3746 1511 3826 ad
1539 3745 1697 3823 futuros
1725 3773 1878 3826 succes·

11 3953 12 3958 Ἰ
115 3885 224 3940 sores
251 3855 536 3946 deuoluautur,
570 3855 641 3960 qui
668 3881 766 3933 uero
795 3853 901 3932 bona
941 3851 1075 3931 clerici
1102 3853 1246 3933 infirmi
1287 3881 1357 3933 seu
1391 3851 1580 3946 defuncti,
1623 3852 1777 3931 occulte
1813 3855 1877 3934 vel

115 3966 320 4063 marrifeste
347 3963 589 4068 subtranerit
616 3964 856 4055 sentenciam
884 3962 1306 4047 excommunicacionis
1333 3964 1511 4070 incurrat
1537 3961 1625 4066 ipso
1652 3956 1770 4043 facto.

734 4137 795 4213 Dc
822 4135 982 4216 clericis¹
997 4138 1261 4242 vagabundis,
1329 4135 1360 4216 Ϊ’“

282 4281 490 4360 Sacrorum
518 4291 704 4383 precepta
731 4284 939 4356 canonum.
968 4302 1047 4382 que
1075 4277 1274 4358 materiam
1314 4276 1565 4380 euagacionis
1597 4277 1641 4353 in
1670 4275 1777 4361 clero
1806 4304 1875 4386 pe·

116 4395 225 4468 nitus
252 4386 460 4468 excludere
487 4384 692 4476 videntur,
721 4382 888 4474 sollicite
915 4384 1028 4488 sequi
1056 4385 1243 4463 volentes.
1287 4381 1404 4478 huius
1430 4381 1688 4489 prouincialis
1715 4386 1875 4486 concilii

114 4490 628 4606 approbacione'duximus
651 4491 920 4595 statuendum,
946 4507 989 4571 vt
1018 4491 1151 4570 nullus
1178 4487 1520 4596 suffraganeorum
1534 4506 1762 4580 nostrorum
1784 4520 1876 4600 prc-

115 4594 354 4712 positorum'
383 4599 762 4711 archidyaconcrum
805 4598 1045 4688 decanorum
1088 4592 1359 4708 sacerdotuml.
1377 4603 1414 4678 8<
1456 4595 1697 4710 curatorum·
1724 4595 1877 4711 absque

116 4710 260 4792 litteris
296 4703 529 4796 dimissoriis
551 4711 593 4795 ,St
619 4707 784 4804 formata
826 4709 867 4793 in
889 4709 992 4818 ⁸iure
1037 4732 1231 4816 expressa,
1277 4703 1328 4788 ad
1353 4703 1666 4812 ,inofficiandum
1693 4707 1873 4816 ecclesias

112 4852 384 4880 μ

163 4905 1053 4992 uadinnexionemlaqucorum.mercaturas,128.
1095 4913 1125 4984 a)
1145 4909 1298 4996 primitita
1317 4929 1344 4968 a.
1365 4919 1400 4968 rt.
1441 4905 1471 4982 3)
1491 4905 1556 4970 attis
1576 4929 1604 4968 a.
1623 4919 1660 4968 st.
1680 4930 1703 4970 s.
1728 4928 1791 4992 129.

232 5016 237 5034 “
250 5025 297 5082 ev.
317 5023 436 5089 utrem.
1630 5011 1671 5085 7¹
