4382 5964
1989 191 1994 202 ,
2130 301 2184 484 ⁸¹4

805 494 1223 581 -633-

115 773 243 882 771.
737 726 887 836 1283
934 725 983 834 d.
1031 764 1102 872 27
1152 728 1284 878 Aug.
1459 725 1532 892 St
1555 728 1901 895 leanfld'Acre.

132 920 138 928 ⁸
188 952 270 1018 Εἰμὶ.
292 949 426 1016 Hmtcs
446 947 458 1014 i
478 947 654 1034 Linkb'ping
676 947 782 1031 ultsgg
801 949 851 1012 till
871 947 949 1012 hans
970 951 1055 1014 lorus
1076 951 1087 1012 i
1108 949 1264 1014 Merseille
1284 945 1393 1034 giorda
1414 903 1618 1091 Testsmpntp:
1636 1053 1662 1090 0·
1683 1051 1709 1092 n
1726 1039 1767 1094 ¹⁵.

251 1172 304 1251 ln
317 1165 481 1249 nomine
490 1167 654 1250 Domini
666 1195 793 1266 amen.
808 1170 929 1250 Anno
936 1169 1234 1278 jncarnecionis
1241 1171 1463 1251 Dominice.
1479 1169 1901 1255 M⁰.CC⁰.LXXXIII⁰.

108 1297 221 1366 sexto
249 1278 439 1362 kalendas
466 1279 717 1389 septembris.
761 1281 912 1362 Notum
942 1282 994 1360 sit
1022 1280 1209 1363 omnibus
1237 1279 1361 1387 Quod
1390 1282 1472 1362 Nos
1501 1279 1689 1366 henricus
1716 1283 1780 1365 dei
1809 1311 1900 1393 gra·
1940 1323 1943 1329 ·
2009 1324 2014 1340 r

108 1399 170 1476 cia
196 1391 442 1502 lincopensis
469 1390 684 1500 episcopus
711 1392 875 1473 rotinus
903 1407 1011 1472 terre
1040 1408 1174 1473 sancte
1202 1397 1241 1474 8r
1268 1407 1363 1472 actu
1392 1417 1517 1472 accon
1544 1398 1758 1476 existentes
1785 1393 1900 1502 jnfir·

109 1508 162 1594 mi
190 1530 362 1613 corpore
389 1503 477 1581 sani
504 1517 637 1582 tamen
665 1519 797 1582 mente
826 1509 866 1583 &
894 1531 991 1583 sana
1019 1503 1208 1584 memoria
1243 1505 1477 1598 existentes,
1506 1504 1797 1616 ¹sacerdotibus
1826 1531 1900 1586 no·
2036 1571 2040 1578 .

110 1616 201 1696 stris
231 1621 269 1695 81
299 1611 459 1693 famulis
486 1610 673 1698 fidelibus
696 1612 844 1694 ibidem
874 1614 1084 1696 nobiscum
1114 1612 1379 1694 existentibus
1407 1615 1675 1698 commisimus
1702 1644 1766 1697 res
1795 1614 1901 1698 inira

110 1727 281 1834 scriptas
301 1723 520 1834 preposito
549 1729 589 1804 ssr
618 1723 772 1806 decano
801 1752 847 1805 ac
876 1726 1068 1834 Capitulo
1096 1725 1320 1834 lincopensi
1344 1721 1591 1806 deferendas.
1621 1725 1811 1835 Exceptis
1824 1727 1902 1808 hiis
2022 1739 2025 1746 '

109 1863 188 1948 que
209 1834 497 1946 expenduntur
524 1837 569 1916 in
598 1835 797 1944 exsequiis
813 1843 960 1916 uostris
976 1843 1016 1916 8<
1031 1843 1217 1944 expensis
1230 1834 1485 1917 sacerdotum
1514 1841 1552 1915 8<
1581 1835 1824 1920 famulorum
1839 1837 1900 1920 di·
1933 1903 1936 1914 .

109 1952 270 2030 ctorum
296 1973 373 2057 pro
401 1948 514 2027 uictu
530 1973 573 2028 s.
589 1949 629 2025 &
644 1951 793 2028 uestitu
820 1946 1060 2029 eorundem..
1083 1952 1122 2027 &
1149 1947 1329 2055 exceptis
1357 1943 1701 2059 quibusdamque
1728 1976 1753 2028 a
1780 1965 1902 2031 testa·

111 2075 247 2140 mento
275 2072 417 2139 nostro
446 2056 616 2138 massilic
645 2056 810 2139 condito
838 2075 934 2139 sunt
962 2070 1139 2166 excepta.
1167 2057 1363 2139 Mittimus
1406 2057 1532 2165 igitur
1564 2085 1605 2138 se
1636 2076 1731 2140 tem·
1774 2087 1901 2169 urpu·

74 2163 82 2172 ’
111 2197 175 2252 ras
206 2166 439 2263 deauratas,
467 2165 635 2248 &duas
663 2166 849 2250 videlicet
871 2169 1045 2249 blaueas.
1074 2185 1155 2248 tres
1182 2167 1342 2249 rubeas.
1371 2164 1539 2256 &duas
1568 2087 1681 2249 albas
1709 2089 1773 2252 ad
1789 2199 1903 2256 casu·
1933 2233 1935 2238 -

109 2283 166 2362 las
193 2281 258 2360 uel
287 2305 437 2388 cappas
465 2279 611 2361 exinde
639 2277 855 2360 faciendas.
884 2281 988 2360 item
1016 2297 1193 2391 quatuor
1208 2280 1342 2388 pecias
1357 2277 1521 2360 blaueas
1544 2276 1594 2360 de
1622 2281 1751 2360 serico
1779 2285 1904 2365 eciam
2007 2281 2045 2331 ⁴'

108 2395 151 2473 in
181 2410 294 2501 parte
329 2389 538 2472 deauratas
562 2416 659 2499 ‘pro
688 2391 870 2498 cappella
899 2393 1147 2472 successoris.
1204 2393 1310 2471 Jtem
1340 2389 1504 2469 XVIII.¹
1521 2390 1653 2499 pecias
1682 2389 1732 2472 de
1760 2395 1902 2476 sindal.
1953 2383 1966 2421 ⁸

107 2501 159 2584 ad
186 2501 303 2582 usum
331 2499 496 2582 ecclesie
524 2497 574 2580 de
604 2500 758 2609 quibus
783 2499 919 2610 aliqua¹
949 2526 1042 2610 pars
1071 2500 1123 2582 ad
1152 2525 1269 2584 usum
1296 2498 1481 2610 cappelle
1507 2497 1745 2586 successoris
1774 2505 1903 2614 depu·
1968 2604 1973 2614 Ι

107 2631 227 2696 tetur.
258 2615 363 2693 Jtem
389 2639 459 2693 sex
488 2610 668 2694 telasde
697 2612 868 2693 camelos
896 2611 946 2693 de
976 2609 1243 2722 quibusduas
1270 2610 1413 2693 damus
1433 2615 1653 2693 successori
1681 2621 1731 2698 Ba
1761 2607 1923 2698 11.d0-'

111 2728 232 2806 mino.
265 2726 308 2806 A.
336 2723 623 2832 strengenensi.
652 2722 702 2803 &.
733 2725 785 2817 ΙΙ,
815 2719 1000 2805 Domino.
1029 2725 1072 2803 Β.
1102 2725 1274 2804 scarensi
1306 2723 1525 2832 Episcopis.
1581 2724 1684 2806 Jtem
1712 2725 1824 2808 filum
1853 2727 1904 2812 de

110 2837 238 2917 serico
266 2832 318 2914 ad
346 2861 449 2943 opus
478 2833 679 2914 forrature
710 2832 907 2914 dictarum
938 2861 1226 2943 purpurarum.
1258 2835 1362 2914 Jtem
1390 2833 1482 2914 llll.
1537 2833 1669 2916 Zonas
1695 2837 1746 2918 de
1775 2841 1903 2922 serico

108 2947 160 3029 ad
191 2972 288 3027 usus
317 2945 491 3026 ecclesie.
522 2945 626 3024 ltem
657 2970 803 3026 nouem·
831 2947 966 3054 pecias
994 2945 1044 3027 de
1062 2945 1129 3026 filo
1144 2971 1269 3032 aureo
1297 2951 1338 3025 &
1365 2959 1570 3054 argenteo.
1599 2947 1703 3026 Jtem
1727 2948 1797 3029 ΙΙΙ,
1814 2977 1901 3032 car.-
1999 3023 2003 3029 ,

107 3059 225 3166 pitas.
259 3087 288 3138 s.
320 3056 614 3164 pauimentalia.
655 3055 782 3136 'Jtem
818 3085 978 3137 crucem
1021 3073 1251 3164 argenteam
1294 3053 1527 3136 deauratam
1555 3058 1707 3166 inqua
1735 3059 1906 3170 reliquie

60 3186 68 3194 ·
108 3182 205 3248 sunt
232 3165 441 3249 recondite
471 3171 510 3248 &
539 3165 636 3246 alias
665 3168 853 3280 reliquias
896 3167 1105 3276 ponendas
1148 3165 1199 3248 ad
1249 3166 1373 3250 altare
1402 3165 1673 3275 reliquiarum.
1733 3170 1783 3252 Et
1829 3171 1904 3254 hec

109 3281 244 3360 omnia
279 3273 509 3387 supradicta
540 3274 787 3386 deputentur
819 3278 871 3358 ad
899 3307 995 3359 usus
1023 3278 1189 3361 ecclesie
1218 3284 1258 3360 &
1285 3279 1525 3358 successoris
1541 3280 1670 3360 nostri
1684 3298 1810 3388 prout
1822 3311 1904 3366 me-

13 3447 16 3452 -
107 3390 186 3470 lius
216 3389 410 3469 noueritis
438 3386 640 3496 expedire.
673 3389 910 3499 Subscripta
940 3418 1039 3471 uero
1072 3419 1153 3499 que
1181 3389 1409 3472 consistunt
1438 3387 1481 3468 in
1510 3405 1681 3499 argento
1710 3420 1904 3501 prepara·

108 3519 153 3582 to
181 3500 248 3580 uel
276 3525 377 3578 auro
406 3497 456 3582 ad
486 3505 856 3609 augmentacionem
886 3499 1092 3608 prebende
1121 3528 1243 3610 quem
1286 3499 1393 3581 bone
1440 3501 1630 3588 memorie
1676 3508 1904 3611 prepositus
1946 3593 1949 3600 ,

108 3611 361 3693 holmstanus
389 3610 553 3690 ecclesie
589 3612 762 3694 contulit
805 3612 1028 3721 lincopensi
1069 3609 1326 3720 deputentur.
1369 3611 1465 3720 quia
1506 3614 1828 3721 recognoscimus
1856 3643 1903 3697 ea

108 3739 204 3834 post
232 3725 316 3802 eius
345 3735 516 3802 mortem
543 3747 618 3801 nos
646 3724 843 3832 recepisse
872 3724 975 3806 sicut
1005 3725 1048 3802 in
1077 3737 1316 3804 testamento
1348 3737 1490 3800 nostro
1519 3721 1678 3830 plenius
1720 3727 1903 3808 contine·

109 3851 190 3914 tur.
222 3833 299 3913 Res
328 3831 453 3941 igitur
482 3831 663 3946 predicte
683 3853 787 3915 sunt.
817 3835 906 3915 Vll.
935 3835 1038 3915 scale
1052 3862 1096 3914 ur
1124 3851 1249 3916 entee.
1266 3839 1305 3912 8<
1321 3830 1400 3914 due
1429 3831 1506 3910 alie
1522 3826 1762 3924 intrinsecus
1776 3837 1903 3932 deauf

107 3962 207 4026 rate.
236 3946 350 4024 Jtem.
379 3943 487 4031 Xlll.
516 3943 703 4025 cocliaria
732 3937 933 4054 argentea.
963 3947 1065 4026 ltem
1093 3865 1173 4025 due
1202 3943 1340 4054 pelues
1359 3959 1545 4050 argentee
1573 3945 1617 4024 in
1646 3944 1816 4046 Massilie
1832 3947 1903 4030 de·
1983 3955 1987 3964 '

18 4141 24 4147 ,
108 4056 250 4168 posite.
279 4057 381 4143 ltem
410 4081 479 4141 sex
506 4055 672 4144 scutelle
700 4055 1035 4165 argentee-item
1063 4083 1133 4147 sex
1162 4054 1266 4148 scale
1295 4067 1493 4163 argentee.
1549 4051 1653 4140 ltem
1682 4056 1790 4146 Vlll.
1835 4087 1904 4146 co·

107 4167 247 4248 cliaria
276 4181 477 4276 argentea.
506 4167 611 4246 Jtem
639 4165 722 4256 duo
751 4167 875 4288 cyphi
902 4169 1079 4276 argentei
1106 4194 1200 4248 oum
1221 4163 1394 4274 pedibus
1409 4162 1593 4245 deaurati
1607 4193 1783 4282 quorum
1798 4197 1905 4253 unus

108 4277 234 4358 habet
262 4277 573 4387 coopertorium.
617 4277 721 4358 Jtem
751 4279 798 4357 V.
829 4277 942 4357 anuli
969 4279 1080 4360 aurei
1115 4304 1206 4358 cum
1256 4271 1426 4366 diuersis
1468 4273 1675 4383 lapidibus
1701 4281 1904 4386 preciosis.

109 4391 217 4468 item
245 4415 351 4474 unus
378 4387 574 4502 saphirus.
605 4389 708 4470 Jtem
735 4417 818 4469 una
849 4385 1043 4484 absconsa
1069 4385 1121 4480 de
1149 4392 1341 4492 Argento.
1373 4383 1499 4468 libros
1526 4388 1653 4481 eciam
1675 4415 1766 4468 cum
1810 4418 1905 4500 cap-

111 4493 229 4610 pella,
247 4499 484 4580 remittimus
513 4528 587 4609 per
612 4498 785 4594 eosdem.
815 4498 866 4585 de
902 4498 1052 4609 quibus
1080 4491 1370 4611 passionarium
1398 4495 1686 4592 &brittonem
1714 4503 1754 4588 &
1781 4529 1904 4612 quos·

113 4606 209 4691 dam
238 4633 440 4692 sermones
480 4608 620 4702 damus
646 4611 834 4693 Domino.
862 4617 910 4704 Α.
940 4608 1075 4720 episco
1106 4635 1132 4687 o
1170 4608 1457 4716 strengenensi.
1486 4610 1526 4687 &
1555 4608 1803 4700 breuiarium
1828 4640 1903 4694 no-

113 4733 244 4800 strum
272 4745 444 4825 paruum
473 4718 615 4802 damus
643 4720 850 4814 laurencio
872 4719 1025 4817 'alberti
1063 4637 1147 4800 dito
1176 4718 1346 4828 parisius
1375 4716 1565 4812 studenti,
1623 4719 1901 4830 significamus

8 4875 9 4880 Ν
103 4831 238 4911 'etiam
265 4827 381 4909 vobis
408 4829 522 4940 quod
550 4845 722 4940 propter
750 4833 1029 4932 ¹necessitatem
1072 4829 1355 4940 exsequiarum
1383 4835 1717 4938 &expensarum
1752 4832 1903 4940 familie
2034 4891 2036 4900 ·

115 4937 396 5034 mandauimus
423 4938 548 5023 uendi
561 4932 756 5034 armillam
772 4969 934 5035 auream
961 4941 1128 5038 βι.ΙΙΠ.
1157 4942 1303 5066 paruas
1331 4942 1474 5052 pecias,
1493 4941 1582 5034 auri
1596 4945 1637 5023 bx
1651 4968 1768 5124 agnam
1797 4945 1920 5056 pecif*

202 5085 205 5094 ’
249 5081 297 5152 5⁸⁹.»
316 5081 438 5152 ΝΛΜ·
682 5113 686 5151 ·.
1479 5113 1483 5120 ·
1682 5075 1706 5124 ⁰
