4398 5958
684 469 853 598 J-
963 473 1044 582 tra
1155 517 1227 549 ·-·

111 707 360 883 aa
603 729 607 740 =
740 701 1287 884 roasa..
1569 861 1572 866 ,
1737 621 1903 864 o...
1987 713 2040 750 „
2116 735 2150 752 s.

188 924 279 992 Pas.
300 925 478 992 Gauranos
508 877 763 996 Etaoilrilrcbe
793 925 841 994 n'll
875 925 982 1002 Fossa
1015 947 1074 990 ornv
1100 925 1176 991 huns
1196 927 1375 1009 utrenning
1395 925 1445 993 till
1466 924 1647 1012 iris-Birt.
1662 903 1678 992 i
1698 925 1841 1014 Upscla3,
1855 933 1903 994 till

241 1007 496 1102 Dora-Gepidet,
527 1007 651 1081 Brester
682 1006 744 1073 och
774 1007 913 1078 Lekmiin
944 1011 955 1075 i
986 1009 1106 1098 Upsela
1136 1010 1217 1090 still,
1249 1021 1328 1101 sumt
1359 1009 1496 1075 Sveusla
1527 1011 1716 1103 Bislopame
1743 1013 1754 1074 i
1785 1035 1902 1080 samma
1988 1042 1992 1055 ·

242 1099 339 1154 smne.

328 1185 332 1198 ·
488 1209 490 1214 .
690 1206 725 1246 ·.
1171 1225 1174 1234 ,
1602 1171 1639 1240 K·
1661 1189 1686 1234 t·
1709 1178 1768 1242 rto.

274 1255 503 1418 Gregorius
530 1311 650 1422 Papa
677 1311 734 1392 X.
762 1311 935 1394 Falconi
960 1309 1100 1394 Electa
1127 1315 1347 1426 Vpsalensi.
1635 1262 1637 1276 ¹

274 1457 323 1534 In
350 1479 547 1563 supremae
580 1452 788 1562 dignitatis
816 1453 979 1564 specula
1004 1455 1099 1537 licet
1126 1456 1326 1553 immeriti,
1353 1456 1594 1566 disponente
1615 1457 1790 1538 Domino
1804 1484 1902 1540 con·
2008 1553 2019 1568 .

107 1567 258 1663 stituti,
286 1567 394 1652 curis
418 1565 627 1656 coutinuis
668 1567 855 1674 angimur
883 1566 1164 1675 &pulsamur
1206 1566 1547 1657 sollicitudinibus
1575 1567 1826 1667 successivis,
1855 1584 1902 1650 vt

108 1677 162 1760 de
188 1679 373 1788 personis
399 1677 478 1770 illis
506 1673 773 1786 prouideatqu
797 1677 991 1785 Ecclesijs
1020 1676 1252 1760 Pastoribus
1280 1678 1469 1776 viduatis,
1497 1706 1674 1790 quorum
1701 1678 1902 1768 industria

106 1797 147 1872 &
175 1792 329 1877 virtute
356 1787 504 1881 eaedem
534 1787 721 1870 Ecclesiae
749 1789 904 1880 insuia
932 1789 1093 1879 Iuribus
1122 1789 1444 1873 &libertatibus
1473 1806 1778 1886 conseruentur,
1807 1787 1902 1876 red·

108 1899 231 1985 datur
259 1901 519 2012 tranquillior
548 1899 656 1980 Cleri
684 1916 831 1998 status,
860 1907 900 1984 &
928 1900 1148 1984 commodis
1176 1901 1316 1989 salutis
1344 1907 1384 1982 8<
1412 1897 1572 2014 gaudijs
1600 1898 1716 2010 plebs
1732 1901 1899 1989 laetetur.

91 2014 214 2108 'Sane
242 2010 399 2095 dudum
428 2011 674 2093 Vbsallensis
713 2011 891 2093 Ecclesia
919 2011 1112 2113 destituta
1140 2016 1329 2112 Pastore,
1357 2041 1404 2096 ac
1432 2014 1559 2122 ipsius
1586 2013 1820 2122 prouisione
1839 2011 1903 2096 ad

105 2121 243 2207 sedem
272 2123 548 2232 Apostolicam
574 2121 770 2205 deuolute
795 2121 925 2204 felicis
952 2124 1244 2210 recordationis
1272 2125 1456 2222 Clemens
1491 2128 1602 2234 Papa
1629 2124 1902 2214 Praedecessor

105 2251 245 2322 noster
273 2233 325 2317 de
354 2233 502 2326 dilecto
530 2233 617 2316 lilio
644 2233 819 2316 Sachero
834 2237 1055 2343 Praeposito
1084 2235 1270 2322 Ecclesiae
1285 2237 1510 2318 Lundensis
1537 2237 1583 2317 in
1609 2234 1689 2316 illis
1716 2235 1904 2344 partibus

105 2364 377 2430 commorante
406 2345 524 2427 duxit
538 2344 666 2427 eidem
681 2346 910 2454 Vpsallensi
937 2348 1123 2453 Ecclesiae
1142 2345 1455 2458 prouidendum.
1470 2349 1634 2428 *Verum
1652 2345 1782 2428 dictus
1797 2347 1909 2428 Prae·t

106 2461 263 2568 positus
289 2458 566 2565 prouisionem
594 2454 827 2542 huiusmodi
854 2455 975 2540 dese
1004 2456 1155 2544 factam
1181 2487 1273 2542 cum
1301 2456 1352 2540 ad
1381 2460 1467 2540 eius
1501 2458 1690 2568 peruenit
1720 2458 1904 2538 notitiam

104 2597 192 2660 non
220 2585 453 2676 acceptans,
481 2569 519 2650 ei
547 2570 681 2650 renuit
709 2571 956 2666 consentire,
985 2597 1032 2650 ac
1060 2570 1317 2676 renunciauit
1343 2597 1548 2681 expresse,
1577 2586 1702 2678 prout
1717 2567 1904 2653 extabitae

105 2681 226 2766 nobis
254 2681 384 2790 ipsius¹
396 2680 608 2790 Praepositi
622 2679 766 2763 litterae
779 2680 1054 2778 continebant.
1084 2683 1168 2770 Nos
1195 2682 1321 2791 igitur
1342 2679 1397 2763 de
1407 2682 1535 2792 ipsius
1549 2680 1805 2792 Vpsallensis
1823 2677 1902 2762 Ec·

105 2791 236 2888 clasiae
264 2790 528 2883 ordinatione
546 2792 716 2885 sollicite
744 2793 984 2900 cogitantes,
1014 2821 1060 2877 ac
1089 2795 1211 2879 talem
1235 2793 1294 2896 illi
1327 2820 1497 2902 praeesse
1525 2791 1760 2876 Pontificem
1788 2794 1903 2902 rupi·

31 2970 35 2984 ,
104 2919 236 3002 entes,
264 2932 486 3015 perquem
515 2902 1089 3014 posseteadem.Vpsallemis
1117 2905 1294 3005 Ecclesia
1326 2905 1543 3008 salubriter
1572 2904 1807 3012 gubernari,
1839 2903 1901 2983 di-

104 3019 283 3100 reximus
312 3017 360 3105 in
383 3033 424 3099 te
451 3017 484 3098 F
486 3015 686 3112 ulccnem,
713 3033 812 3098 tunc
826 3015 1168 3104 Archidiaeonum
1182 3013 1612 3126 Vpsallensemooulos
1626 3029 1774 3096 nostrae
1789 3040 1908 3096 men·—

104 3129 178 3224 tis,
208 3154 327 3238 quem
355 3127 475 3208 nobis
502 3134 542 3209 ar
570 3125 782 3208 Fratribus
810 3129 959 3209 nostris
992 3125 1042 3210 de
1070 3128 1294 3210 litterarum
1321 3127 1505 3223 scientia,
1548 3153 1707 3208 morum
1735 3125 1901 3208 maturi·
1978 3123 1981 3132 ’

103 3254 208 3332 tate,
237 3236 454 3347 prudentia
482 3238 769 3347 spiritualium,
798 3244 838 3320 8r
866 3238 1158 3347 temporalium,
1187 3235 1446 3349 prouidentia
1475 3234 1555 3320 fide
1596 3235 1814 3345 dignorum
1842 3251 1903 3316 te-

104 3351 293 3432 stimonia
322 3349 671 3446 commendarunt,
700 3366 824 3460 teque
851 3349 903 3432 de
932 3353 1112 3459 ipsorum
1140 3352 1327 3433 Fratrum
1355 3348 1523 3430 consilio
1552 3349 1729 3458 praelatae
1757 3347 1903 3455 Vpsal·

107 3463 211 3544 lensi
238 3459 426 3568 Ecclesiae
441 3459 693 3570 praefecimus
720 3461 765 3540 in
784 3461 1147 3571 Archiepiscopum
1175 3467 1215 3542 ἃ
1244 3463 1461 3557 Pastorem,
1491 3461 1643 3540 firmam
1657 3485 1768 3567 spem
1791 3457 1901 3539 lidu-

105 3575 291 3682 ciamque
318 3588 520 3670 tenentes,
553 3569 666 3681 quod
693 3569 831 3654 eadem
859 3571 1049 3652 Ecclesia.
1064 3575 1155 3652 Deo
1184 3588 1369 3670 auctore,
1406 3588 1587 3681 per'tuae
1616 3569 1824 3651 industriae
1852 3593 1901 3650 ae
1949 3591 1955 3598 ·

104 3684 477 3792 circumspectionis
504 3682 758 3764 fructuosum
786 3681 965 3765 studium
998 3684 1312 3792 praeseruabitur
1340 3712 1363 3762 a
1392 3680 1525 3793 noxijs
1554 3677 1902 3788 &spiritualibus
2038 3691 2040 3702 '

105 3793 469 3903 &temporalibus
497 3793 680 3903 proficiet
707 3793 971 3876 incrementis.
1012 3795 1048 3875 T
1050 3794 1129 3892 olle
1146 3784 1285 3906 ¹igitur
1326 3795 1466 3904 iugum
1508 3793 1672 3873 Domini
1699 3807 1780 3872 tam
1809 3788 1897 3868 leue

8 3941 16 3970 ι
106 3906 222 3990 collis
250 3905 490 4003 humilibus,
517 3933 641 4015 quam
668 3932 811 4002 suane,
840 3935 887 3987 ac
916 3906 958 3985 in
986 3903 1203 3989 dilectione
1247 3906 1411 3986 Domini
1452 3900 1698 4013 pascendum
1740 3901 1897 4006 suscipe
2025 3941 2027 3948 ·

105 4045 271 4130 gregem
299 4019 384 4098 eius
412 4043 534 4125 super
565 4044 687 4127 quem
714 4018 845 4100 noctis
872 4015 1026 4126 vigilias
1054 4016 1225 4129 diligens
1258 4017 1535 4126 sollicitusque
1570 4011 1746 4108 custodi,
1776 4028 1820 4091 vt
1850 4011 1898 4091 li·

104 4131 181 4213 ber
210 4156 293 4209 non
322 4143 457 4241 pateat
475 4124 617 4210 'aditus
644 4128 841 4222 inuasori,
868 4133 908 4208 ἃ
936 4129 1133 4210 Dominus
1160 4133 1208 4210 in
1233 4110 1464 4238 srispicabili
1505 4127 1606 4206 hora
1641 4139 1837 4203 venturus
1865 4123 1899 4201 si

105 4259 148 4322 te
166 4239 358 4342 'inueniet
384 4239 441 4319 sic
469 4257 652 4350 agentem
681 4245 802 4326 cur'su
831 4257 1084 4338 consumato,¹
1107 4245 1182 4351 qui·
1207 4257 1280 4322 tuo
1309 4239 1439 4347 labori
1468 4266 1547 4346 pro
1576 4235 1733 4329 unitur,
1763 4239 1802 4312 8r
1831 4259 1899 4312 eo·

103 4379 198 4436 rum
226 4349 317 4432 fide
334 4366 515 4448 seruata,
542 4379 632 4467 quae
660 4367 741 4431 tuae
767 4347 1030 4433 sollicitudini
1069 4350 1395 4448 committuntur,
1438 4362 1481 4429 tc
1514 4265 1682 4428 fidelem·
1715 4370 1899 4453 comper7

104 4482 194 4545 tum
222 4464 264 4543 in
293 4461 452 4546 modico
473 4479 606 4575 supra
635 4461 762 4544 multa
788 4465 1027 4562 constituat,
1055 4491 1102 4546 ac
1130 4465 1173 4543 in
1202 4460 1347 4544 dilecta
1375 4457 1616 4570 gaudiorum
1643 4482 1808 4537 suornm
1838 4471 1899 4533 ta·

103 4576 335 4683 uernacula·
357 4573 602 4660 introducat.
633 4575 784 4682 Datum
811 4573 1002 4685 Lugduni
1030 4575 1139 4656 XVI.
1168 4569 1364 4656 Calendas
1379 4570 1628 4682 Septembris
1642 4593 1751 4648 anno
1765 4567 1897 4648 tertio.

274 4687 323 4766 ln
357 4683 498 4774 eodem
527 4684 649 4777 modo
678 4686 868 4798 Capitolo
905 4685 1153 4795 Vpsallensis
1166 4684 1364 4790 Ecclesiae.
1393 4686 1440 4763 In
1469 4707 1663 4792 supremae
1691 4677 1899 4788 dignitatis
1997 4751 2000 4758 .

103 4789 274 4924 specula·
298 4803 373 4877 &c
401 4795 447 4884 ,vl
474 4799 516 4879 in
560 4798 743 4906 proxirmr
782 4801 912 4910 nsque
954 4797 1192 4908 gubernari,
1234 4795 1452 4879 direximus
1475 4795 1524 4873 in
1553 4791 1743 4875 dilect-um
1768 4788 1899 4868 filium

103 4927 291 4994 nostrum
305 4947 306 4954 Ν
320 4905 541 4994 Fulconem
570 4907 751 4988 Electum
771 4922 871 4991 tnnc
900 4907 1239 4992 Archidiaconum
1269 4905 1517 5016 Vpsallensis
1546 4903 1732 4985 Ecclesiae
1756 4897 1897 4981 oculos

104 5039 253 5107 nostrae
281 5021 444 5118 mentis,
472 5045 594 5133 quem
623 5021 696 5102 &c
725 5045 855 5130 nsque
880 5019 1156 5120 incrementis,
1195 5032 1244 5114 ‚vt
1279 5019 1322 5101 in
1346 5015 1497 5102 eadem
1537 5001 1721 5128 proxima
1761 5011 1896 5116 verbis
