4382 5964
1026 543 1087 566 ...
1198 442 1452 588 535'...

333 707 663 834 terfrrppus'cum
694 719 776 801 suis
803 718 1370 834 oneribus'¹)‘translerentur.
1390 724 1578 831 'Dignum
1592 723 1775 806 arbitrati
1790 755 1918 810 sumus
1942 729 1979 809 in
1999 733 2077 818 leste

329 830 611 917 coronacionis
639 829 857 941 predilecte
886 833 1069 942 coniugis
1096 849 1234 915 nostre
1263 836 1370 916 cirea
1385 821 1567 942 predicta
1583 833 1691 915 bona
1709 835 1741 948 ²)
1766 853 1900 918 nostra
1924 829 2078 927 beneficia

329 940 548 1026 cumulare.
577 946 669 1047 Que
696 945 802 1026 enim
831 941 1065 1025 differencia
1100 943 1310 1026 inducitur
1351 972 1480 1054 quare
1513 945 1683 1028 bonoris
1725 951 1988 1056 prerogatiuas
2022 956 2078 1036 sibi

329 1051 461 1136 adeo
488 1050 655 1136 collatas
681 1081 783 1164 quas
825 1055 944 1136 nobis
985 1059 1161 1164 iungunt
1195 1054 1260 1135 lex
1302 1057 1446 1138 thorus
1474 1060 1515 1135 8<
1543 1055 1710 1139 effectus
1744 1060 1941 1140 maritalis·
1959 1079 2079 1148 omues

328 1190 418 1250 non
442 1163 658 1258 deberem
684 1167 728 1246 in
756 1163 945 1252 omuibus
972 1173 1012 1250 8:
1040 1193 1114 1276 per
1142 1168 1275 1248 omnia
1310 1183 1512 1277 reputare.
1570 1165 1817 1251 indulsimus
1860 1171 1984 1280 itaque
2007 1191 2080 1257 tune

328 1279 524 1386 temporis
571 1273 833 1386 indulgencia
859 1296 1059 1388 perpetuo
1078 1275 1111 1391 ³)
1140 1279 1182 1359 in
1210 1295 1419 1388 posterum
1447 1279 1621 1360 ualitura
1653 1297 1700 1359 ut
1727 1307 1865 1362 omnes
1892 1283 2082 1367 ecclesie&

328 1387 596 1477 eeclesiastico
622 1415 793 1498 persone
827 1389 869 1472 in
899 1417 1027 1500 regno
1054 1403 1198 1470 nostro
1226 1390 1542 1478 concinuisse
1581 1407 1719 1470 nostra
1749 1395 1996 1501 protensione
2023 1421 2082 1476 rna-¹

248 1527 272 1606 j
327 1515 468 1588 neant.
483 1499 607 1610 plene
630 1501 845 1583 securitate
886 1499 1121 1610 gaudentes.
1164 1503 1428 1586 Acerbiseima
1469 1509 1612 1580 eontra
1646 1517 1952 1612 transgressores
1977 1524 2081 1588 nosue

326 1609 509 1694 uindicta
559 1611 806 1720 procedente
855 1611 1114 1696 concedimus
1163 1613 1286 1694 eciam
1328 1611 1480 1694 eisdem
1520 1612 1656 1693 omnia
1696 1615 1807 1696 bona
1849 1643 1917 1694 sua
1956 1615 2081 1698 mobilis

327 1728 368 1804 u
393 1721 617 1804 immobilia
645 1749 725 1832 que
753 1720 1011 1808 ecclesiarum
1040 1723 1202 1806 nomime
1231 1723 1491 1833 possidentur
1511 1722 1762 1808 siuefuerint
1776 1726 2014 1806 ecclesiarum
2036 1757 2082 1807 ra·

326 1832 666 1916 thedralinmsiue
673 1833 909 1921 inferiarum
926 1832 959 1948 l)
974 1833 1505 1917 ecclesiarumeumlamiliis
1523 1831 1556 1946 ⁵)
1572 1835 1614 1916 in
1629 1837 1778 1918 eisdem
1785 1839 2082 1920 commorantibus

326 1945 413 2028 siue
441 1973 515 2054 per
536 1943 695 2027 uillioos
735 1963 932 2054 regantur
974 1947 1061 2032 siue
1089 1975 1163 2054 per
1190 1947 1358 2031 colonos
1394 1949 1480 2028 siue
1510 1973 1582 2056 per
1611 1948 1844 2056 inquilinos.
1873 1951 1951 2027 siue
1988 1950 2081 2028 ecian

191 2111 197 2120 -
324 2083 401 2166 per
428 2055 635 2137 noualiuru
662 2057 890 2139 excultores
918 2058 971 2136 ab
1001 2060 1110 2138 omni
1139 2085 1226 2137 rure
1255 2060 1367 2166 regio
1396 2063 1434 2137 Sc
1463 2087 1486 2136 a
1515 2060 1644 2138 causis
1660 2058 1850 2139 omnibus
1867 2057 1898 2170 ⁶)
1922 2059 2081 2166 regalibus

98 4103 103 4127 ·
256 4057 280 4170 J
321 4058 452 4170 gis&
479 4057 667 4154 Martiris.

324 2166 616 2264 sobecionibusf
650 2196 680 2278 q
766 2195 817 2249 ue
856 2169 1063 2276 wlgarltet
1093 2167 1222 2263 dictis.
1257 2167 1489 2276 Skipwisra
1535 2161 1792 2277 Spannemal.
1823 2169 2021 2278 aetergiald.
2044 2170 2081 2248 le·

323 2269 579 2387 dhogxlamae
614 2305 660 2358 ac
679 2186 809 2358 ”tiliis
849 2273 1088 2378 'muneribus
1134 2275 1447 2360 exsuccionibus
1490 2278 1677 2360 omnibus
1705 2309 1777 2360 seu
1813 2282 2080 2390 quibuscunque

253 2445 256 2454 -
323 2388 491 2490 tributis,
522 2387 739 2496 rebusuel
774 2390 958 2498 personis
993 2389 1204 2498 impositis
1246 2389 1312 2472 uel
1355 2389 1612 2497 imponendis
1654 2387 1962 2500 quibuscunque
1985 2392 2080 2472 noni·

323 2500 447 2582 nibus
475 2493 717 2582 censeantur
744 2527 791 2585 ac
819 2502 852 2581 si
880 2501 1107 2610 specialiter
1136 2507 1176 2584 &
1203 2501 1441 2582 nominatim
1471 2519 1601 2583 essent
1635 2528 1827 2610 expressa
1854 2502 1973 2582 libera
1999 2509 2080 2609 peni·

323 2617 391 2695 tus
419 2616 460 2706 &
485 2625 684 2723 exempta.
727 2601 853 2714 Quod
881 2613 1122 2720 generaliter
1155 2613 1282 2721 accipi
1312 2620 1351 2693 &
1380 2611 1550 2722 intelligi
1580 2611 1769 2694 uolumus
1812 2612 1935 2702 eciam
1961 2611 2003 2692 dc
2025 2611 2080 2692 illis

293 2779 297 2790 ,
326 2750 408 2833 que
436 2723 612 2807 ecclesiis
640 2715 915 2830 post'dictum
944 2723 1161 2804 concilium
1190 2740 1444 2806 accesserunt
1472 2725 1571 2805 iuris
1599 2727 1825 2806 communis
1872 2721 2080 2806 obseruando

323 2834 485 2932 tramite
516 2831 829 2943 depostmodum
858 2833 1128 2946 acquirendis.
1192 2837 1466 2948 Quaseunque
1518 2835 1643 2944 igitur
1685 2836 1826 2916 causas
1875 2835 2077 2944 pecuniarias

303 2945 367 3032 'in
394 2945 512 3031 dictis
540 2944 659 3039 bonis
686 2972 796 3036 emer
824 2963 935 3028 entes
965 2945 1017 3028 ab
1047 2947 1246 3055 episcopis
1275 2951 1314 3026 &
1340 2974 1482 3028 eorum
1520 2945 1760 3028 officialibus
1800 2947 1907 3054 exigi
1934 2944 2077 3024 uolumus

322 3058 520 3165 &recipi
562 3085 663 3138 uoco
690 2974 907 3137 cuiuslibet
934 3055 1112 3139 alterius.
1141 3058 1390 3167 preterclusa
1427 3059 1584 3138 eciamsi
1628 3072 1944 3167 transgressores
1987 3052 2077 3162 aliqui

321 3195 377 3278 ap
408 3166 592 3248 aruerint
633 3167 734 3276 regii
762 3167 976 3248 iuramenti
1003 3165 1230 3251 huiusmodi
1258 3185 1393 3250 tamen
1421 3168 1511 3278 paci
1539 3173 1577 3250 &
1594 3165 1632 3280 8)
1654 3169 1929 3250 communioni
1954 3159 2076 3276 regul]

322 3197 555 3362 nullatenus
583 3277 851 3370 restituantur
879 3279 970 3370 nisi,
998 3279 1057 3360 hii
1099 3294 1241 3361 eontra
1282 3307 1384 3389 quos
1428 3277 1684 3390 deliquerant
1718 3281 2004 3361 intercesserint
2026 3299 2077 3382 pro

321 3387 481 3474 eisdem.
511 3389 546 3470 si
572 3416 680 3486 uero,
692 3391 903 3497 contingat
922 3389 1080 3502 aliquos
1098 3389 1144 3503 ¹⁰)
1173 3391 1281 3482 bona
1304 3390 1570 3476 ecclesiastica
1583 3390 1623 3470 in
1641 3411 1754 3501 parte
1771 3397 1811 3472 &
1830 3392 1871 3471 in
1888 3407 1990 3500 parte
2002 3385 2077 3466 bon

318 3499 589 3624 proprialaut
616 3499 781 3582 alterius
809 3499 979 3584 alicuius
1008 3505 1167 3613 priuate
1199 3530 1369 3612 persone
1386 3503 1434 3697 “j
1463 3530 1540 3610 pro
1568 3521 1655 3603 rata
1671 3501 1875 3584 bonorum
1903 3529 1975 3611 que
2000 3510 2077 3576 tenet

211 3641 215 3648 '
321 3614 376 3716 ab
390 3608 556 3694 eeclesia
569 3625 755 3692 teneatur
768 3614 952 3721 personis
968 3614 1246 3696 ecclesiasticis
1256 3641 1405 3725 respon
1436 3640 1513 3694 ere.
1542 3611 1594 3694 de
1621 3613 1777 3696 iuribus
1793 3608 2077 3694 &semisomni-

276 3746 281 3758 ’
319 3723 399 3808 bus
426 3722 670 3833 supradietis
687 3721 734 3836 ¹²)
764 3729 803 3803 ssc
824 3723 867 3806 in
891 3723 965 3806 reli
997 3727 1056 3808 uis
1071 3727 1157 3837 regi
1185 3727 1257 3835 qui
1286 3754 1362 3835 pro
1378 3747 1557 3834 tempore
1572 3723 1724 3806 fuerint
1741 3723 1787 3836 ¹³)
1818 3754 1860 3806 se
1879 3727 1918 3805 in
1932 3717 2077 3804 omnibus

319 3849 612 3948 recognoscant
626 3833 907 3944 &intelligant
921 3754 1135 3920 debitores.
1153 3839 1300 3918 Datum
1317 3838 1572 3944 sudurcopie.
1604 3839 1732 3918 Anno.
1749 3827 2076 3918 M⁰.CC⁰LXXXl'.

241 4021 242 4024 a
321 3946 387 4054 die
417 3945 698 4045 coronacionis
731 3945 914 4055 predicta
942 3945 1091 4029 dilecte
1120 3948 1302 4057 coniugis
1332 3967 1478 4030 nostre.
1530 3946 1728 4030 Videlicet
1755 3949 1865 4030 beati
1894 3943 2013 4026 Olawi
2034 3963 2078 4018 re·

1066 4167 1185 4252 Sigillet
1205 4167 1376 4233 bortfsdlet

327 4292 462 4440 726.
978 4299 1123 4406 1281
1175 4298 1226 4407 d.
1272 4301 1306 4406 3
1350 4302 1483 4445 Aug.

347 4503 350 4511 .
402 4451 593 4536 lto-ungens
612 4450 732 4518 Broder
751 4451 870 4519 enon
891 4450 971 4518 lire!
985 4449 1120 4524 riireude
1149 4453 1368 4538 sotstljuingcu
1388 4453 1426 4517 ai
1441 4451 1518 4534 gods
1538 4454 1581 4542 pa
1600 4451 1829 4522 Wiibolandet
1846 4456 1860 4516 i
1880 4439 2078 4533 eugenni

451 4537 501 4608 till
518 4537 671 4624 Biskopeu
690 4537 702 4598 i
723 4535 907 4622 Linkdping.
1601 4625 1604 4638 Ι
1639 4594 1641 4600 ,
1755 4617 1790 4672 A
1805 4555 1878 4672 3:⁰⁸
1899 4630 1921 4670 n
1941 4633 1977 4669 m·

487 4687 688 4792 Omnibus
715 4703 919 4794 presentes
947 4686 1107 4768 litteras
1130 4689 1377 4801 inspecturis.
1412 4689 1458 4770 B.
1483 4667 1609 4768 frater
1648 4691 1753 4797 regis
1793 4711 1991 4780 sueorum·
2010 4677 2077 4790 Jllu·

320 4795 415 4879 stris
442 4795 612 4880 salutem
641 4801 685 4880 in
713 4794 879 4880 domim
893 4799 1187 4907 sempiternam.
1214 4804 1421 4906 Quoniam
1436 4797 1970 4907 venerabilipatridbmino
1983 4783 2077 4873 bend

367 5009 395 5085 τ)
415 4983 592 5068 maeno
611 5010 643 5086 2)
664 5006 764 5080 done.
791 5005 824 5087 ³>
831 5015 995 5152 perpesso
1016 5008 1105 5070 uae
1135 5005 1167 5086 4)
1188 5007 1369 5075 neuim
1390 5011 1564 5094 reteget.
1593 5005 1625 5088 s)
1646 5007 1780 5070 fumun
1808 5003 1998 5084 eomssus
2012 4993 2075 5061 aaz

403 5093 435 5169 7)
456 5085 664 5172 slypbwistcr
683 5111 831 5182 manaem
862 5109 903 5169 e,
924 5089 1125 5172 eumgiddb
1146 5089 1358 5168 ledonxlome,
1378 5111 1415 5152 ac
1436 5093 1546 5175 talliis,
1567 5091 1761 5170 muneribus,
1782 5087 1983 5152 exactionibus
2000 5072 2075 5178 filit]

304 5223 305 5228 η
401 5173 651 5256 presentent
674 5179 722 5258 to)
743 5172 1014 5240 mussitamus.
1046 5173 1628 5262 11)pe1soneuteel.ta)nrp1udictis
1647 5176 1736 5240 utesl.
1759 5173 1811 5255 13)
1824 5173 1920 5248 iuuit
1938 5168 2077 5247 sarcago
