<?xml version="1.0" encoding="UTF-8"?>
<!DOCTYPE html PUBLIC "-//W3C//DTD XHTML 1.0 Transitional//EN"
    "http://www.w3.org/TR/xhtml1/DTD/xhtml1-transitional.dtd">
<html xmlns="http://www.w3.org/1999/xhtml" xml:lang="en" lang="en">
 <head>
  <title>
</title>
<meta http-equiv="Content-Type" content="text/html;charset=utf-8" />
  <meta name='ocr-system' content='tesseract 3.04.00' />
  <meta name='ocr-capabilities' content='ocr_page ocr_carea ocr_par ocr_line ocrx_word'/>
</head>
<body>
  <div class='ocr_page' id='page_1' title='image "./svensktdiplomat00swegoog_0750.png"; bbox 0 0 4406 5966; ppageno 0'>
   <div class='ocr_carea' id='block_1_1' title="bbox 2071 3 2199 187">
    <p class='ocr_par' dir='ltr' id='par_1_1' title="bbox 1995 1 2199 187">
     <span class='ocr_line' id='line_1_1' title="bbox 2071 3 2199 187; baseline 0 0"><span class='ocrx_word' id='word_1_1' title='bbox 2071 3 2199 187; x_wconf 46' lang='lat' dir='ltr'><strong>“l</strong></span> 
     </span>
    </p>
   </div>
   <div class='ocr_carea' id='block_1_2' title="bbox 2196 411 2199 510">
    <p class='ocr_par' dir='ltr' id='par_1_2' title="bbox 2196 407 2199 510">
     <span class='ocr_line' id='line_1_2' title="bbox 2196 411 2199 510; baseline 0 0"><span class='ocrx_word' id='word_1_2' title='bbox 2196 411 2199 510; x_wconf 83' lang='lat' dir='ltr'><strong>l</strong></span> 
     </span>
    </p>
   </div>
   <div class='ocr_carea' id='block_1_3' title="bbox 1041 461 1532 648">
    <p class='ocr_par' dir='ltr' id='par_1_3' title="bbox 1041 461 1532 648">
     <span class='ocr_line' id='line_1_3' title="bbox 1041 461 1532 648; baseline 0.008 -52"><span class='ocrx_word' id='word_1_3' title='bbox 1041 527 1100 596; x_wconf 70' lang='grc' dir='ltr'><strong>,ι-ιὲ</strong></span> <span class='ocrx_word' id='word_1_4' title='bbox 1205 461 1532 648; x_wconf 42' lang='lat' dir='ltr'><strong>prasi-l·</strong></span> 
     </span>
    </p>
   </div>
   <div class='ocr_carea' id='block_1_4' title="bbox 265 703 2199 2293">
    <p class='ocr_par' dir='ltr' id='par_1_4' title="bbox 265 703 2199 2293">
     <span class='ocr_line' id='line_1_4' title="bbox 265 703 2199 854; baseline -0.002 -27"><span class='ocrx_word' id='word_1_5' title='bbox 265 755 270 768; x_wconf 86' lang='lat'>&#39;</span> <span class='ocrx_word' id='word_1_6' title='bbox 349 758 459 854; x_wconf 87' lang='lat' dir='ltr'><strong>ptem</strong></span> <span class='ocrx_word' id='word_1_7' title='bbox 485 731 741 821; x_wconf 82' lang='lat' dir='ltr'><strong>marcharum</strong></span> <span class='ocrx_word' id='word_1_8' title='bbox 767 740 811 819; x_wconf 91' lang='grc'><strong>8(</strong></span> <span class='ocrx_word' id='word_1_9' title='bbox 826 733 1003 820; x_wconf 89' lang='lat' dir='ltr'><strong>dimidie</strong></span> <span class='ocrx_word' id='word_1_10' title='bbox 1028 735 1334 848; x_wconf 78' lang='lat' dir='ltr'><strong>sterlingorum,</strong></span> <span class='ocrx_word' id='word_1_11' title='bbox 1370 733 1644 846; x_wconf 87' lang='lat' dir='ltr'><strong>computando</strong></span> <span class='ocrx_word' id='word_1_12' title='bbox 1687 736 1876 820; x_wconf 77' lang='lat' dir='ltr'><strong>tredecim</strong></span> <span class='ocrx_word' id='word_1_13' title='bbox 1916 737 2109 824; x_wconf 78' lang='lat' dir='ltr'><strong>solidos&amp;</strong></span> <span class='ocrx_word' id='word_1_14' title='bbox 2194 703 2199 798; x_wconf 72' lang='lat' dir='ltr'><strong>l</strong></span> 
     </span>
     <span class='ocr_line' id='line_1_5' title="bbox 340 845 2199 962; baseline 0.002 -32"><span class='ocrx_word' id='word_1_15' title='bbox 340 865 525 962; x_wconf 68' lang='lat' dir='ltr'><strong>,quatuor</strong></span> <span class='ocrx_word' id='word_1_16' title='bbox 554 845 740 932; x_wconf 90' lang='lat' dir='ltr'><strong>denarios</strong></span> <span class='ocrx_word' id='word_1_17' title='bbox 767 875 845 959; x_wconf 90' lang='lat' dir='ltr'><strong>pro</strong></span> <span class='ocrx_word' id='word_1_18' title='bbox 872 848 1049 932; x_wconf 87' lang='lat' dir='ltr'><strong>marcha.</strong></span> <span class='ocrx_word' id='word_1_19' title='bbox 1077 850 1154 942; x_wconf 89' lang='lat' dir='ltr'><strong>Ea,</strong></span> <span class='ocrx_word' id='word_1_20' title='bbox 1182 875 1263 960; x_wconf 90' lang='lat' dir='ltr'><strong>quc</strong></span> <span class='ocrx_word' id='word_1_21' title='bbox 1289 848 1457 957; x_wconf 84' lang='lat' dir='ltr'><strong>petebat</strong></span> <span class='ocrx_word' id='word_1_22' title='bbox 1482 847 1669 956; x_wconf 82' lang='lat' dir='ltr'><strong>Magister</strong></span> <span class='ocrx_word' id='word_1_23' title='bbox 1695 849 1883 947; x_wconf 87' lang='lat' dir='ltr'><strong>Sacerus,</strong></span> <span class='ocrx_word' id='word_1_24' title='bbox 1908 850 2110 934; x_wconf 85' lang='lat' dir='ltr'><strong>Lundensis</strong></span> <span class='ocrx_word' id='word_1_25' title='bbox 2197 902 2199 960; x_wconf 66' lang='lat'><strong>,</strong></span> 
     </span>
     <span class='ocr_line' id='line_1_6' title="bbox 347 955 2110 1072; baseline 0.001 -28"><span class='ocrx_word' id='word_1_26' title='bbox 347 960 594 1071; x_wconf 80' lang='lat' dir='ltr'><strong>Preposims,</strong></span> <span class='ocrx_word' id='word_1_27' title='bbox 622 959 879 1070; x_wconf 86' lang='lat' dir='ltr'><strong>attingebant</strong></span> <span class='ocrx_word' id='word_1_28' title='bbox 899 987 1028 1072; x_wconf 81' lang='lat' dir='ltr'><strong>usque</strong></span> <span class='ocrx_word' id='word_1_29' title='bbox 1055 959 1108 1042; x_wconf 89' lang='lat' dir='ltr'><strong>ad</strong></span> <span class='ocrx_word' id='word_1_30' title='bbox 1135 985 1330 1042; x_wconf 86' lang='lat' dir='ltr'><strong>summam</strong></span> <span class='ocrx_word' id='word_1_31' title='bbox 1357 955 1621 1041; x_wconf 87' lang='lat' dir='ltr'><strong>ducentarum</strong></span> <span class='ocrx_word' id='word_1_32' title='bbox 1636 959 1782 1069; x_wconf 84' lang='lat' dir='ltr'><strong>viginti</strong></span> <span class='ocrx_word' id='word_1_33' title='bbox 1807 961 1984 1072; x_wconf 82' lang='lat' dir='ltr'><strong>qrinqve</strong></span> <span class='ocrx_word' id='word_1_34' title='bbox 2009 961 2110 1045; x_wconf 89' lang='lat' dir='ltr'><strong>libra·</strong></span> 
     </span>
     <span class='ocr_line' id='line_1_7' title="bbox 347 1069 2111 1182; baseline -0.001 -26"><span class='ocrx_word' id='word_1_35' title='bbox 347 1099 439 1156; x_wconf 87' lang='lat' dir='ltr'><strong>rum</strong></span> <span class='ocrx_word' id='word_1_36' title='bbox 467 1070 767 1180; x_wconf 79' lang='lat' dir='ltr'><strong>sterlingorum.</strong></span> <span class='ocrx_word' id='word_1_37' title='bbox 795 1071 872 1168; x_wconf 90' lang='lat' dir='ltr'><strong>Ea,</strong></span> <span class='ocrx_word' id='word_1_38' title='bbox 900 1099 978 1182; x_wconf 87' lang='lat' dir='ltr'><strong>qve</strong></span> <span class='ocrx_word' id='word_1_39' title='bbox 1058 1069 1170 1164; x_wconf 89' lang='lat' dir='ltr'><strong>tebat</strong></span> <span class='ocrx_word' id='word_1_40' title='bbox 1205 1069 1427 1152; x_wconf 89' lang='lat' dir='ltr'><strong>Nicholaus</strong></span> <span class='ocrx_word' id='word_1_41' title='bbox 1468 1070 1662 1169; x_wconf 89' lang='lat' dir='ltr'><strong>Gotonis,</strong></span> <span class='ocrx_word' id='word_1_42' title='bbox 1710 1069 1937 1154; x_wconf 83' lang='lat' dir='ltr'><strong>Canoni&#39;eus</strong></span> <span class='ocrx_word' id='word_1_43' title='bbox 1978 1072 2111 1154; x_wconf 85' lang='lat' dir='ltr'><strong>Roslil·</strong></span> 
     </span>
     <span class='ocr_line' id='line_1_8' title="bbox 347 1181 2111 1292; baseline -0.001 -26"><span class='ocrx_word' id='word_1_44' title='bbox 347 1182 502 1281; x_wconf 90' lang='lat' dir='ltr'><strong>densis,</strong></span> <span class='ocrx_word' id='word_1_45' title='bbox 531 1181 788 1292; x_wconf 89' lang='lat' dir='ltr'><strong>attingebant</strong></span> <span class='ocrx_word' id='word_1_46' title='bbox 813 1210 941 1292; x_wconf 82' lang='lat' dir='ltr'><strong>usqve</strong></span> <span class='ocrx_word' id='word_1_47' title='bbox 968 1192 1000 1263; x_wconf 76' lang='lat' dir='ltr'><strong>a&#39;</strong></span> <span class='ocrx_word' id='word_1_48' title='bbox 1050 1209 1242 1263; x_wconf 88' lang='lat' dir='ltr'><strong>summam</strong></span> <span class='ocrx_word' id='word_1_49' title='bbox 1270 1198 1544 1268; x_wconf 87' lang='lat' dir='ltr'><strong>trecentarum</strong></span> <span class='ocrx_word' id='word_1_50' title='bbox 1572 1183 1865 1292; x_wconf 73' lang='lat' dir='ltr'><strong>quinquaginta</strong></span> <span class='ocrx_word' id='word_1_51' title='bbox 1892 1201 2044 1292; x_wconf 90' lang='lat' dir='ltr'><strong>septem</strong></span> <span class='ocrx_word' id='word_1_52' title='bbox 2076 1185 2111 1264; x_wconf 78' lang='lat' dir='ltr'><strong>li</strong></span> 
     </span>
     <span class='ocr_line' id='line_1_9' title="bbox 345 1290 2113 1404; baseline 0.001 -29"><span class='ocrx_word' id='word_1_53' title='bbox 345 1295 513 1378; x_wconf 87' lang='lat' dir='ltr'><strong>brarum</strong></span> <span class='ocrx_word' id='word_1_54' title='bbox 540 1293 826 1404; x_wconf 81' lang='lat' dir='ltr'><strong>sterlingorum</strong></span> <span class='ocrx_word' id='word_1_55' title='bbox 855 1299 895 1374; x_wconf 93' lang='grc'><strong>8(</strong></span> <span class='ocrx_word' id='word_1_56' title='bbox 921 1309 1075 1403; x_wconf 85' lang='lat' dir='ltr'><strong>septem</strong></span> <span class='ocrx_word' id='word_1_57' title='bbox 1102 1290 1328 1374; x_wconf 91' lang='lat' dir='ltr'><strong>solidorum</strong></span> <span class='ocrx_word' id='word_1_58' title='bbox 1345 1293 1641 1402; x_wconf 89' lang='lat' dir='ltr'><strong>sterlingorum.</strong></span> <span class='ocrx_word' id='word_1_59' title='bbox 1671 1295 1749 1390; x_wconf 88' lang='lat' dir='ltr'><strong>Ea,</strong></span> <span class='ocrx_word' id='word_1_60' title='bbox 1775 1320 1853 1403; x_wconf 87' lang='lat' dir='ltr'><strong>qve</strong></span> <span class='ocrx_word' id='word_1_61' title='bbox 1868 1294 2035 1400; x_wconf 88' lang='lat' dir='ltr'><strong>petebat</strong></span> <span class='ocrx_word' id='word_1_62' title='bbox 2053 1295 2113 1376; x_wconf 80' lang='lat' dir='ltr'><strong>Ma</strong></span> 
     </span>
     <span class='ocr_line' id='line_1_10' title="bbox 348 1399 2116 1516; baseline -0.001 -29"><span class='ocrx_word' id='word_1_63' title='bbox 348 1407 471 1516; x_wconf 89' lang='lat' dir='ltr'><strong>gister</strong></span> <span class='ocrx_word' id='word_1_64' title='bbox 498 1405 574 1504; x_wconf 88' lang='lat' dir='ltr'><strong>Ro,</strong></span> <span class='ocrx_word' id='word_1_65' title='bbox 603 1406 831 1486; x_wconf 87' lang='lat' dir='ltr'><strong>Canonicus</strong></span> <span class='ocrx_word' id='word_1_66' title='bbox 859 1399 1055 1514; x_wconf 86' lang='lat' dir='ltr'><strong>Ripensis,</strong></span> <span class='ocrx_word' id='word_1_67' title='bbox 1084 1403 1342 1512; x_wconf 87' lang='lat' dir='ltr'><strong>attingebant</strong></span> <span class='ocrx_word' id='word_1_68' title='bbox 1368 1431 1495 1514; x_wconf 86' lang='lat' dir='ltr'><strong>usqve</strong></span> <span class='ocrx_word' id='word_1_69' title='bbox 1523 1401 1577 1485; x_wconf 91' lang='lat' dir='ltr'><strong>ad</strong></span> <span class='ocrx_word' id='word_1_70' title='bbox 1601 1429 1794 1490; x_wconf 87' lang='lat' dir='ltr'><strong>summam</strong></span> <span class='ocrx_word' id='word_1_71' title='bbox 1821 1404 1929 1486; x_wconf 90' lang='lat' dir='ltr'><strong>mille</strong></span> <span class='ocrx_word' id='word_1_72' title='bbox 1959 1406 2116 1487; x_wconf 74' lang='lat' dir='ltr'><strong>marcha</strong></span> 
     </span>
     <span class='ocr_line' id='line_1_11' title="bbox 344 1514 2116 1626; baseline -0.001 -28"><span class='ocrx_word' id='word_1_73' title='bbox 344 1543 439 1598; x_wconf 90' lang='lat' dir='ltr'><strong>rum</strong></span> <span class='ocrx_word' id='word_1_74' title='bbox 466 1517 561 1626; x_wconf 92' lang='lat' dir='ltr'><strong>puri</strong></span> <span class='ocrx_word' id='word_1_75' title='bbox 589 1518 757 1626; x_wconf 84' lang='lat' dir='ltr'><strong>argenti.</strong></span> <span class='ocrx_word' id='word_1_76' title='bbox 787 1516 865 1614; x_wconf 89' lang='lat' dir='ltr'><strong>Ea,</strong></span> <span class='ocrx_word' id='word_1_77' title='bbox 894 1543 973 1625; x_wconf 89' lang='lat' dir='ltr'><strong>qve</strong></span> <span class='ocrx_word' id='word_1_78' title='bbox 1001 1514 1167 1625; x_wconf 88' lang='lat' dir='ltr'><strong>petebat</strong></span> <span class='ocrx_word' id='word_1_79' title='bbox 1197 1514 1327 1602; x_wconf 85' lang='lat' dir='ltr'><strong>David</strong></span> <span class='ocrx_word' id='word_1_80' title='bbox 1356 1517 1581 1625; x_wconf 89' lang='lat' dir='ltr'><strong>presbyter,</strong></span> <span class='ocrx_word' id='word_1_81' title='bbox 1610 1517 1759 1597; x_wconf 88' lang='lat' dir='ltr'><strong>Rector</strong></span> <span class='ocrx_word' id='word_1_82' title='bbox 1783 1514 1948 1600; x_wconf 86' lang='lat' dir='ltr'><strong>ecclesie</strong></span> <span class='ocrx_word' id='word_1_83' title='bbox 1978 1515 2031 1598; x_wconf 87' lang='lat' dir='ltr'><strong>de</strong></span> <span class='ocrx_word' id='word_1_84' title='bbox 2055 1518 2116 1597; x_wconf 81' lang='lat' dir='ltr'><strong>Ru</strong></span> 
     </span>
     <span class='ocr_line' id='line_1_12' title="bbox 345 1624 2119 1737; baseline -0.001 -28"><span class='ocrx_word' id='word_1_85' title='bbox 345 1627 438 1725; x_wconf 90' lang='lat' dir='ltr'><strong>the,</strong></span> <span class='ocrx_word' id='word_1_86' title='bbox 468 1624 742 1712; x_wconf 83' lang='lat' dir='ltr'><strong>Roskildensis</strong></span> <span class='ocrx_word' id='word_1_87' title='bbox 771 1624 958 1725; x_wconf 88' lang='lat' dir='ltr'><strong>diocesis,</strong></span> <span class='ocrx_word' id='word_1_88' title='bbox 1001 1625 1256 1734; x_wconf 88' lang='lat' dir='ltr'><strong>attingebant</strong></span> <span class='ocrx_word' id='word_1_89' title='bbox 1299 1653 1427 1737; x_wconf 82' lang='lat' dir='ltr'><strong>usqve</strong></span> <span class='ocrx_word' id='word_1_90' title='bbox 1455 1625 1509 1714; x_wconf 90' lang='lat' dir='ltr'><strong>ad</strong></span> <span class='ocrx_word' id='word_1_91' title='bbox 1536 1653 1730 1708; x_wconf 88' lang='lat' dir='ltr'><strong>summam</strong></span> <span class='ocrx_word' id='word_1_92' title='bbox 1757 1627 1902 1736; x_wconf 79' lang='lat' dir='ltr'><strong>viginti</strong></span> <span class='ocrx_word' id='word_1_93' title='bbox 1944 1625 2119 1708; x_wconf 84' lang='lat' dir='ltr'><strong>librarum</strong></span> 
     </span>
     <span class='ocr_line' id='line_1_13' title="bbox 297 1732 2121 1849; baseline 0.001 -29"><span class='ocrx_word' id='word_1_94' title='bbox 297 1843 299 1849; x_wconf 40' lang='lat'><strong>.</strong></span> <span class='ocrx_word' id='word_1_95' title='bbox 345 1737 643 1846; x_wconf 86' lang='lat' dir='ltr'><strong>sterlingorum.</strong></span> <span class='ocrx_word' id='word_1_96' title='bbox 671 1732 794 1818; x_wconf 78' lang='lat' dir='ltr'><strong>Facta</strong></span> <span class='ocrx_word' id='word_1_97' title='bbox 820 1738 833 1816; x_wconf 94' lang='lat' dir='ltr'><strong>i</strong></span> <span class='ocrx_word' id='word_1_98' title='bbox 862 1737 945 1818; x_wconf 88' lang='lat' dir='ltr'><strong>itur</strong></span> <span class='ocrx_word' id='word_1_99' title='bbox 973 1733 1205 1820; x_wconf 74' lang='lat' dir='ltr'><strong>rationabili</strong></span> <span class='ocrx_word' id='word_1_100' title='bbox 1220 1734 1504 1820; x_wconf 84' lang='lat' dir='ltr'><strong>moderatione.</strong></span> <span class='ocrx_word' id='word_1_101' title='bbox 1523 1737 1566 1818; x_wconf 91' lang='lat' dir='ltr'><strong>in</strong></span> <span class='ocrx_word' id='word_1_102' title='bbox 1595 1738 1812 1846; x_wconf 84' lang='lat' dir='ltr'><strong>premissis,</strong></span> <span class='ocrx_word' id='word_1_103' title='bbox 1841 1745 1880 1819; x_wconf 90' lang='grc'><strong>8(</strong></span> <span class='ocrx_word' id='word_1_104' title='bbox 1908 1737 2121 1822; x_wconf 87' lang='lat' dir='ltr'><strong>habitobo-</strong></span> 
     </span>
     <span class='ocr_line' id='line_1_14' title="bbox 345 1767 2121 1959; baseline 0 -29"><span class='ocrx_word' id='word_1_105' title='bbox 345 1876 491 1930; x_wconf 89' lang='lat' dir='ltr'><strong>norum</strong></span> <span class='ocrx_word' id='word_1_106' title='bbox 519 1845 690 1933; x_wconf 85' lang='lat' dir='ltr'><strong>consilio</strong></span> <span class='ocrx_word' id='word_1_107' title='bbox 718 1863 802 1928; x_wconf 88' lang='lat' dir='ltr'><strong>tam</strong></span> <span class='ocrx_word' id='word_1_108' title='bbox 830 1767 881 1928; x_wconf 73' lang='lat' dir='ltr'><strong>de</strong></span> <span class='ocrx_word' id='word_1_109' title='bbox 909 1845 1093 1958; x_wconf 91' lang='lat' dir='ltr'><strong>predicto</strong></span> <span class='ocrx_word' id='word_1_110' title='bbox 1121 1877 1249 1958; x_wconf 88' lang='lat' dir='ltr'><strong>regno</strong></span> <span class='ocrx_word' id='word_1_111' title='bbox 1277 1849 1397 1959; x_wconf 86' lang='lat' dir='ltr'><strong>qva&#39;m</strong></span> <span class='ocrx_word' id='word_1_112' title='bbox 1426 1847 1477 1931; x_wconf 88' lang='lat' dir='ltr'><strong>de</strong></span> <span class='ocrx_word' id='word_1_113' title='bbox 1506 1848 1592 1929; x_wconf 89' lang='lat' dir='ltr'><strong>aliis</strong></span> <span class='ocrx_word' id='word_1_114' title='bbox 1620 1849 1739 1930; x_wconf 85' lang='lat' dir='ltr'><strong>terris</strong></span> <span class='ocrx_word' id='word_1_115' title='bbox 1766 1850 1926 1944; x_wconf 81' lang='lat' dir='ltr'><strong>vicinis,</strong></span> <span class='ocrx_word' id='word_1_116' title='bbox 1958 1849 2121 1959; x_wconf 88' lang='lat' dir='ltr'><strong>predicto</strong></span> 
     </span>
     <span class='ocr_line' id='line_1_15' title="bbox 343 1957 2123 2070; baseline -0.001 -29"><span class='ocrx_word' id='word_1_117' title='bbox 343 1959 665 2068; x_wconf 83' lang='lat' dir='ltr'><strong>Archiepiscopo</strong></span> <span class='ocrx_word' id='word_1_118' title='bbox 692 1957 800 2040; x_wconf 87' lang='lat' dir='ltr'><strong>infra</strong></span> <span class='ocrx_word' id='word_1_119' title='bbox 849 1986 1043 2040; x_wconf 88' lang='lat' dir='ltr'><strong>summam</strong></span> <span class='ocrx_word' id='word_1_120' title='bbox 1096 1958 1233 2042; x_wconf 89' lang='lat' dir='ltr'><strong>decem</strong></span> <span class='ocrx_word' id='word_1_121' title='bbox 1277 1960 1430 2041; x_wconf 90' lang='lat' dir='ltr'><strong>milium</strong></span> <span class='ocrx_word' id='word_1_122' title='bbox 1459 1963 1500 2038; x_wconf 98' lang='grc'><strong>8(</strong></span> <span class='ocrx_word' id='word_1_123' title='bbox 1527 1961 1838 2070; x_wconf 72' lang='lat' dir='ltr'><strong>quingentarum</strong></span> <span class='ocrx_word' id='word_1_124' title='bbox 1885 1961 2123 2042; x_wconf 88' lang='lat' dir='ltr'><strong>marcharum</strong></span> 
     </span>
     <span class='ocr_line' id='line_1_16' title="bbox 343 2067 2124 2180; baseline -0.001 -27"><span class='ocrx_word' id='word_1_125' title='bbox 343 2070 650 2179; x_wconf 90' lang='lat' dir='ltr'><strong>sterlingorum,</strong></span> <span class='ocrx_word' id='word_1_126' title='bbox 674 2067 873 2152; x_wconf 81' lang='lat' dir='ltr'><strong>tredecim</strong></span> <span class='ocrx_word' id='word_1_127' title='bbox 901 2069 1040 2152; x_wconf 90' lang='lat' dir='ltr'><strong>solidis</strong></span> <span class='ocrx_word' id='word_1_128' title='bbox 1069 2075 1109 2151; x_wconf 91' lang='grc'><strong>8(</strong></span> <span class='ocrx_word' id='word_1_129' title='bbox 1136 2089 1313 2180; x_wconf 89' lang='lat' dir='ltr'><strong>qvatuor</strong></span> <span class='ocrx_word' id='word_1_130' title='bbox 1341 2070 1517 2153; x_wconf 86' lang='lat' dir='ltr'><strong>denariis</strong></span> <span class='ocrx_word' id='word_1_131' title='bbox 1546 2098 1623 2179; x_wconf 93' lang='lat' dir='ltr'><strong>pro</strong></span> <span class='ocrx_word' id='word_1_132' title='bbox 1646 2071 1806 2154; x_wconf 86' lang='lat' dir='ltr'><strong>marcha</strong></span> <span class='ocrx_word' id='word_1_133' title='bbox 1833 2071 2124 2180; x_wconf 78' lang='lat' dir='ltr'><strong>qualibetcom·</strong></span> 
     </span>
     <span class='ocr_line' id='line_1_17' title="bbox 342 2179 2127 2293; baseline 0.001 -30"><span class='ocrx_word' id='word_1_134' title='bbox 342 2181 553 2292; x_wconf 90' lang='lat' dir='ltr'><strong>putandis,</strong></span> <span class='ocrx_word' id='word_1_135' title='bbox 581 2179 799 2262; x_wconf 87' lang='lat' dir='ltr'><strong>detulimus</strong></span> <span class='ocrx_word' id='word_1_136' title='bbox 826 2180 1107 2290; x_wconf 86' lang='lat' dir='ltr'><strong>juramentum.</strong></span> <span class='ocrx_word' id='word_1_137' title='bbox 1138 2183 1342 2293; x_wconf 89' lang='lat' dir='ltr'><strong>Episcopo</strong></span> <span class='ocrx_word' id='word_1_138' title='bbox 1371 2197 1503 2267; x_wconf 85' lang='lat' dir='ltr'><strong>autem</strong></span> <span class='ocrx_word' id='word_1_139' title='bbox 1531 2179 1782 2264; x_wconf 83' lang='lat' dir='ltr'><strong>Roskildensi</strong></span> <span class='ocrx_word' id='word_1_140' title='bbox 1810 2181 1916 2262; x_wconf 87' lang='lat' dir='ltr'><strong>infra</strong></span> <span class='ocrx_word' id='word_1_141' title='bbox 1944 2209 2127 2264; x_wconf 87' lang='lat' dir='ltr'><strong>summam</strong></span> 
     </span>
    </p>
   </div>
   <div class='ocr_carea' id='block_1_5' title="bbox 194 2290 2129 2402">
    <p class='ocr_par' dir='ltr' id='par_1_5' title="bbox 194 2290 2129 2402">
     <span class='ocr_line' id='line_1_18' title="bbox 194 2290 2129 2402; baseline 0.002 -30"><span class='ocrx_word' id='word_1_142' title='bbox 194 2383 197 2390; x_wconf 20' lang='lat'><strong><em>⁴</em></strong></span> <span class='ocrx_word' id='word_1_143' title='bbox 341 2293 487 2402; x_wconf 81' lang='lat' dir='ltr'><strong>viginti</strong></span> <span class='ocrx_word' id='word_1_144' title='bbox 515 2290 670 2371; x_wconf 91' lang='lat' dir='ltr'><strong>milium</strong></span> <span class='ocrx_word' id='word_1_145' title='bbox 698 2297 738 2373; x_wconf 90' lang='grc'><strong>8(</strong></span> <span class='ocrx_word' id='word_1_146' title='bbox 764 2294 1078 2402; x_wconf 77' lang='lat' dir='ltr'><strong>quingentarum</strong></span> <span class='ocrx_word' id='word_1_147' title='bbox 1106 2293 1360 2376; x_wconf 89' lang='lat' dir='ltr'><strong>marcharum</strong></span> <span class='ocrx_word' id='word_1_148' title='bbox 1393 2292 1680 2401; x_wconf 86' lang='lat' dir='ltr'><strong>sterlingorum</strong></span> <span class='ocrx_word' id='word_1_149' title='bbox 1722 2290 1903 2398; x_wconf 84' lang='lat' dir='ltr'><strong>ejusdem</strong></span> <span class='ocrx_word' id='word_1_150' title='bbox 1948 2293 2129 2401; x_wconf 89' lang='lat' dir='ltr'><strong>ponderis</strong></span> 
     </span>
    </p>
   </div>
   <div class='ocr_carea' id='block_1_6' title="bbox 338 2402 2136 3298">
    <p class='ocr_par' dir='ltr' id='par_1_6' title="bbox 338 2402 2136 3298">
     <span class='ocr_line' id='line_1_19' title="bbox 340 2402 2130 2512; baseline 0 -28"><span class='ocrx_word' id='word_1_151' title='bbox 340 2407 381 2484; x_wconf 87' lang='grc'><strong>8(</strong></span> <span class='ocrx_word' id='word_1_152' title='bbox 408 2403 568 2484; x_wconf 87' lang='lat' dir='ltr'><strong>valoris.</strong></span> <span class='ocrx_word' id='word_1_153' title='bbox 596 2403 808 2510; x_wconf 87' lang='lat' dir='ltr'><strong>Preposito</strong></span> <span class='ocrx_word' id='word_1_154' title='bbox 836 2402 1042 2487; x_wconf 89' lang='lat' dir='ltr'><strong>Lundensi</strong></span> <span class='ocrx_word' id='word_1_155' title='bbox 1072 2402 1176 2486; x_wconf 83' lang='lat' dir='ltr'><strong>infra</strong></span> <span class='ocrx_word' id='word_1_156' title='bbox 1205 2432 1399 2486; x_wconf 89' lang='lat' dir='ltr'><strong>summam</strong></span> <span class='ocrx_word' id='word_1_157' title='bbox 1421 2421 1692 2487; x_wconf 90' lang='lat' dir='ltr'><strong>trecentarum</strong></span> <span class='ocrx_word' id='word_1_158' title='bbox 1719 2408 1760 2494; x_wconf 81' lang='grc'><strong>8(</strong></span> <span class='ocrx_word' id='word_1_159' title='bbox 1787 2404 1933 2512; x_wconf 89' lang='lat' dir='ltr'><strong>viginti</strong></span> <span class='ocrx_word' id='word_1_160' title='bbox 1959 2405 2130 2486; x_wconf 84' lang='lat' dir='ltr'><strong>marcha·</strong></span> 
     </span>
     <span class='ocr_line' id='line_1_20' title="bbox 341 2511 2129 2624; baseline -0.001 -26"><span class='ocrx_word' id='word_1_161' title='bbox 341 2543 432 2598; x_wconf 89' lang='lat' dir='ltr'><strong>rum</strong></span> <span class='ocrx_word' id='word_1_162' title='bbox 460 2513 750 2620; x_wconf 88' lang='lat' dir='ltr'><strong>sterlingorum</strong></span> <span class='ocrx_word' id='word_1_163' title='bbox 778 2511 958 2621; x_wconf 87' lang='lat' dir='ltr'><strong>ejusdem</strong></span> <span class='ocrx_word' id='word_1_164' title='bbox 987 2513 1248 2624; x_wconf 84' lang='lat' dir='ltr'><strong>ponderis&amp;</strong></span> <span class='ocrx_word' id='word_1_165' title='bbox 1277 2516 1434 2600; x_wconf 85' lang='lat' dir='ltr'><strong>valoris.</strong></span> <span class='ocrx_word' id='word_1_166' title='bbox 1464 2515 1660 2598; x_wconf 88' lang='lat' dir='ltr'><strong>Nicholao</strong></span> <span class='ocrx_word' id='word_1_167' title='bbox 1689 2515 1862 2608; x_wconf 88' lang='lat' dir='ltr'><strong>Gotonis</strong></span> <span class='ocrx_word' id='word_1_168' title='bbox 1892 2515 2001 2600; x_wconf 87' lang='lat' dir='ltr'><strong>infra</strong></span> <span class='ocrx_word' id='word_1_169' title='bbox 2032 2544 2129 2596; x_wconf 89' lang='lat' dir='ltr'><strong>sum·</strong></span> 
     </span>
     <span class='ocr_line' id='line_1_21' title="bbox 340 2621 2134 2738; baseline 0 -30"><span class='ocrx_word' id='word_1_170' title='bbox 340 2653 446 2709; x_wconf 90' lang='lat' dir='ltr'><strong>mam</strong></span> <span class='ocrx_word' id='word_1_171' title='bbox 474 2621 865 2736; x_wconf 86' lang='lat' dir='ltr'><strong>qvadringentarum</strong></span> <span class='ocrx_word' id='word_1_172' title='bbox 894 2635 933 2708; x_wconf 90' lang='grc'><strong>8(</strong></span> <span class='ocrx_word' id='word_1_173' title='bbox 960 2628 1128 2738; x_wconf 89' lang='lat' dir='ltr'><strong>triginta</strong></span> <span class='ocrx_word' id='word_1_174' title='bbox 1157 2629 1412 2711; x_wconf 85' lang='lat' dir='ltr'><strong>marcharum</strong></span> <span class='ocrx_word' id='word_1_175' title='bbox 1440 2627 1738 2737; x_wconf 86' lang='lat' dir='ltr'><strong>sterlingorum.</strong></span> <span class='ocrx_word' id='word_1_176' title='bbox 1769 2624 1909 2707; x_wconf 85' lang='lat' dir='ltr'><strong>Eidem</strong></span> <span class='ocrx_word' id='word_1_177' title='bbox 1940 2625 2134 2708; x_wconf 89' lang='lat' dir='ltr'><strong>Nieholao</strong></span> 
     </span>
     <span class='ocr_line' id='line_1_22' title="bbox 339 2731 2134 2850; baseline -0.001 -31"><span class='ocrx_word' id='word_1_178' title='bbox 339 2735 596 2850; x_wconf 85' lang='lat' dir='ltr'><strong>procuratori</strong></span> <span class='ocrx_word' id='word_1_179' title='bbox 624 2731 797 2845; x_wconf 79' lang='lat' dir='ltr'><strong>predicti</strong></span> <span class='ocrx_word' id='word_1_180' title='bbox 825 2735 1005 2846; x_wconf 86' lang='lat' dir='ltr'><strong>Magistri</strong></span> <span class='ocrx_word' id='word_1_181' title='bbox 1032 2741 1095 2822; x_wconf 91' lang='lat' dir='ltr'><strong>Ro</strong></span> <span class='ocrx_word' id='word_1_182' title='bbox 1121 2739 1229 2824; x_wconf 89' lang='lat' dir='ltr'><strong>infra</strong></span> <span class='ocrx_word' id='word_1_183' title='bbox 1256 2769 1449 2823; x_wconf 88' lang='lat' dir='ltr'><strong>summam</strong></span> <span class='ocrx_word' id='word_1_184' title='bbox 1469 2756 1748 2824; x_wconf 86' lang='lat' dir='ltr'><strong>sexcentarum</strong></span> <span class='ocrx_word' id='word_1_185' title='bbox 1776 2742 1816 2818; x_wconf 91' lang='grc'><strong>8(</strong></span> <span class='ocrx_word' id='word_1_186' title='bbox 1844 2738 2134 2847; x_wconf 83' lang='lat' dir='ltr'><strong>qvinqvaginta</strong></span> 
     </span>
     <span class='ocr_line' id='line_1_23' title="bbox 339 2847 2132 2964; baseline -0.001 -34"><span class='ocrx_word' id='word_1_187' title='bbox 339 2847 595 2930; x_wconf 88' lang='lat' dir='ltr'><strong>marcharum</strong></span> <span class='ocrx_word' id='word_1_188' title='bbox 624 2847 719 2957; x_wconf 93' lang='lat' dir='ltr'><strong>puri</strong></span> <span class='ocrx_word' id='word_1_189' title='bbox 746 2849 914 2958; x_wconf 86' lang='lat' dir='ltr'><strong>argenti.</strong></span> <span class='ocrx_word' id='word_1_190' title='bbox 942 2850 1074 2934; x_wconf 87' lang='lat' dir='ltr'><strong>David</strong></span> <span class='ocrx_word' id='word_1_191' title='bbox 1114 2852 1354 2964; x_wconf 89' lang='lat' dir='ltr'><strong>presbytero</strong></span> <span class='ocrx_word' id='word_1_192' title='bbox 1390 2851 1498 2934; x_wconf 85' lang='lat' dir='ltr'><strong>infra</strong></span> <span class='ocrx_word' id='word_1_193' title='bbox 1539 2878 1734 2935; x_wconf 89' lang='lat' dir='ltr'><strong>summam</strong></span> <span class='ocrx_word' id='word_1_194' title='bbox 1781 2849 1928 2957; x_wconf 78' lang='lat' dir='ltr'><strong>viginti</strong></span> <span class='ocrx_word' id='word_1_195' title='bbox 1956 2850 2132 2960; x_wconf 80' lang='lat' dir='ltr'><strong>qvinqre</strong></span> 
     </span>
     <span class='ocr_line' id='line_1_24' title="bbox 340 2958 2129 3074; baseline -0.001 -33"><span class='ocrx_word' id='word_1_196' title='bbox 340 2959 594 3042; x_wconf 88' lang='lat' dir='ltr'><strong>marcharum</strong></span> <span class='ocrx_word' id='word_1_197' title='bbox 628 2958 932 3070; x_wconf 87' lang='lat' dir='ltr'><strong>sterlingorum,</strong></span> <span class='ocrx_word' id='word_1_198' title='bbox 974 2962 1154 3074; x_wconf 84' lang='lat' dir='ltr'><strong>ejusdem</strong></span> <span class='ocrx_word' id='word_1_199' title='bbox 1196 2963 1389 3074; x_wconf 90' lang='lat' dir='ltr'><strong>ponderis</strong></span> <span class='ocrx_word' id='word_1_200' title='bbox 1431 2969 1473 3048; x_wconf 90' lang='grc'><strong>8(</strong></span> <span class='ocrx_word' id='word_1_201' title='bbox 1514 2964 1661 3045; x_wconf 89' lang='lat' dir='ltr'><strong>valoris</strong></span> <span class='ocrx_word' id='word_1_202' title='bbox 1701 2978 1747 3042; x_wconf 91' lang='lat' dir='ltr'><strong>nt</strong></span> <span class='ocrx_word' id='word_1_203' title='bbox 1789 2986 1923 3068; x_wconf 90' lang='lat' dir='ltr'><strong>supra.</strong></span> <span class='ocrx_word' id='word_1_204' title='bbox 1984 2960 2129 3042; x_wconf 89' lang='lat' dir='ltr'><strong>Vernn</strong></span> 
     </span>
     <span class='ocr_line' id='line_1_25' title="bbox 340 3070 2135 3186; baseline 0.001 -35"><span class='ocrx_word' id='word_1_205' title='bbox 340 3073 438 3182; x_wconf 90' lang='lat' dir='ltr'><strong>quia</strong></span> <span class='ocrx_word' id='word_1_206' title='bbox 466 3070 673 3180; x_wconf 88' lang='lat' dir='ltr'><strong>predictus</strong></span> <span class='ocrx_word' id='word_1_207' title='bbox 707 3073 1057 3185; x_wconf 87' lang='lat' dir='ltr'><strong>Archiepiscopus,</strong></span> <span class='ocrx_word' id='word_1_208' title='bbox 1087 3076 1330 3186; x_wconf 83' lang='lat' dir='ltr'><strong>Episcopus,</strong></span> <span class='ocrx_word' id='word_1_209' title='bbox 1375 3075 1521 3185; x_wconf 91' lang='lat' dir='ltr'><strong>prelati</strong></span> <span class='ocrx_word' id='word_1_210' title='bbox 1546 3082 1587 3156; x_wconf 92' lang='grc'><strong>8(</strong></span> <span class='ocrx_word' id='word_1_211' title='bbox 1614 3075 1770 3170; x_wconf 89' lang='lat' dir='ltr'><strong>clerici,</strong></span> <span class='ocrx_word' id='word_1_212' title='bbox 1812 3071 1988 3182; x_wconf 86' lang='lat' dir='ltr'><strong>prestito</strong></span> <span class='ocrx_word' id='word_1_213' title='bbox 2035 3071 2135 3179; x_wconf 84' lang='lat' dir='ltr'><strong>jura-</strong></span> 
     </span>
     <span class='ocr_line' id='line_1_26' title="bbox 338 3181 2136 3298; baseline -0.001 -35"><span class='ocrx_word' id='word_1_214' title='bbox 338 3197 488 3277; x_wconf 88' lang='lat' dir='ltr'><strong>mento,</strong></span> <span class='ocrx_word' id='word_1_215' title='bbox 519 3198 751 3265; x_wconf 88' lang='lat' dir='ltr'><strong>constanter</strong></span> <span class='ocrx_word' id='word_1_216' title='bbox 764 3201 1036 3284; x_wconf 88' lang='lat' dir='ltr'><strong>asseruerunt,</strong></span> <span class='ocrx_word' id='word_1_217' title='bbox 1065 3185 1178 3298; x_wconf 91' lang='lat' dir='ltr'><strong>quod</strong></span> <span class='ocrx_word' id='word_1_218' title='bbox 1199 3216 1335 3269; x_wconf 91' lang='lat' dir='ltr'><strong>rerum</strong></span> <span class='ocrx_word' id='word_1_219' title='bbox 1351 3184 1823 3284; x_wconf 73' lang='lat' dir='ltr'><strong>ablatarumiructuum,</strong></span> <span class='ocrx_word' id='word_1_220' title='bbox 1851 3181 2136 3290; x_wconf 89' lang='lat' dir='ltr'><strong>dampnorum,</strong></span> 
     </span>
    </p>
   </div>
   <div class='ocr_carea' id='block_1_7' title="bbox 196 3293 2138 3408">
    <p class='ocr_par' dir='ltr' id='par_1_7' title="bbox 196 3293 2138 3408">
     <span class='ocr_line' id='line_1_27' title="bbox 196 3293 2138 3408; baseline 0 -34"><span class='ocrx_word' id='word_1_221' title='bbox 196 3347 200 3356; x_wconf 90' lang='lat'><em>·</em></span> <span class='ocrx_word' id='word_1_222' title='bbox 339 3299 379 3374; x_wconf 93' lang='grc'><strong>8(</strong></span> <span class='ocrx_word' id='word_1_223' title='bbox 408 3293 670 3374; x_wconf 86' lang='lat' dir='ltr'><strong>estimationis</strong></span> <span class='ocrx_word' id='word_1_224' title='bbox 719 3295 960 3403; x_wconf 86' lang='lat' dir='ltr'><strong>injuriarum</strong></span> <span class='ocrx_word' id='word_1_225' title='bbox 996 3323 1124 3408; x_wconf 89' lang='lat' dir='ltr'><strong>usqve</strong></span> <span class='ocrx_word' id='word_1_226' title='bbox 1166 3297 1220 3381; x_wconf 89' lang='lat' dir='ltr'><strong>ad</strong></span> <span class='ocrx_word' id='word_1_227' title='bbox 1261 3299 1362 3378; x_wconf 90' lang='lat' dir='ltr'><strong>tales</strong></span> <span class='ocrx_word' id='word_1_228' title='bbox 1403 3323 1577 3379; x_wconf 86' lang='lat' dir='ltr'><strong>summas</strong></span> <span class='ocrx_word' id='word_1_229' title='bbox 1606 3301 1646 3378; x_wconf 90' lang='grc'><strong>8(</strong></span> <span class='ocrx_word' id='word_1_230' title='bbox 1674 3297 1783 3376; x_wconf 90' lang='lat' dir='ltr'><strong>ultra</strong></span> <span class='ocrx_word' id='word_1_231' title='bbox 1825 3294 1984 3403; x_wconf 79' lang='lat' dir='ltr'><strong>absqve</strong></span> <span class='ocrx_word' id='word_1_232' title='bbox 2015 3293 2138 3374; x_wconf 89' lang='lat' dir='ltr'><strong>dubio</strong></span> 
     </span>
    </p>
   </div>
   <div class='ocr_carea' id='block_1_8' title="bbox 237 3401 2161 5158">
    <p class='ocr_par' dir='ltr' id='par_1_8' title="bbox 339 3401 2140 3518">
     <span class='ocr_line' id='line_1_28' title="bbox 339 3401 2140 3518; baseline 0 -32"><span class='ocrx_word' id='word_1_233' title='bbox 339 3401 600 3501; x_wconf 87' lang='lat' dir='ltr'><strong>ascendebat,</strong></span> <span class='ocrx_word' id='word_1_234' title='bbox 628 3407 713 3486; x_wconf 91' lang='lat' dir='ltr'><strong>Nos</strong></span> <span class='ocrx_word' id='word_1_235' title='bbox 742 3405 947 3518; x_wconf 89' lang='lat' dir='ltr'><strong>predictos</strong></span> <span class='ocrx_word' id='word_1_236' title='bbox 975 3409 1123 3518; x_wconf 89' lang='lat' dir='ltr'><strong>Regem</strong></span> <span class='ocrx_word' id='word_1_237' title='bbox 1150 3414 1189 3490; x_wconf 91' lang='grc'><strong>8(</strong></span> <span class='ocrx_word' id='word_1_238' title='bbox 1216 3409 1412 3518; x_wconf 89' lang='lat' dir='ltr'><strong>Reginam</strong></span> <span class='ocrx_word' id='word_1_239' title='bbox 1442 3407 1494 3490; x_wconf 93' lang='lat' dir='ltr'><strong>ad</strong></span> <span class='ocrx_word' id='word_1_240' title='bbox 1522 3405 1848 3490; x_wconf 84' lang='lat' dir='ltr'><strong>satisfaciendum</strong></span> <span class='ocrx_word' id='word_1_241' title='bbox 1861 3403 2036 3502; x_wconf 88' lang='lat' dir='ltr'><strong>eisdem,</strong></span> <span class='ocrx_word' id='word_1_242' title='bbox 2063 3413 2140 3486; x_wconf 85' lang='lat' dir='ltr'><strong>Ar-</strong></span> 
     </span>
    </p>

    <p class='ocr_par' dir='ltr' id='par_1_9' title="bbox 339 3511 2137 3629">
     <span class='ocr_line' id='line_1_29' title="bbox 339 3511 2137 3629; baseline 0.001 -33"><span class='ocrx_word' id='word_1_243' title='bbox 339 3514 597 3623; x_wconf 90' lang='lat' dir='ltr'><strong>chiepiscopo</strong></span> <span class='ocrx_word' id='word_1_244' title='bbox 625 3511 823 3600; x_wconf 90' lang='lat' dir='ltr'><strong>indecem</strong></span> <span class='ocrx_word' id='word_1_245' title='bbox 838 3518 1019 3618; x_wconf 91' lang='lat' dir='ltr'><strong>milibus,</strong></span> <span class='ocrx_word' id='word_1_246' title='bbox 1049 3519 1251 3629; x_wconf 87' lang='lat' dir='ltr'><strong>Episcopo</strong></span> <span class='ocrx_word' id='word_1_247' title='bbox 1279 3521 1320 3600; x_wconf 92' lang='lat' dir='ltr'><strong>in</strong></span> <span class='ocrx_word' id='word_1_248' title='bbox 1350 3520 1496 3628; x_wconf 84' lang='lat' dir='ltr'><strong>viginti</strong></span> <span class='ocrx_word' id='word_1_249' title='bbox 1531 3518 1706 3616; x_wconf 90' lang='lat' dir='ltr'><strong>milibus,</strong></span> <span class='ocrx_word' id='word_1_250' title='bbox 1733 3516 1951 3624; x_wconf 88' lang='lat' dir='ltr'><strong>Preposito</strong></span> <span class='ocrx_word' id='word_1_251' title='bbox 1982 3517 2022 3594; x_wconf 87' lang='lat' dir='ltr'><strong>in</strong></span> <span class='ocrx_word' id='word_1_252' title='bbox 2054 3533 2137 3597; x_wconf 87' lang='lat' dir='ltr'><strong>tre·</strong></span> 
     </span>
    </p>

    <p class='ocr_par' dir='ltr' id='par_1_10' title="bbox 260 3623 2134 3740">
     <span class='ocr_line' id='line_1_30' title="bbox 260 3623 2134 3740; baseline 0.003 -40"><span class='ocrx_word' id='word_1_253' title='bbox 260 3690 263 3700; x_wconf 72' lang='grc'>,</span> <span class='ocrx_word' id='word_1_254' title='bbox 337 3627 483 3721; x_wconf 89' lang='lat' dir='ltr'><strong>centis,</strong></span> <span class='ocrx_word' id='word_1_255' title='bbox 511 3623 711 3707; x_wconf 89' lang='lat' dir='ltr'><strong>Nicholao</strong></span> <span class='ocrx_word' id='word_1_256' title='bbox 739 3629 915 3709; x_wconf 83' lang='lat' dir='ltr'><strong>Gotnnis</strong></span> <span class='ocrx_word' id='word_1_257' title='bbox 942 3631 985 3712; x_wconf 90' lang='lat' dir='ltr'><strong>in</strong></span> <span class='ocrx_word' id='word_1_258' title='bbox 1012 3629 1333 3740; x_wconf 79' lang='lat' dir='ltr'><strong>qradringentis,</strong></span> <span class='ocrx_word' id='word_1_259' title='bbox 1362 3629 1495 3711; x_wconf 90' lang='lat' dir='ltr'><strong>David</strong></span> <span class='ocrx_word' id='word_1_260' title='bbox 1516 3630 1758 3739; x_wconf 88' lang='lat' dir='ltr'><strong>presbytero</strong></span> <span class='ocrx_word' id='word_1_261' title='bbox 1785 3629 1828 3710; x_wconf 92' lang='lat' dir='ltr'><strong>in</strong></span> <span class='ocrx_word' id='word_1_262' title='bbox 1857 3627 2006 3736; x_wconf 88' lang='lat' dir='ltr'><strong>viginti</strong></span> <span class='ocrx_word' id='word_1_263' title='bbox 2028 3651 2134 3706; x_wconf 87' lang='lat' dir='ltr'><strong>mar·</strong></span> 
     </span>
    </p>

    <p class='ocr_par' dir='ltr' id='par_1_11' title="bbox 237 3736 2161 5158">
     <span class='ocr_line' id='line_1_31' title="bbox 237 3736 2142 3850; baseline 0 -33"><span class='ocrx_word' id='word_1_264' title='bbox 237 3819 240 3831; x_wconf 60' lang='grc'><strong><em>,</em></strong></span> <span class='ocrx_word' id='word_1_265' title='bbox 337 3736 422 3819; x_wconf 91' lang='lat' dir='ltr'><strong>chis</strong></span> <span class='ocrx_word' id='word_1_266' title='bbox 449 3737 735 3846; x_wconf 87' lang='lat' dir='ltr'><strong>sterlingorum</strong></span> <span class='ocrx_word' id='word_1_267' title='bbox 765 3739 966 3822; x_wconf 89' lang='lat' dir='ltr'><strong>honorum</strong></span> <span class='ocrx_word' id='word_1_268' title='bbox 994 3747 1033 3822; x_wconf 91' lang='grc'><strong>8(</strong></span> <span class='ocrx_word' id='word_1_269' title='bbox 1062 3740 1247 3850; x_wconf 91' lang='lat' dir='ltr'><strong>legalium</strong></span> <span class='ocrx_word' id='word_1_270' title='bbox 1255 3803 1268 3837; x_wconf 87' lang='lat'><strong>,</strong></span> <span class='ocrx_word' id='word_1_271' title='bbox 1304 3739 1496 3824; x_wconf 90' lang='lat' dir='ltr'><strong>tredecim</strong></span> <span class='ocrx_word' id='word_1_272' title='bbox 1529 3737 1670 3823; x_wconf 91' lang='lat' dir='ltr'><strong>solidis</strong></span> <span class='ocrx_word' id='word_1_273' title='bbox 1699 3745 1739 3822; x_wconf 87' lang='grc'><strong>8(</strong></span> <span class='ocrx_word' id='word_1_274' title='bbox 1767 3754 1948 3850; x_wconf 78' lang='lat' dir='ltr'><strong>quatuor</strong></span> <span class='ocrx_word' id='word_1_275' title='bbox 1980 3737 2142 3818; x_wconf 84' lang='lat' dir='ltr'><strong>sterlin-</strong></span> 
     </span>
     <span class='ocr_line' id='line_1_32' title="bbox 337 3841 2147 3960; baseline -0.001 -30"><span class='ocrx_word' id='word_1_276' title='bbox 337 3851 397 3958; x_wconf 91' lang='lat' dir='ltr'><strong>gis</strong></span> <span class='ocrx_word' id='word_1_277' title='bbox 425 3871 503 3957; x_wconf 90' lang='lat' dir='ltr'><strong>pro</strong></span> <span class='ocrx_word' id='word_1_278' title='bbox 532 3849 692 3931; x_wconf 88' lang='lat' dir='ltr'><strong>marcha</strong></span> <span class='ocrx_word' id='word_1_279' title='bbox 726 3849 907 3958; x_wconf 72' lang='lat' dir='ltr'><strong>qualibet</strong></span> <span class='ocrx_word' id='word_1_280' title='bbox 934 3850 1233 3960; x_wconf 88' lang='lat' dir='ltr'><strong>computandis,</strong></span> <span class='ocrx_word' id='word_1_281' title='bbox 1262 3857 1302 3932; x_wconf 90' lang='grc'><strong>8(</strong></span> <span class='ocrx_word' id='word_1_282' title='bbox 1328 3841 1520 3959; x_wconf 81' lang='lat' dir='ltr'><strong>Magistro</strong></span> <span class='ocrx_word' id='word_1_283' title='bbox 1550 3850 1631 3948; x_wconf 91' lang='lat' dir='ltr'><strong>Ro,</strong></span> <span class='ocrx_word' id='word_1_284' title='bbox 1667 3878 1738 3932; x_wconf 89' lang='lat' dir='ltr'><strong>seu</strong></span> <span class='ocrx_word' id='word_1_285' title='bbox 1766 3847 1956 3959; x_wconf 90' lang='lat' dir='ltr'><strong>predicto</strong></span> <span class='ocrx_word' id='word_1_286' title='bbox 1972 3849 2147 3930; x_wconf 64' lang='lat' dir='ltr'><strong>,Nicho-</strong></span> 
     </span>
     <span class='ocr_line' id='line_1_33' title="bbox 336 3959 2152 4072; baseline 0 -33"><span class='ocrx_word' id='word_1_287' title='bbox 336 3961 400 4042; x_wconf 91' lang='lat' dir='ltr'><strong>lao</strong></span> <span class='ocrx_word' id='word_1_288' title='bbox 429 3961 603 4040; x_wconf 91' lang='lat' dir='ltr'><strong>Gotonis</strong></span> <span class='ocrx_word' id='word_1_289' title='bbox 632 3963 888 4068; x_wconf 85' lang='lat' dir='ltr'><strong>procuratori</strong></span> <span class='ocrx_word' id='word_1_290' title='bbox 909 3961 1006 4069; x_wconf 85' lang='lat' dir='ltr'><strong>ejus,</strong></span> <span class='ocrx_word' id='word_1_291' title='bbox 1021 3963 1145 4072; x_wconf 89' lang='lat' dir='ltr'><strong>ipsius</strong></span> <span class='ocrx_word' id='word_1_292' title='bbox 1173 3963 1355 4072; x_wconf 83' lang='lat' dir='ltr'><strong>Magistri</strong></span> <span class='ocrx_word' id='word_1_293' title='bbox 1383 3964 1445 4043; x_wconf 93' lang='lat' dir='ltr'><strong>Ro</strong></span> <span class='ocrx_word' id='word_1_294' title='bbox 1472 3966 1647 4059; x_wconf 89' lang='lat' dir='ltr'><strong>nomine,</strong></span> <span class='ocrx_word' id='word_1_295' title='bbox 1676 3962 1720 4042; x_wconf 94' lang='lat' dir='ltr'><strong>in</strong></span> <span class='ocrx_word' id='word_1_296' title='bbox 1746 3962 1949 4042; x_wconf 81' lang='lat' dir='ltr'><strong>sexcentis</strong></span> <span class='ocrx_word' id='word_1_297' title='bbox 1964 3959 2152 4050; x_wconf 83' lang='lat' dir='ltr'><strong>marchis</strong></span> 
     </span>
     <span class='ocr_line' id='line_1_34' title="bbox 336 4068 2153 4181; baseline 0.001 -30"><span class='ocrx_word' id='word_1_298' title='bbox 336 4071 431 4179; x_wconf 92' lang='lat' dir='ltr'><strong>puri</strong></span> <span class='ocrx_word' id='word_1_299' title='bbox 464 4069 640 4178; x_wconf 87' lang='lat' dir='ltr'><strong>argenti,</strong></span> <span class='ocrx_word' id='word_1_300' title='bbox 668 4072 962 4176; x_wconf 79' lang='lat' dir='ltr'><strong>sententialiter</strong></span> <span class='ocrx_word' id='word_1_301' title='bbox 990 4071 1341 4181; x_wconf 80' lang='lat' dir='ltr'><strong>condempnemus,</strong></span> <span class='ocrx_word' id='word_1_302' title='bbox 1371 4073 1588 4166; x_wconf 86' lang='lat' dir='ltr'><strong>Reservata</strong></span> <span class='ocrx_word' id='word_1_303' title='bbox 1616 4071 1767 4154; x_wconf 86' lang='lat' dir='ltr'><strong>eisdem</strong></span> <span class='ocrx_word' id='word_1_304' title='bbox 1795 4068 1971 4152; x_wconf 87' lang='lat' dir='ltr'><strong>Prelatis</strong></span> <span class='ocrx_word' id='word_1_305' title='bbox 1987 4075 2032 4151; x_wconf 92' lang='grc'><strong>8(</strong></span> <span class='ocrx_word' id='word_1_306' title='bbox 2057 4071 2153 4152; x_wconf 89' lang='lat' dir='ltr'><strong>Cle·</strong></span> 
     </span>
     <span class='ocr_line' id='line_1_35' title="bbox 335 4178 2155 4294; baseline 0 -31"><span class='ocrx_word' id='word_1_307' title='bbox 335 4181 431 4263; x_wconf 90' lang='lat' dir='ltr'><strong>ricis</strong></span> <span class='ocrx_word' id='word_1_308' title='bbox 457 4178 741 4263; x_wconf 88' lang='lat' dir='ltr'><strong>nichilominus</strong></span> <span class='ocrx_word' id='word_1_309' title='bbox 766 4187 976 4292; x_wconf 88' lang='lat' dir='ltr'><strong>qvestionc</strong></span> <span class='ocrx_word' id='word_1_310' title='bbox 1003 4210 1126 4293; x_wconf 88' lang='lat' dir='ltr'><strong>super</strong></span> <span class='ocrx_word' id='word_1_311' title='bbox 1154 4183 1272 4263; x_wconf 89' lang='lat' dir='ltr'><strong>bonis</strong></span> <span class='ocrx_word' id='word_1_312' title='bbox 1301 4182 1445 4264; x_wconf 86' lang='lat' dir='ltr'><strong>ablatis</strong></span> <span class='ocrx_word' id='word_1_313' title='bbox 1473 4183 1523 4267; x_wconf 87' lang='lat' dir='ltr'><strong>de</strong></span> <span class='ocrx_word' id='word_1_314' title='bbox 1553 4181 1745 4294; x_wconf 89' lang='lat' dir='ltr'><strong>predictis</strong></span> <span class='ocrx_word' id='word_1_315' title='bbox 1772 4180 1838 4263; x_wconf 84' lang='lat' dir='ltr'><strong>vel</strong></span> <span class='ocrx_word' id='word_1_316' title='bbox 1866 4183 2155 4292; x_wconf 86' lang='lat' dir='ltr'><strong>consumptis,</strong></span> 
     </span>
     <span class='ocr_line' id='line_1_36' title="bbox 334 4287 2159 4404; baseline 0.001 -31"><span class='ocrx_word' id='word_1_317' title='bbox 334 4298 375 4373; x_wconf 89' lang='grc'><strong>8(</strong></span> <span class='ocrx_word' id='word_1_318' title='bbox 402 4290 453 4372; x_wconf 94' lang='lat' dir='ltr'><strong>de</strong></span> <span class='ocrx_word' id='word_1_319' title='bbox 480 4287 708 4374; x_wconf 92' lang='lat' dir='ltr'><strong>redditibus</strong></span> <span class='ocrx_word' id='word_1_320' title='bbox 737 4297 935 4403; x_wconf 87' lang='lat' dir='ltr'><strong>perceptis</strong></span> <span class='ocrx_word' id='word_1_321' title='bbox 963 4321 986 4374; x_wconf 90' lang='lat' dir='ltr'><strong>a</strong></span> <span class='ocrx_word' id='word_1_322' title='bbox 1014 4310 1196 4404; x_wconf 89' lang='lat' dir='ltr'><strong>tempore</strong></span> <span class='ocrx_word' id='word_1_323' title='bbox 1226 4295 1355 4402; x_wconf 91' lang='lat' dir='ltr'><strong>prime</strong></span> <span class='ocrx_word' id='word_1_324' title='bbox 1382 4293 1695 4403; x_wconf 81' lang='lat' dir='ltr'><strong>computationis</strong></span> <span class='ocrx_word' id='word_1_325' title='bbox 1733 4291 1840 4374; x_wconf 82' lang='lat' dir='ltr'><strong>facte</strong></span> <span class='ocrx_word' id='word_1_326' title='bbox 1867 4320 1944 4400; x_wconf 90' lang='lat' dir='ltr'><strong>per</strong></span> <span class='ocrx_word' id='word_1_327' title='bbox 1976 4293 2159 4376; x_wconf 84' lang='lat' dir='ltr'><strong>eosdem</strong></span> 
     </span>
     <span class='ocr_line' id='line_1_37' title="bbox 335 4396 2158 4532; baseline 0.003 -51"><span class='ocrx_word' id='word_1_328' title='bbox 335 4399 448 4509; x_wconf 88' lang='lat' dir='ltr'><strong>apud</strong></span> <span class='ocrx_word' id='word_1_329' title='bbox 477 4401 679 4482; x_wconf 89' lang='lat' dir='ltr'><strong>civitatem</strong></span> <span class='ocrx_word' id='word_1_330' title='bbox 706 4400 987 4502; x_wconf 89' lang='lat' dir='ltr'><strong>Lubicenssm,</strong></span> <span class='ocrx_word' id='word_1_331' title='bbox 1016 4407 1059 4486; x_wconf 93' lang='lat' dir='ltr'><strong>in</strong></span> <span class='ocrx_word' id='word_1_332' title='bbox 1092 4410 1308 4486; x_wconf 89' lang='lat' dir='ltr'><strong>crastinum</strong></span> <span class='ocrx_word' id='word_1_333' title='bbox 1341 4396 1452 4489; x_wconf 77' lang='lat' dir='ltr'><strong>beari</strong></span> <span class='ocrx_word' id='word_1_334' title='bbox 1481 4405 1591 4486; x_wconf 88' lang='lat' dir='ltr'><strong>Luce</strong></span> <span class='ocrx_word' id='word_1_335' title='bbox 1634 4403 1907 4532; x_wconf 78' lang='lat' dir='ltr'><strong>Ewangeliste</strong></span> <span class='ocrx_word' id='word_1_336' title='bbox 1935 4409 2050 4488; x_wconf 89' lang='lat' dir='ltr'><strong>anni</strong></span> <span class='ocrx_word' id='word_1_337' title='bbox 2084 4403 2158 4491; x_wconf 77' lang='lat' dir='ltr'><strong>do</strong></span> 
     </span>
     <span class='ocr_line' id='line_1_38' title="bbox 335 4508 2159 4625; baseline 0.003 -35"><span class='ocrx_word' id='word_1_338' title='bbox 335 4513 435 4590; x_wconf 92' lang='lat' dir='ltr'><strong>mini</strong></span> <span class='ocrx_word' id='word_1_339' title='bbox 461 4511 660 4594; x_wconf 86' lang='lat' dir='ltr'><strong>millesimi</strong></span> <span class='ocrx_word' id='word_1_340' title='bbox 688 4508 950 4594; x_wconf 91' lang='lat' dir='ltr'><strong>ducentesimi</strong></span> <span class='ocrx_word' id='word_1_341' title='bbox 979 4515 1211 4625; x_wconf 84' lang='lat' dir='ltr'><strong>sexagesimi</strong></span> <span class='ocrx_word' id='word_1_342' title='bbox 1250 4516 1364 4597; x_wconf 84' lang='lat' dir='ltr'><strong>sexti.</strong></span> <span class='ocrx_word' id='word_1_343' title='bbox 1407 4517 1492 4596; x_wconf 90' lang='lat' dir='ltr'><strong>Nos</strong></span> <span class='ocrx_word' id='word_1_344' title='bbox 1519 4540 1618 4597; x_wconf 88' lang='lat' dir='ltr'><strong>vero</strong></span> <span class='ocrx_word' id='word_1_345' title='bbox 1661 4513 1869 4622; x_wconf 82' lang='lat' dir='ltr'><strong>predictos</strong></span> <span class='ocrx_word' id='word_1_346' title='bbox 1913 4512 2096 4625; x_wconf 82' lang='lat' dir='ltr'><strong>Regem</strong></span> <span class='ocrx_word' id='word_1_347' title='bbox 2124 4521 2159 4596; x_wconf 83' lang='grc'><strong>8(</strong></span> 
     </span>
     <span class='ocr_line' id='line_1_39' title="bbox 335 4622 2159 4753; baseline 0.003 -51"><span class='ocrx_word' id='word_1_348' title='bbox 335 4622 530 4728; x_wconf 89' lang='lat' dir='ltr'><strong>Reginam</strong></span> <span class='ocrx_word' id='word_1_349' title='bbox 558 4647 608 4701; x_wconf 84' lang='lat' dir='ltr'><strong>ex</strong></span> <span class='ocrx_word' id='word_1_350' title='bbox 637 4647 746 4702; x_wconf 89' lang='lat' dir='ltr'><strong>nunc</strong></span> <span class='ocrx_word' id='word_1_351' title='bbox 775 4633 1163 4706; x_wconf 84' lang='lat' dir='ltr'><strong>excommunicamus</strong></span> <span class='ocrx_word' id='word_1_352' title='bbox 1191 4625 1434 4753; x_wconf 80' lang='lat' dir='ltr'><strong>inscriptis,</strong></span> <span class='ocrx_word' id='word_1_353' title='bbox 1464 4626 1541 4706; x_wconf 91' lang='lat' dir='ltr'><strong>uisi</strong></span> <span class='ocrx_word' id='word_1_354' title='bbox 1557 4623 1901 4734; x_wconf 78' lang='lat' dir='ltr'><strong>Archiepiscopo,</strong></span> <span class='ocrx_word' id='word_1_355' title='bbox 1930 4626 2159 4738; x_wconf 79' lang='lat' dir='ltr'><strong>Episcopo</strong></span> 
     </span>
     <span class='ocr_line' id='line_1_40' title="bbox 334 4728 2160 4843; baseline 0.008 -37"><span class='ocrx_word' id='word_1_356' title='bbox 334 4735 374 4813; x_wconf 84' lang='grc'><strong>8(</strong></span> <span class='ocrx_word' id='word_1_357' title='bbox 402 4728 567 4810; x_wconf 86' lang='lat' dir='ltr'><strong>Clericis</strong></span> <span class='ocrx_word' id='word_1_358' title='bbox 596 4735 826 4814; x_wconf 87' lang='lat' dir='ltr'><strong>memoratis</strong></span> <span class='ocrx_word' id='word_1_359' title='bbox 853 4731 1116 4816; x_wconf 88' lang='lat' dir='ltr'><strong>satisfecerint</strong></span> <span class='ocrx_word' id='word_1_360' title='bbox 1141 4733 1195 4816; x_wconf 87' lang='lat' dir='ltr'><strong>de</strong></span> <span class='ocrx_word' id='word_1_361' title='bbox 1223 4738 1423 4843; x_wconf 80' lang='lat' dir='ltr'><strong>premissis</strong></span> <span class='ocrx_word' id='word_1_362' title='bbox 1453 4735 1559 4826; x_wconf 79' lang='lat' dir='ltr'><strong>infra</strong></span> <span class='ocrx_word' id='word_1_363' title='bbox 1586 4737 1784 4828; x_wconf 75' lang='lat' dir='ltr'><strong>,terminos</strong></span> <span class='ocrx_word' id='word_1_364' title='bbox 1802 4733 1985 4824; x_wconf 83' lang='lat' dir='ltr'><strong>inferius</strong></span> <span class='ocrx_word' id='word_1_365' title='bbox 2018 4767 2160 4824; x_wconf 81' lang='lat' dir='ltr'><strong>anno</strong></span> 
     </span>
     <span class='ocr_line' id='line_1_41' title="bbox 334 4835 2161 4963; baseline 0.006 -43"><span class='ocrx_word' id='word_1_366' title='bbox 334 4835 502 4936; x_wconf 88' lang='lat' dir='ltr'><strong>tandos,</strong></span> <span class='ocrx_word' id='word_1_367' title='bbox 529 4840 716 4928; x_wconf 70' lang='lat' dir='ltr'><strong>videlicet</strong></span> <span class='ocrx_word' id='word_1_368' title='bbox 743 4841 850 4922; x_wconf 87' lang='lat' dir='ltr'><strong>infra</strong></span> <span class='ocrx_word' id='word_1_369' title='bbox 878 4844 1131 4934; x_wconf 77' lang='lat' dir='ltr'><strong>nativitatem</strong></span> <span class='ocrx_word' id='word_1_370' title='bbox 1158 4844 1312 4934; x_wconf 87' lang='lat' dir='ltr'><strong>domini</strong></span> <span class='ocrx_word' id='word_1_371' title='bbox 1339 4847 1538 4954; x_wconf 53' lang='lat' dir='ltr'><strong>proximo*</strong></span> <span class='ocrx_word' id='word_1_372' title='bbox 1556 4845 1754 4946; x_wconf 75' lang='lat' dir='ltr'><strong>fistucam,</strong></span> <span class='ocrx_word' id='word_1_373' title='bbox 1783 4844 1836 4928; x_wconf 89' lang='lat' dir='ltr'><strong>de</strong></span> <span class='ocrx_word' id='word_1_374' title='bbox 1865 4850 1998 4938; x_wconf 79' lang='lat' dir='ltr'><strong>tertia</strong></span> <span class='ocrx_word' id='word_1_375' title='bbox 2038 4867 2161 4963; x_wconf 81' lang='lat' dir='ltr'><strong>parte</strong></span> 
     </span>
     <span class='ocr_line' id='line_1_42' title="bbox 286 4948 2160 5066; baseline 0.012 -41"><span class='ocrx_word' id='word_1_376' title='bbox 286 5013 290 5025; x_wconf 90' lang='lat'><strong>.</strong></span> <span class='ocrx_word' id='word_1_377' title='bbox 335 4949 519 5032; x_wconf 80' lang='lat' dir='ltr'><strong>cuilibeta</strong></span> <span class='ocrx_word' id='word_1_378' title='bbox 547 4948 653 5034; x_wconf 85' lang='lat' dir='ltr'><strong>infra</strong></span> <span class='ocrx_word' id='word_1_379' title='bbox 680 4952 828 5061; x_wconf 88' lang='lat' dir='ltr'><strong>pascha</strong></span> <span class='ocrx_word' id='word_1_380' title='bbox 855 4951 1083 5056; x_wconf 83' lang='lat' dir='ltr'><strong>immediate</strong></span> <span class='ocrx_word' id='word_1_381' title='bbox 1110 4954 1378 5066; x_wconf 86' lang='lat' dir='ltr'><strong>subsequens,</strong></span> <span class='ocrx_word' id='word_1_382' title='bbox 1405 4955 1457 5052; x_wconf 81' lang='lat' dir='ltr'><strong>dc</strong></span> <span class='ocrx_word' id='word_1_383' title='bbox 1485 4955 1562 5040; x_wconf 86' lang='lat' dir='ltr'><strong>alia</strong></span> <span class='ocrx_word' id='word_1_384' title='bbox 1591 4957 1732 5065; x_wconf 76' lang='lat' dir='ltr'><strong>tertia3</strong></span> <span class='ocrx_word' id='word_1_385' title='bbox 1761 4961 1806 5041; x_wconf 88' lang='grc'><strong>8(</strong></span> <span class='ocrx_word' id='word_1_386' title='bbox 1833 4956 1889 5044; x_wconf 79' lang='lat' dir='ltr'><strong>ds</strong></span> <span class='ocrx_word' id='word_1_387' title='bbox 1917 4975 2025 5044; x_wconf 89' lang='lat' dir='ltr'><strong>toto</strong></span> <span class='ocrx_word' id='word_1_388' title='bbox 2063 4965 2160 5046; x_wconf 78' lang='lat' dir='ltr'><strong>resi·</strong></span> 
     </span>
     <span class='ocr_line' id='line_1_43' title="bbox 1810 5067 1940 5158; baseline -0.031 -1"><span class='ocrx_word' id='word_1_389' title='bbox 1810 5112 1813 5121; x_wconf 96' lang='lat'><em>·</em></span> <span class='ocrx_word' id='word_1_390' title='bbox 1849 5067 1940 5158; x_wconf 87' lang='lat' dir='ltr'><strong>duo</strong></span> 
     </span>
    </p>
   </div>
   <div class='ocr_carea' id='block_1_9' title="bbox 0 0 2208 5962">
    <p class='ocr_par' dir='ltr' id='par_1_12' title="bbox 0 0 2208 5962">
     <span class='ocr_line' id='line_1_44' title="bbox 0 0 2208 5962; baseline 0 0"><span class='ocrx_word' id='word_1_391' title='bbox 0 0 2208 5962; x_wconf 95' lang='lat' dir='ltr'><strong> </strong></span> 
     </span>
    </p>
   </div>
  </div>
 </body>
</html>
