4382 5964
1011 363 1085 509 ².
1194 381 1272 490 596
1383 379 1549 500 ·-:“

332 635 469 764 741.
824 587 869 602 ”
932 571 1210 727 ,nara
1257 651 1329 722 20
1377 613 1501 764 Apr.
1574 533 1593 710 s
1670 655 1683 710 2

135 811 139 817 ¹
182 925 188 932 .
269 851 275 856 '
408 829 631 922 Dompmaens
650 833 661 896 i
682 833 794 916 Wexis
814 833 912 916 retra
932 779 985 898 att·
998 835 1152 902 cumin
1172 835 1211 898 uf
1225 836 1322 921 Aa³5⁰
1343 835 1432 918 ΒΜ
1452 829 1578 920 Nl‘ffl‘
1597 832 1713 898 '‘¹⁰⁸²“
1732 835 1770 896 “f
1785 836 1848 898 '⁵¹¹⁸
1867 838 2016 922 ”sm

74 941 123 970 Ι.
544 945 547 958 Ι
1150 995 1153 1000 Δ
1757 949 1975 1024 abuma

322 1099 328 1116 ’
421 1159 425 1166 .
492 1087 705 1172 Vniuersis
733 1085 873 1166 christi
902 1083 1089 1166 fidelibus
1119 1102 1325 1194 presentes
1354 1085 1510 1166 litteras
1528 1083 1743 1168 Audituris
1771 1085 1835 1167 vel
1863 1090 2002 1172 visuris.
2025 1093 2075 1172 W.

194 1243 198 1252 «
328 1202 473 1285 Dictus
499 1199 731 1311 prepositus
765 1195 930 1280 ecclesie
957 1197 1224 1277 vexionensis.
1255 1199 1408 1276 vtinam
1437 1223 1524 1275 non
1552 1194 1755 1306 indignus.
1781 1197 1949 1280 salutem
1972 1203 2077 1280 invir-

324 1314 431 1424 ginis
457 1311 542 1394 filio
570 1312 685 1392 ihesu
714 1307 877 1391 christo.
905 1307 1066 1389 Tenore
1096 1308 1350 1416 presencium
1393 1305 1550 1418 liquido
1592 1322 1778 1388 constare
1818 1309 1992 1393 volumus
2012 1314 2078 1392 mi-

323 1425 463 1507 uersis.
494 1417 619 1527 Quod
648 1417 929 1532 guthmundus
944 1417 995 1501 de
1010 1447 1126 1527 assyo
1155 1416 1423 1499 donacionem
1450 1420 1558 1498 inter
1580 1417 2079 1504 vinos-saeiensmonasterto

323 1533 562 1640 nouevallis.
598 1533 661 1612 lta
689 1530 889 1613 videlicet.
932 1529 1045 1641 quod
1087 1528 1343 1612 medietatem
1387 1526 1623 1638 prediorum
1655 1531 1791 1638 ipsum
1820 1559 1880 1612 ex·
1897 1533 2079 1614 hereditate

323 1662 496 1758 paterna
523 1644 838 1752 contingentem.
868 1647 910 1724 &
937 1639 1191 1722 medietatem
1206 1639 1441 1722 hereditatis
1459 1639 1649 1721 fraterne.
1669 1661 1769 1748 ‘cum
1790 1658 1877 1721 tota
1897 1643 2079 1724 hereditate
2141 1645 2142 1658 '

322 1786 448 1870 quam
475 1751 717 1866 po'st'filiam
745 1781 859 1835 suam
887 1753 1114 1864 acquisiuit.
1143 1781 1235 1832 cum
1256 1749 1470 1832 medietate
1486 1750 1689 1833 bonorum
1703 1751 1923 1834 mobilium.
1938 1759 2078 1834 &curia

321 1869 368 1954 in
396 1868 505 1951 dicta
532 1865 630 1948 villa
657 1867 761 1947 assio
782 1866 989 1947 existente.
1018 1880 1218 1975 perpetuo
1245 1862 1421 1945 contulit
1448 1861 1559 1944 dicto
1586 1867 1834 1944 monasterio
1862 1863 2076 1975 possidenda.

322 2005 370 2062 ea
399 1997 536 2060 tamen
564 1978 738 2058 racione.
774 1974 887 2085 quod
916 1977 1013 2085 ipse.
1043 1975 1092 2054 G.
1118 1973 1316 2088 quamdiu
1344 1975 1505 2061 vixerit.
1537 1977 1581 2056 in
1622 1973 1740 2056 dictis
1783 1975 1902 2056 bonis
1929 1974 2077 2056 resideat

322 2092 560 2201 pensionem
588 2105 724 2169 tamen
752 2085 930 2174 debitam
957 2085 1127 2196 singulis
1172 2087 1289 2167 annis
1320 2088 1566 2168 monasterio
1593 2084 1801 2166 soluturus
1836 2087 1887 2167 ln
1915 2085 2016 2166 cuius
2037 2089 2078 2165 rei

187 2209 195 2218 ⁴
260 2303 263 2314 Ι
321 2201 599 2314 testimonium
625 2197 827 2310 siggillum
863 2213 1047 2277 nostrum
1090 2198 1346 2305 presentibus
1389 2195 1578 2277 duximus
1610 2196 1912 2305 apponendum.
1964 2195 2077 2277 Datum

292 2424 295 2432 μ
323 2310 567 2438 Wihcherlli
594 2313 718 2394 Anno
747 2307 911 2389 Domini
939 2307 1341 2389 Mtccttxxxtr.
1372 2304 1624 2392 Duodecimn
1643 2307 1877 2404 ‚Kalendas
1903 2307 2000 2414 Maij.

663 2463 673 2494 ¹
731 2449 853 2535 sigillet
877 2450 1039 2515 bortfallet
1059 2451 1130 2514 frln
1151 2449 1211 2517 den
1231 2471 1270 2514 ur
1290 2450 1412 2515 brefvet
1432 2449 1556 2540 klippta
1575 2471 1704 2514 remcan.
1808 2515 1813 2522 ,

187 2863 189 2870 ,
265 2948 269 2956 ¹
327 2839 459 2968 742.-
611 2863 615 2870 ’
863 2759 1093 2924 ''1282
1142 2815 1191 2922 d.
1239 2819 1310 2924 25
1360 2817 1486 2963 Apr.
1669 2777 1673 2784 ⁶
1748 2817 2073 2968 Lagmansryd

400 3046 540 3127 Legman
560 3043 571 3102 i
591 3037 748 3117 Wtrend,
770 3037 878 3100 Foru
898 3037 1069 3100 causon
1090 3037 1301 3116 Testamente,
1322 3037 1359 3100 al
1375 3035 1529 3120 takittiga
1549 3033 1680 3118 gardei,
1701 3035 1883 3120 ligenheter
1902 3039 1960 3102 och
1978 3041 2074 3126 peanit-

452 3145 510 3209 gar
530 3123 579 3186 till
598 3121 716 3185 kloster
736 3118 797 3183 ocb
816 3120 950 3204 kyrkor,
972 3139 1014 3183 m.
1034 3139 1076 3182 m.
1532 3139 1536 3146 ’
1721 3202 1759 3256 A·
1773 3201 1799 3272 ⁴·
1820 3219 1846 3257 ι.
1868 3219 1895 3258 m
1910 3221 1936 3275 9
1953 3205 1977 3272 ἦ

483 3343 535 3422 lu
561 3341 725 3421 nomine
752 3340 890 3450 patris.
919 3344 960 3420 8(
986 3337 1070 3447 filij.
1099 3343 1139 3418 8ι
1165 3337 1332 3448 spiritus
1360 3339 1490 3420 sancti
1510 3344 1650 3422 Amen.
1681 3341 1769 3447 Ego
1797 3337 1915 3420 fulko
1941 3334 2073 3418 condam

190 3537 193 3542 .
317 3451 450 3538 karoli
476 3451 582 3531 filius
610 3449 753 3560 legifer
791 3447 1009 3532 waerendie
1049 3457 1240 3530 sanus&
1268 3449 1480 3530 incolumis
1514 3450 1682 3560 cupiens
1725 3448 1861 3530 anime
1890 3478 1971 3529 mee
1998 3446 2074 3529 salu·

316 3563 447 3648 briter
473 3557 693 3672 prouidere
721 3558 856 3642 condo
883 3575 1167 3642 testamentum
1202 3588 1335 3654 meum
1363 3561 1407 3640 in
1435 3559 1545 3644 hunc
1587 3559 1752 3643 modum
1780 3566 1821 3640 8t
1851 3559 2006 3642 confero
2040 3554 2074 3637 dc

267 3742 270 3750 .
315 3675 437 3758 bonis
464 3674 563 3755 mihi
594 3701 618 3752 a
646 3670 724 3753 deo
752 3670 909 3753 collatis
937 3673 1090 3754 curiam
1118 3673 1162 3752 in
1189 3670 1326 3771 brobii
1353 3668 1532 3752 claustro
1559 3669 1814 3754 nowewallis
1846 3701 1938 3754 cum
1976 3667 2073 3752 insula

198 3831 207 3846 ·
314 3787 562 3898 spraengshd.
591 3778 844 3865 Molendinis.
875 3783 994 3890 agris.
1024 3783 1165 3892 pratis·
1190 3783 1314 3866 siluis.
1343 3787 1384 3864 a
1410 3783 1555 3864 ceteris
1598 3782 1828 3891 attinencijs
1873 3812 1950 3892 pro
1975 3781 2073 3864 anim

308 3924 404 3980 mea
432 3903 473 3978 &
487 3923 578 4006 pro
592 3891 732 3977 debito
759 3919 844 4003 quo
872 3890 1003 3974 eidem
1017 3893 1195 3974 claustro
1223 3909 1368 3974 teneor
1392 3891 1608 4003 obligatus.
1634 3899 1676 3976 St
1702 3896 1751 3976 in'
1769 3891 1922 3994 ‚eodem
1935 3894 2074 3976 claustro

106 4057 111 4068 ·
216 4111 222 4122 ⁸
278 4089 287 4108 ,
315 4007 423 4117 eligo
450 4006 613 4116 sepeliri
640 4007 672 4090 si
701 4004 917 4112 contigerit
946 4029 1009 4084 me
1037 4004 1142 4084 mori
1170 4004 1215 4085 in
1242 4001 1476 4110 smalandia.
1504 4009 1543 4086 sst
1571 4003 1666 4086 licet
1692 4003 1790 4088 alibi
1817 4008 1967 4086 moriar
1986 4027 2075 4112 sepe·

314 4117 470 4204 dictum
497 4119 715 4211 claustrum
744 4115 1007 4198 nihilominus
1034 4113 1184 4198 habeat
1211 4116 1366 4198 curiam
1399 4132 1670 4208 memoratam.
1719 4116 1909 4199 Claustro
1937 4117 1977 4198 in
2000 4140 2075 4195 wre·

312 4245 402 4314 tum
429 4230 582 4312 curiam
603 4229 655 4308 in
682 4225 816 4328 enebi
844 4255 938 4310 cum
979 4224 1168 4308 omnibus
1209 4225 1454 4333 attinenciis.
1482 4231 1523 4308 ἃ
1555 4228 1589 4308 si
1616 4227 1765 4308 moriar
1793 4246 1911 4309 extra
1936 4225 2076 4308 smalan·

312 4339 420 4424 diam
453 4360 554 4423 tunc
569 4337 628 4422 ibi
643 4339 752 4448 eligo
764 4337 1027 4446 sepulturam.
1057 4335 1138 4420 Sed
1156 4337 1434 4446 sipermiserit
1460 4363 1524 4418 me
1552 4335 1651 4420 deus
1670 4336 1771 4421 alibi
1782 4339 1944 4450 sepeliri
1960 4350 2076 4418 'tamer

311 4450 420 4534 idem
453 4454 671 4536 claustrum
700 4447 906 4560 possideat
931 4477 980 4531 su
1010 4446 1178 4532 radiata.
1208 4445 1397 4528 Claustro
1424 4473 1611 4530 sororum
1637 4448 1793 4532 ordinis
1807 4448 2075 4560 predicatorum

163 4557 177 4574 ’
310 4562 357 4644 in
384 4561 622 4676 sltemringia
665 4561 819 4644 curiam
848 4560 892 4641 in
920 4577 987 4654 md
1041 4588 1129 4642 mar
1171 4585 1264 4644 cum
1305 4557 1495 4642 omuibus
1536 4560 1615 4642 sibi
1656 4563 1926 4645 attinentibus
1952 4557 2074 4642 tamin

268 4765 274 4782 Ι
307 4670 464 4784 prediis
491 4703 614 4785 quam
642 4673 687 4754 in
714 4671 804 4780 alijs
833 4669 951 4753 bonis
979 4670 1199 4756 mobilibus
1226 4677 1268 4754 &
1295 4669 1558 4756 inmobilibus
1584 4673 1849 4783 &capellam
1875 4701 1999 4755 meam
2016 4692 2075 4750 me

311 4785 454 4868 liorem
481 4799 566 4866 tam
591 4811 684 4870 cum
711 4782 834 4868 calice
862 4811 985 4894 quam
1014 4810 1107 4866 cum
1134 4784 1324 4867 omnibus
1357 4781 1449 4894 alijs
1484 4785 1754 4897 pertinentiis.
1778 4785 1878 4870 ‘Ad
1907 4783 2074 4870 edificium

156 5087 161 5094 ,
288 5103 290 5116 ,
351 4981 1705 5112 *incunctantis-affretannmmutastamentum
1759 4995 1764 5008 ’
