4362 5946
1010 468 1086 489 ·-·
1139 429 1218 510 360
1328 467 1397 490 -·

311 649 450 764 pineta
476 647 632 728 iniuria·
652 675 722 728 seu
751 646 978 758 calumpnia
1006 649 1138 758 possit,
1161 647 1357 746 suboriri,
1388 659 1592 756 presentes
1619 643 1795 726 Litteras
1823 643 1896 726 sibi
1918 652 2050 732 contub-

310 786 417 857 mus,
446 757 573 866 Sigilli
602 761 729 842 nostri
758 763 976 841 munimine
991 758 1201 839 roboratas
1230 757 1551 854 incautelam&
1568 758 1784 838 munimen.
1815 759 1950 839 Datum
1969 762 2050 842 liur-

310 867 373 952 dis
401 874 522 951 Anno
552 871 706 952 domini
734 873 1047 953 M⁰.CC⁸.L⁰.II⁰.
1080 873 1199 952 Nono
1228 871 1319 950 Kal.
1348 868 1534 978 januarij.

463 1015 466 1021 ’
581 1013 628 1076 rt
643 999 822 1078 ¹frinsidan:
844 1016 1080 1078 Protectorium.
1102 1013 1235 1094 Konuug
1257 1010 1473 1097 Christophers
1493 1008 1829 1074 Bescber·melse·Breffi

350 1108 354 1120 ’
1047 1096 1169 1178 Sigillet
1189 1095 1360 1157 bortfallet.

1928 1327 2056 1431 tum

348 1505 379 1650 'i'
392 1550 528 1696 Kopgrng
540 1553 769 1697 'Cigppss‘kroppuas
792 1555 802 1613 i
823 1554 985 1617 Danmarl
1008 1551 1206 1633 Skyddsbref
1220 1550 1271 1614 sot·
1291 1549 1470 1614 Kanilerne
1491 1550 1500 1610 i
1522 1547 1627 1625 Lund,
1650 1548 1741 1628 jemte
1761 1547 1925 1610 frilallelse
1944 1546 2003 1608 irin
2019 1547 2063 1608 clla

477 1656 558 1715 ong.
660 1657 681 1718 y
716 1657 758 1697 er.

371 1751 635 1856 Confirmatio
654 1755 966 1862 priuilegiorum
995 1755 1212 1856 Cristoseri
1235 1755 1344 1858 regis
1372 1779 1461 1834 cum
1489 1751 1733 1832 absolucioue
1761 1747 2012 1911 megigdzpm.

1856 1895 1863 1912 .
1884 1873 1911 1907 1:
1929 1871 1940 1906 l
1959 1895 1965 1906 .

478 1961 522 2040 C.
554 1962 628 2040 Dei
655 1963 814 2071 gracie.
834 1962 1041 2041 Danorum
1074 1960 1381 2069 sclauorumque
1402 1986 1485 2038 rex.
1517 1958 1717 2039 Omnibus
1733 1961 1894 2066 presens
1909 1957 2069 2064 scriptum
2139 1953 2141 1966 ⁴

312 2071 584 2156 cernentibus,
615 2074 790 2153 Salutem
820 2075 863 2153 in
892 2074 1070 2156 omnium
1100 2071 1312 2152 saluatore.
1349 2073 1502 2156 Notum
1533 2068 1698 2149 facimus
1731 2086 1813 2148 tam
1850 2065 2069 2178 presentibus

311 2211 432 2293 quam
463 2181 621 2266 futuris
651 2185 764 2294 quod
804 2184 973 2266 dilectos
1017 2183 1204 2265 dominos
1239 2199 1279 2262 et
1308 2183 1525 2286 canonicos¹
1567 2197 1726 2262 nostros
1770 2181 1991 2260 lundenses.
2013 2203 2070 2254 ma

311 2320 404 2376 cum
431 2295 550 2378 bouis
579 2323 718 2375 eorum
747 2297 997 2406 &personis
1026 2296 1083 2376 eis
1112 2295 1388 2378 attinentibus.
1418 2292 1494 2371 sub
1524 2312 1661 2374 nostra
1691 2293 1942 2400 protectione
1969 2293 2071 2368 &tu-

310 2405 391 2485 tela
420 2407 666 2516 suscepimus
694 2408 868 2516 speciali.
913 2409 1169 2492 Dimitteutes
1211 2407 1268 2484 cis
1309 2433 1447 2485 omnes
1489 2405 1644 2483 villicos
1672 2431 1812 2484 eorum
1845 2420 1887 2486 et
1929 2401 2071 2480 colonos.

311 2517 576 2627 Ceteramque
605 2544 747 2598 eorum
776 2517 983 2613 familiam,
1012 2519 1064 2597 ab
1094 2517 1202 2597 omui
1232 2516 1505 2627 expedicionis
1532 2515 1778 2624 grauamine,
1815 2511 2070 2619 Vectigalibus.

312 2629 534 2737 ceterisque
562 2631 752 2710 omnibus
781 2629 862 2736 juri
890 2634 1003 2737 regio
1046 2629 1320 2708 attinentibus.
1364 2627 1512 2714 liberos
1535 2633 1580 2704 uc
1608 2643 1825 2734 exemptos.
1883 2620 1996 2702 Vnde
2019 2617 2074 2698 sub

312 2754 487 2852 optentu
516 2741 648 2852 gracie
678 2757 813 2821 nostre
843 2741 1064 2822 districtius
1093 2741 1336 2849 precipimus
1379 2739 1439 2843 Ne
1482 2738 1584 2852 quis.
1615 2735 1745 2821 dictos
1789 2735 1982 2822 dominos.
2008 2733 2075 2810 lun·

314 2849 457 2948 denses
486 2851 712 2931 canonicos,
744 2881 865 2963 super
893 2850 1051 2932 indulta
1082 2853 1138 2932 eis
1154 2850 1352 2930 .libertate
1381 2865 1585 2957 presumat
1615 2849 1872 2956 aliquatenus
1901 2845 2077 2925 molestare

313 2961 438 3065 Quod
467 2964 540 3072 qui
569 2960 699 3042 facere
727 2965 1027 3072 presumpserit.
1057 2975 1233 3042 nostram
1264 2990 1346 3040 non
1373 2960 1545 3068 effugiet
1561 2958 1894 3064 ingratitudinem
1910 2975 1950 3035 et
1977 2949 2078 3036 vindi·

314 3086 433 3153 ctam.
461 3073 514 3150 Jn
548 3074 661 3152 cuius
690 3077 747 3154 rei
776 3075 1034 3158 euidenciam.
1065 3091 1289 3183 presentem
1320 3073 1507 3178 paginam
1552 3071 1647 3177 ipsis
1690 3069 1947 3150 contulimus.
1989 3061 2078 3172 sigilli

315 3183 443 3264 nostri
474 3185 694 3264 munimine
722 3187 957 3268 roboratam
986 3188 1136 3265 Datum
1165 3182 1300 3263 lundis
1329 3187 1449 3259 Anno
1478 3180 1630 3290 dominj
1659 3179 1919 3261 M⁰CC⁰L⁰IL
1954 3181 2081 3282 Quarto

316 3292 509 3376 kalendas
537 3295 729 3404 Januarij.
761 3298 890 3408 Regni
919 3298 1046 3380 nostrl
1076 3323 1181 3404 anpo
1211 3295 1354 3402 primm

323 3500 455 3630 403.
805 3587 807 3592 .
1139 3501 1304 3611 125&

311 3673 318 3690 =
402 3717 581 3784 bke-Birt.
602 3719 734 3784 Jmnsns
754 3723 936 3786 vidimation
957 3723 995 3785 af
1010 3723 1088 3786 Pau
1108 3723 1219 3785 Bullan
1240 3742 1292 3782 om
1313 3717 1385 3781 ellat
1406 3719 1456 3782 fiir
1476 3719 1597 3782 bitrtide
1627 3720 1674 3784 till
1697 3717 1825 3802 Sigtuna
1856 3720 2086 3801 klosterbyggm·

453 3801 566 3881 neder3
587 3801 717 3910 hvartill
737 3803 988 3890 hle-Biskopen
1010 3806 1098 3872 arten
1119 3807 1219 3888 gisver
1241 3824 1280 3865 ao
1301 3803 1410 3884 dagors
1432 3801 1513 3868 ellat

313 1346 447 1483 402.
909 1334 1099 1438 '1252
1148 1329 1318 1475 d.29
1366 1245 1486 1432 tbe

1792 3887 1827 3942 Α.
1848 3901 1871 3941 ι.
1890 3885 1921 3941 d.
1941 3887 1982 3960 ld

486 4020 520 4100 J.
550 4019 615 4105 dei
659 4023 790 4129 gratia
833 4023 1063 4134 Vpsalensis
1111 4022 1457 4129 Archiepiscopus.
1509 4021 1703 4102 vniversis
1744 4021 1887 4102 christi
1933 4013 2090 4098 fidelibus

321 4148 527 4242 presentes
545 4132 711 4220 litteras
740 4136 994 4242 inspecturis.
1025 4133 1202 4214 Salutem
1219 4135 1260 4210 in
1279 4133 1440 4214 nomine
1455 4131 1569 4214 ihesu
1584 4133 1735 4212 christi.
1766 4134 2027 4214 Notificamus
2039 4147 2090 4204 uu

139 4289 142 4296 ·
235 4246 238 4254 ’
321 4246 384 4325 bis
412 4243 524 4354 quod
554 4244 707 4328 litteras
736 4243 1079 4355 indulgentiarum
1105 4273 1128 4324 a
1157 4245 1329 4322 Domino
1358 4272 1464 4352 papa
1492 4243 1606 4322 datas
1630 4241 1829 4324 fratribus
1852 4231 2090 4351 predicatori-

321 4355 399 4435 bus
426 4353 477 4436 de
506 4355 672 4442 Sietuna
690 4345 855 4439 'dilectis
889 4357 1008 4436 nobis
1038 4357 1080 4434 in
1110 4353 1186 4436 deo
1216 4354 1306 4434 filiis
1335 4365 1501 4463 scriptas
1529 4352 1704 4435 uidim'us
1731 4355 1774 4433 in
1802 4345 1914 4434 huno
1943 4349 2092 4432 modum:

324 4465 590 4575 Junocsnmus
607 4473 682 4546 &c
711 4467 762 4546 Se
779 4471 1038 4574 sdregciende
1066 4467 1148 4548 Nso
1178 4467 1269 4570 395.
1297 4465 1638 4572 Habentinsuper
1653 4465 1828 4573 predicti
1843 4466 1993 4544 fratres
2012 4461 2092 4538 litte·

197 4603 203 4608 ·
324 4599 389 4653 ras
416 4575 580 4656 Domini
610 4575 729 4685 legati
756 4577 979 4660 secundum
1008 4595 1192 4661 tenorem
1222 4574 1448 4657 litterarum
1476 4575 1631 4658 domini
1659 4565 1770 4683 pape'
1794 4604 1874 4685 que
1891 4581 2010 4656 etiam
2025 4591 2095 4650 con·

325 4684 455 4762 tinent
482 4684 752 4796 quadraginta
787 4685 872 4768 dies
906 4689 1093 4767 omnibus
1120 4681 1450 4764 benefactoribus
1486 4712 1625 4767 eorum
1668 4685 1844 4766 indultas
1873 4687 1928 4768 de
1946 4689 2098 4766 iniuncta

325 4791 404 4874 sibi
436 4797 663 4900 penitencia
691 4795 1069 4909 superaddimus&
1096 4796 1255 4876 noscis
1293 4793 1546 4904 uigintidies
1573 4795 1626 4880 ad
1657 4796 1770 4907 quod
1799 4814 1844 4880 et·
1863 4794 2097 4906 privilegium

325 4917 509 5023 plostrum
536 4905 699 4990 habent.
1245 4939 1277 4954 ¹*
1459 4946 1462 4956 ’
1507 4969 1509 4972 -
1559 4963 1561 4970 ·

1007 5013 1127 5095 sigillet
1146 5014 1272 5098 myolet
1291 5015 1431 5084 sladadt

1828 5057 1959 5194 bu(
