<?xml version="1.0" encoding="UTF-8"?>
<!DOCTYPE html PUBLIC "-//W3C//DTD XHTML 1.0 Transitional//EN"
    "http://www.w3.org/TR/xhtml1/DTD/xhtml1-transitional.dtd">
<html xmlns="http://www.w3.org/1999/xhtml" xml:lang="en" lang="en">
 <head>
  <title>
</title>
<meta http-equiv="Content-Type" content="text/html;charset=utf-8" />
  <meta name='ocr-system' content='tesseract 3.04.00' />
  <meta name='ocr-capabilities' content='ocr_page ocr_carea ocr_par ocr_line ocrx_word'/>
</head>
<body>
  <div class='ocr_page' id='page_1' title='image "./svensktdiplomat00swegoog_0394.png"; bbox 0 0 4362 5946; ppageno 0'>
   <div class='ocr_carea' id='block_1_1' title="bbox 987 445 1484 538">
    <p class='ocr_par' dir='ltr' id='par_1_1' title="bbox 987 445 1484 538">
     <span class='ocr_line' id='line_1_1' title="bbox 987 445 1484 538; baseline -0.006 -10"><span class='ocrx_word' id='word_1_1' title='bbox 987 445 1484 538; x_wconf 51' lang='lat' dir='ltr'><strong>“elbon-¹</strong></span> 
     </span>
    </p>
   </div>
   <div class='ocr_carea' id='block_1_2' title="bbox 310 659 2113 1000">
    <p class='ocr_par' dir='ltr' id='par_1_2' title="bbox 310 659 2113 1000">
     <span class='ocr_line' id='line_1_2' title="bbox 313 659 2056 774; baseline -0.003 -25"><span class='ocrx_word' id='word_1_2' title='bbox 313 667 365 752; x_wconf 88' lang='lat' dir='ltr'><strong>ab</strong></span> <span class='ocrx_word' id='word_1_3' title='bbox 392 665 488 774; x_wconf 88' lang='lat' dir='ltr'><strong>ipsis</strong></span> <span class='ocrx_word' id='word_1_4' title='bbox 517 663 581 746; x_wconf 92' lang='lat' dir='ltr'><strong>uel</strong></span> <span class='ocrx_word' id='word_1_5' title='bbox 614 659 912 741; x_wconf 87' lang='lat' dir='ltr'><strong>successoribus</strong></span> <span class='ocrx_word' id='word_1_6' title='bbox 940 663 1022 742; x_wconf 89' lang='lat' dir='ltr'><strong>suis</strong></span> <span class='ocrx_word' id='word_1_7' title='bbox 1050 663 1228 770; x_wconf 87' lang='lat' dir='ltr'><strong>homagij</strong></span> <span class='ocrx_word' id='word_1_8' title='bbox 1257 663 1322 742; x_wconf 91' lang='lat' dir='ltr'><strong>uel</strong></span> <span class='ocrx_word' id='word_1_9' title='bbox 1364 662 1565 746; x_wconf 86' lang='lat' dir='ltr'><strong>fidelitatis</strong></span> <span class='ocrx_word' id='word_1_10' title='bbox 1604 661 1773 770; x_wconf 26' lang='lat' dir='ltr'><strong>,exigere</strong></span> <span class='ocrx_word' id='word_1_11' title='bbox 1814 687 1882 740; x_wconf 89' lang='lat' dir='ltr'><strong>seu</strong></span> <span class='ocrx_word' id='word_1_12' title='bbox 1908 663 2056 744; x_wconf 86' lang='lat' dir='ltr'><strong>oblatum</strong></span> 
     </span>
     <span class='ocr_line' id='line_1_3' title="bbox 312 770 2075 884; baseline -0.003 -26"><span class='ocrx_word' id='word_1_13' title='bbox 312 777 492 883; x_wconf 88' lang='lat' dir='ltr'><strong>recipere</strong></span> <span class='ocrx_word' id='word_1_14' title='bbox 519 772 667 855; x_wconf 81' lang='lat' dir='ltr'>audeat</span> <span class='ocrx_word' id='word_1_15' title='bbox 694 773 962 852; x_wconf 87' lang='lat' dir='ltr'><strong>iuramentum</strong></span> <span class='ocrx_word' id='word_1_16' title='bbox 991 776 1159 852; x_wconf 81' lang='lat' dir='ltr'><strong>maxime</strong></span> <span class='ocrx_word' id='word_1_17' title='bbox 1194 803 1284 854; x_wconf 88' lang='lat' dir='ltr'><strong>oum</strong></span> <span class='ocrx_word' id='word_1_18' title='bbox 1321 776 1425 854; x_wconf 92' lang='lat' dir='ltr'><strong>sicut</strong></span> <span class='ocrx_word' id='word_1_19' title='bbox 1460 787 1644 853; x_wconf 82' lang='lat' dir='ltr'><strong>asserunt</strong></span> <span class='ocrx_word' id='word_1_20' title='bbox 1671 796 1748 884; x_wconf 92' lang='lat' dir='ltr'><strong>pro</strong></span> <span class='ocrx_word' id='word_1_21' title='bbox 1776 770 1986 880; x_wconf 90' lang='lat' dir='ltr'><strong>aliquorum</strong></span> <span class='ocrx_word' id='word_1_22' title='bbox 2010 774 2075 853; x_wconf 57' lang='lat' dir='ltr'><strong>re?</strong></span> 
     </span>
     <span class='ocr_line' id='line_1_4' title="bbox 310 879 2113 1000; baseline -0.002 -31"><span class='ocrx_word' id='word_1_23' title='bbox 310 888 497 1000; x_wconf 88' lang='lat' dir='ltr'><strong>ceptione</strong></span> <span class='ocrx_word' id='word_1_24' title='bbox 526 884 719 991; x_wconf 88' lang='lat' dir='ltr'><strong>regalium</strong></span> <span class='ocrx_word' id='word_1_25' title='bbox 747 909 819 961; x_wconf 90' lang='lat' dir='ltr'><strong>seu</strong></span> <span class='ocrx_word' id='word_1_26' title='bbox 846 879 1061 963; x_wconf 84' lang='lat' dir='ltr'><strong>feudorum</strong></span> <span class='ocrx_word' id='word_1_27' title='bbox 1088 883 1262 964; x_wconf 90' lang='lat' dir='ltr'><strong>obtentu</strong></span> <span class='ocrx_word' id='word_1_28' title='bbox 1290 882 1438 965; x_wconf 91' lang='lat' dir='ltr'><strong>eisdem</strong></span> <span class='ocrx_word' id='word_1_29' title='bbox 1466 883 1566 990; x_wconf 83' lang='lat' dir='ltr'><strong>Regi</strong></span> <span class='ocrx_word' id='word_1_30' title='bbox 1595 898 1634 963; x_wconf 93' lang='lat' dir='ltr'><strong>et</strong></span> <span class='ocrx_word' id='word_1_31' title='bbox 1663 881 1884 966; x_wconf 82' lang='lat' dir='ltr'><strong>Beronibus</strong></span> <span class='ocrx_word' id='word_1_32' title='bbox 1911 911 1972 962; x_wconf 89' lang='lat' dir='ltr'><strong>seu</strong></span> <span class='ocrx_word' id='word_1_33' title='bbox 1991 885 2060 990; x_wconf 84' lang='lat' dir='ltr'><strong>alijs</strong></span> <span class='ocrx_word' id='word_1_34' title='bbox 2110 885 2113 890; x_wconf 77' lang='grc'><strong>’</strong></span> 
     </span>
    </p>
   </div>
   <div class='ocr_carea' id='block_1_3' title="bbox 168 988 2061 1106">
    <p class='ocr_par' dir='ltr' id='par_1_3' title="bbox 168 988 2061 1106">
     <span class='ocr_line' id='line_1_5' title="bbox 168 988 2061 1106; baseline -0.002 -30"><span class='ocrx_word' id='word_1_35' title='bbox 168 1079 173 1088; x_wconf 73' lang='grc'><strong><em>,</em></strong></span> <span class='ocrx_word' id='word_1_36' title='bbox 311 1003 494 1106; x_wconf 85' lang='lat' dir='ltr'><strong>personis</strong></span> <span class='ocrx_word' id='word_1_37' title='bbox 521 995 767 1074; x_wconf 89' lang='lat' dir='ltr'><strong>secularibus</strong></span> <span class='ocrx_word' id='word_1_38' title='bbox 795 991 965 1100; x_wconf 87' lang='lat' dir='ltr'><strong>obnoxij</strong></span> <span class='ocrx_word' id='word_1_39' title='bbox 995 988 1247 1100; x_wconf 85' lang='lat' dir='ltr'><strong>aliquatenus</strong></span> <span class='ocrx_word' id='word_1_40' title='bbox 1276 1021 1358 1074; x_wconf 93' lang='lat' dir='ltr'><strong>non</strong></span> <span class='ocrx_word' id='word_1_41' title='bbox 1393 997 1573 1075; x_wconf 82' lang='lat' dir='ltr'><strong>existant</strong></span> <span class='ocrx_word' id='word_1_42' title='bbox 1608 995 1811 1094; x_wconf 83' lang='lat' dir='ltr'>Quocirca</span> <span class='ocrx_word' id='word_1_43' title='bbox 1855 991 2061 1073; x_wconf 73' lang='lat' dir='ltr'><strong>fraternitati</strong></span> 
     </span>
    </p>
   </div>
   <div class='ocr_carea' id='block_1_4' title="bbox 220 1101 2067 1762">
    <p class='ocr_par' dir='ltr' id='par_1_4' title="bbox 220 1101 2067 1762">
     <span class='ocr_line' id='line_1_6' title="bbox 220 1101 2064 1214; baseline -0.003 -27"><span class='ocrx_word' id='word_1_44' title='bbox 220 1129 227 1139; x_wconf 84' lang='lat'>·</span> <span class='ocrx_word' id='word_1_45' title='bbox 310 1124 380 1187; x_wconf 86' lang='lat' dir='ltr'><strong>tue</strong></span> <span class='ocrx_word' id='word_1_46' title='bbox 410 1133 484 1214; x_wconf 90' lang='lat' dir='ltr'><strong>per</strong></span> <span class='ocrx_word' id='word_1_47' title='bbox 512 1101 733 1212; x_wconf 87' lang='lat' dir='ltr'><strong>apostoliea</strong></span> <span class='ocrx_word' id='word_1_48' title='bbox 774 1103 924 1208; x_wconf 87' lang='lat' dir='ltr'><strong>scripta</strong></span> <span class='ocrx_word' id='word_1_49' title='bbox 968 1103 1215 1200; x_wconf 83' lang='lat' dir='ltr'><strong>mandamus,</strong></span> <span class='ocrx_word' id='word_1_50' title='bbox 1259 1106 1451 1214; x_wconf 87' lang='lat' dir='ltr'><strong>quatinus</strong></span> <span class='ocrx_word' id='word_1_51' title='bbox 1495 1102 1700 1210; x_wconf 87' lang='lat' dir='ltr'><strong>predictos</strong></span> <span class='ocrx_word' id='word_1_52' title='bbox 1739 1101 2064 1212; x_wconf 86' lang='lat' dir='ltr'><strong>Archiepiscopun</strong></span> 
     </span>
     <span class='ocr_line' id='line_1_7' title="bbox 310 1213 2064 1324; baseline -0.004 -25"><span class='ocrx_word' id='word_1_53' title='bbox 310 1220 476 1324; x_wconf 85' lang='lat' dir='ltr'><strong>eiusque</strong></span> <span class='ocrx_word' id='word_1_54' title='bbox 504 1213 783 1322; x_wconf 86' lang='lat' dir='ltr'><strong>suffraganeos</strong></span> <span class='ocrx_word' id='word_1_55' title='bbox 811 1215 1022 1321; x_wconf 87' lang='lat' dir='ltr'><strong>tociusque</strong></span> <span class='ocrx_word' id='word_1_56' title='bbox 1051 1215 1179 1321; x_wconf 84' lang='lat' dir='ltr'><strong>Regni</strong></span> <span class='ocrx_word' id='word_1_57' title='bbox 1210 1214 1352 1323; x_wconf 90' lang='lat' dir='ltr'><strong>prefati</strong></span> <span class='ocrx_word' id='word_1_58' title='bbox 1382 1217 1532 1294; x_wconf 87' lang='lat' dir='ltr'><strong>olerum</strong></span> <span class='ocrx_word' id='word_1_59' title='bbox 1561 1241 1641 1293; x_wconf 92' lang='lat' dir='ltr'><strong>non</strong></span> <span class='ocrx_word' id='word_1_60' title='bbox 1658 1215 1867 1322; x_wconf 90' lang='lat' dir='ltr'><strong>permittas</strong></span> <span class='ocrx_word' id='word_1_61' title='bbox 1880 1241 1990 1321; x_wconf 85' lang='lat' dir='ltr'><strong>super</strong></span> <span class='ocrx_word' id='word_1_62' title='bbox 2003 1213 2064 1320; x_wconf 83' lang='lat' dir='ltr'><strong>hijs</strong></span> 
     </span>
     <span class='ocr_line' id='line_1_8' title="bbox 309 1322 2066 1433; baseline -0.003 -25"><span class='ocrx_word' id='word_1_63' title='bbox 309 1345 452 1408; x_wconf 82' lang='lat' dir='ltr'><strong>eontra</strong></span> <span class='ocrx_word' id='word_1_64' title='bbox 481 1323 794 1406; x_wconf 85' lang='lat' dir='ltr'><strong>confirmationis</strong></span> <span class='ocrx_word' id='word_1_65' title='bbox 823 1325 1187 1404; x_wconf 84' lang='lat' dir='ltr'><strong>&amp;constitutionis</strong></span> <span class='ocrx_word' id='word_1_66' title='bbox 1216 1341 1351 1405; x_wconf 90' lang='lat' dir='ltr'><strong>nostre</strong></span> <span class='ocrx_word' id='word_1_67' title='bbox 1379 1342 1559 1404; x_wconf 86' lang='lat' dir='ltr'><strong>tenorem</strong></span> <span class='ocrx_word' id='word_1_68' title='bbox 1588 1326 1640 1404; x_wconf 82' lang='lat' dir='ltr'><strong>ab</strong></span> <span class='ocrx_word' id='word_1_69' title='bbox 1683 1322 1884 1433; x_wconf 91' lang='lat' dir='ltr'><strong>aliquibus</strong></span> <span class='ocrx_word' id='word_1_70' title='bbox 1918 1323 2066 1403; x_wconf 90' lang='lat' dir='ltr'><strong>indebite</strong></span> 
     </span>
     <span class='ocr_line' id='line_1_9' title="bbox 310 1433 2067 1544; baseline -0.002 -28"><span class='ocrx_word' id='word_1_71' title='bbox 310 1436 525 1516; x_wconf 87' lang='lat' dir='ltr'><strong>molestari.</strong></span> <span class='ocrx_word' id='word_1_72' title='bbox 567 1433 844 1514; x_wconf 88' lang='lat' dir='ltr'><strong>Molestatores</strong></span> <span class='ocrx_word' id='word_1_73' title='bbox 873 1433 1100 1514; x_wconf 86' lang='lat' dir='ltr'><strong>huiusmodi</strong></span> <span class='ocrx_word' id='word_1_74' title='bbox 1132 1461 1439 1543; x_wconf 88' lang='lat' dir='ltr'><strong>percensuram</strong></span> <span class='ocrx_word' id='word_1_75' title='bbox 1481 1433 1785 1516; x_wconf 87' lang='lat' dir='ltr'><strong>ecclesiasticam</strong></span> <span class='ocrx_word' id='word_1_76' title='bbox 1828 1433 2067 1544; x_wconf 84' lang='lat' dir='ltr'><strong>appellatione</strong></span> 
     </span>
     <span class='ocr_line' id='line_1_10' title="bbox 310 1540 2067 1655; baseline -0.003 -30"><span class='ocrx_word' id='word_1_77' title='bbox 310 1548 536 1655; x_wconf 88' lang='lat' dir='ltr'><strong>postposita</strong></span> <span class='ocrx_word' id='word_1_78' title='bbox 564 1540 864 1651; x_wconf 83' lang='lat' dir='ltr'><strong>compescendo.</strong></span> <span class='ocrx_word' id='word_1_79' title='bbox 909 1545 1059 1624; x_wconf 92' lang='lat' dir='ltr'><strong>Datum</strong></span> <span class='ocrx_word' id='word_1_80' title='bbox 1088 1544 1277 1652; x_wconf 84' lang='lat' dir='ltr'><strong>Lugduni</strong></span> <span class='ocrx_word' id='word_1_81' title='bbox 1306 1543 1375 1624; x_wconf 89' lang='lat' dir='ltr'><strong>VI.</strong></span> <span class='ocrx_word' id='word_1_82' title='bbox 1405 1543 1505 1623; x_wconf 84' lang='lat' dir='ltr'><strong>Jdus</strong></span> <span class='ocrx_word' id='word_1_83' title='bbox 1534 1545 1777 1626; x_wconf 82' lang='lat' dir='ltr'><strong>Decembris.</strong></span> <span class='ocrx_word' id='word_1_84' title='bbox 1805 1643 1809 1650; x_wconf 86' lang='lat'><em>.</em></span> <span class='ocrx_word' id='word_1_85' title='bbox 1836 1542 2067 1626; x_wconf 89' lang='lat' dir='ltr'><strong>Pontificatus</strong></span> 
     </span>
     <span class='ocr_line' id='line_1_11' title="bbox 234 1656 1923 1762; baseline -0.005 -25"><span class='ocrx_word' id='word_1_86' title='bbox 234 1691 237 1698; x_wconf 92' lang='lat'>·</span> <span class='ocrx_word' id='word_1_87' title='bbox 309 1656 441 1762; x_wconf 82' lang='lat' dir='ltr'><strong>nostrj</strong></span> <span class='ocrx_word' id='word_1_88' title='bbox 470 1659 590 1736; x_wconf 86' lang='lat' dir='ltr'><strong>Anno</strong></span> <span class='ocrx_word' id='word_1_89' title='bbox 619 1656 790 1736; x_wconf 88' lang='lat' dir='ltr'><strong>Octauo.</strong></span> <span class='ocrx_word' id='word_1_90' title='bbox 1608 1697 1613 1704; x_wconf 92' lang='lat'><em>-</em></span> <span class='ocrx_word' id='word_1_91' title='bbox 1917 1663 1923 1676; x_wconf 93' lang='grc'><strong>“</strong></span> 
     </span>
    </p>
   </div>
   <div class='ocr_carea' id='block_1_5' title="bbox 556 1793 1792 1882">
    <p class='ocr_par' dir='ltr' id='par_1_5' title="bbox 556 1793 1792 1882">
     <span class='ocr_line' id='line_1_12' title="bbox 556 1793 1792 1882; baseline -0.002 -24"><span class='ocrx_word' id='word_1_92' title='bbox 556 1827 560 1834; x_wconf 89' lang='grc'><strong><em>·</em></strong></span> <span class='ocrx_word' id='word_1_93' title='bbox 619 1793 728 1870; x_wconf 77' lang='lat' dir='ltr'><strong>Bullan</strong></span> <span class='ocrx_word' id='word_1_94' title='bbox 749 1793 874 1882; x_wconf 60' lang='lat' dir='ltr'><strong>salnasJ</strong></span> <span class='ocrx_word' id='word_1_95' title='bbox 895 1813 966 1858; x_wconf 89' lang='lat' dir='ltr'><strong>men</strong></span> <span class='ocrx_word' id='word_1_96' title='bbox 987 1794 1277 1877; x_wconf 77' lang='lat' dir='ltr'><strong>segelgarussndret,</strong></span> <span class='ocrx_word' id='word_1_97' title='bbox 1298 1795 1418 1878; x_wconf 70' lang='lat' dir='ltr'><strong>livarpd</strong></span> <span class='ocrx_word' id='word_1_98' title='bbox 1440 1793 1499 1855; x_wconf 86' lang='lat' dir='ltr'><strong>den</strong></span> <span class='ocrx_word' id='word_1_99' title='bbox 1520 1793 1630 1875; x_wconf 71' lang='lat' dir='ltr'><strong>hunge,</strong></span> <span class='ocrx_word' id='word_1_100' title='bbox 1652 1803 1686 1856; x_wconf 72' lang='lat' dir='ltr'><strong>fit·</strong></span> <span class='ocrx_word' id='word_1_101' title='bbox 1706 1815 1792 1876; x_wconf 68' lang='lat' dir='ltr'><strong>quar.</strong></span> 
     </span>
    </p>
   </div>
   <div class='ocr_carea' id='block_1_6' title="bbox 315 1999 2073 2171">
    <p class='ocr_par' dir='ltr' id='par_1_6' title="bbox 315 1999 2073 2171">
     <span class='ocr_line' id='line_1_13' title="bbox 315 1999 2073 2171; baseline -0.002 -36"><span class='ocrx_word' id='word_1_102' title='bbox 315 2026 448 2155; x_wconf 63' lang='lat'><strong>384.</strong></span> <span class='ocrx_word' id='word_1_103' title='bbox 525 1999 534 2010; x_wconf 43' lang='grc'><strong><em>’</em></strong></span> <span class='ocrx_word' id='word_1_104' title='bbox 937 2028 1091 2134; x_wconf 83' lang='lat'>1250</span> <span class='ocrx_word' id='word_1_105' title='bbox 1137 2025 1186 2130; x_wconf 89' lang='lat' dir='ltr'><strong>d</strong></span> <span class='ocrx_word' id='word_1_106' title='bbox 1236 2027 1306 2132; x_wconf 81' lang='lat'><strong>23</strong></span> <span class='ocrx_word' id='word_1_107' title='bbox 1353 2029 1476 2148; x_wconf 90' lang='lat' dir='ltr'><strong>Dec.</strong></span> <span class='ocrx_word' id='word_1_108' title='bbox 1937 2025 2073 2171; x_wconf 85' lang='lat' dir='ltr'><strong>Lyon</strong></span> 
     </span>
    </p>
   </div>
   <div class='ocr_carea' id='block_1_7' title="bbox 304 2243 2076 2388">
    <p class='ocr_par' dir='ltr' id='par_1_7' title="bbox 304 2243 2076 2388">
     <span class='ocr_line' id='line_1_14' title="bbox 304 2243 2076 2388; baseline -0.003 -79"><span class='ocrx_word' id='word_1_109' title='bbox 304 2243 309 2254; x_wconf 69' lang='grc'><em>“</em></span> <span class='ocrx_word' id='word_1_110' title='bbox 392 2245 483 2309; x_wconf 68' lang='grc' dir='ltr'><strong>Ρέΐν.</strong></span> <span class='ocrx_word' id='word_1_111' title='bbox 505 2243 700 2307; x_wconf 65' lang='lat' dir='ltr'><strong>numnius</strong></span> <span class='ocrx_word' id='word_1_112' title='bbox 721 2244 794 2308; x_wconf 73' lang='lat' dir='ltr'><strong>Nu</strong></span> <span class='ocrx_word' id='word_1_113' title='bbox 814 2247 917 2388; x_wconf 78' lang='lat' dir='ltr'><strong>dppna</strong></span> <span class='ocrx_word' id='word_1_114' title='bbox 938 2245 1016 2304; x_wconf 85' lang='lat' dir='ltr'><strong>Brel</strong></span> <span class='ocrx_word' id='word_1_115' title='bbox 1032 2265 1083 2306; x_wconf 90' lang='lat' dir='ltr'><strong>om</strong></span> <span class='ocrx_word' id='word_1_116' title='bbox 1105 2247 1218 2328; x_wconf 81' lang='lat' dir='ltr'><strong>syretio</strong></span> <span class='ocrx_word' id='word_1_117' title='bbox 1239 2245 1351 2328; x_wconf 76' lang='lat' dir='ltr'><strong>dagans</strong></span> <span class='ocrx_word' id='word_1_118' title='bbox 1384 2247 1458 2309; x_wconf 86' lang='lat' dir='ltr'><strong>allat</strong></span> <span class='ocrx_word' id='word_1_119' title='bbox 1479 2247 1528 2308; x_wconf 80' lang='lat' dir='ltr'><strong>lb&#39;r</strong></span> <span class='ocrx_word' id='word_1_120' title='bbox 1549 2246 1622 2324; x_wconf 83' lang='lat' dir='ltr'><strong>nlla,</strong></span> <span class='ocrx_word' id='word_1_121' title='bbox 1644 2267 1710 2308; x_wconf 87' lang='lat' dir='ltr'><strong>som</strong></span> <span class='ocrx_word' id='word_1_122' title='bbox 1731 2245 1771 2330; x_wconf 74' lang='lat' dir='ltr'><strong>ps</strong></span> <span class='ocrx_word' id='word_1_123' title='bbox 1794 2245 1841 2308; x_wconf 75' lang='lat' dir='ltr'><strong>Sst</strong></span> <span class='ocrx_word' id='word_1_124' title='bbox 1861 2246 2013 2307; x_wconf 83' lang='lat' dir='ltr'><strong>Laurentii</strong></span> <span class='ocrx_word' id='word_1_125' title='bbox 2030 2243 2076 2322; x_wconf 66' lang='lat' dir='ltr'><strong>dag</strong></span> 
     </span>
    </p>
   </div>
   <div class='ocr_carea' id='block_1_8' title="bbox 443 2325 1959 2464">
    <p class='ocr_par' dir='ltr' id='par_1_8' title="bbox 443 2325 1959 2464">
     <span class='ocr_line' id='line_1_15' title="bbox 443 2325 1959 2464; baseline 0.05 -75"><span class='ocrx_word' id='word_1_126' title='bbox 443 2327 568 2392; x_wconf 58' lang='lat' dir='ltr'><strong>bosone</strong></span> <span class='ocrx_word' id='word_1_127' title='bbox 589 2327 711 2409; x_wconf 61' lang='lat' dir='ltr'><strong>kyrian</strong></span> <span class='ocrx_word' id='word_1_128' title='bbox 733 2331 743 2388; x_wconf 86' lang='lat' dir='ltr'><strong>i</strong></span> <span class='ocrx_word' id='word_1_129' title='bbox 765 2327 852 2411; x_wconf 73' lang='lat' dir='ltr'><strong>UP⁹⁸</strong></span> <span class='ocrx_word' id='word_1_130' title='bbox 865 2325 1571 2412; x_wconf 46' lang='grc' dir='ltr'><strong>θ’’112ῗόοὶἱῃοωεηᾶὼὸπάωῆω</strong></span> <span class='ocrx_word' id='word_1_131' title='bbox 1637 2373 1639 2381; x_wconf 33' lang='grc' dir='ltr'>Ι</span> <span class='ocrx_word' id='word_1_132' title='bbox 1783 2411 1854 2464; x_wconf 60' lang='grc' dir='ltr'><strong>ΑΛ</strong></span> <span class='ocrx_word' id='word_1_133' title='bbox 1882 2426 1906 2464; x_wconf 72' lang='grc' dir='ltr'>ι</span> <span class='ocrx_word' id='word_1_134' title='bbox 1926 2411 1959 2464; x_wconf 77' lang='lat'><strong>23</strong></span> 
     </span>
    </p>
   </div>
   <div class='ocr_carea' id='block_1_9' title="bbox 252 2539 2085 4198">
    <p class='ocr_par' dir='ltr' id='par_1_9' title="bbox 252 2539 2085 4198">
     <span class='ocr_line' id='line_1_16' title="bbox 476 2539 2076 2655; baseline -0.005 -31"><span class='ocrx_word' id='word_1_135' title='bbox 476 2547 746 2627; x_wconf 78' lang='lat' dir='ltr'><strong>Jurtoctursus</strong></span> <span class='ocrx_word' id='word_1_136' title='bbox 776 2547 990 2655; x_wconf 90' lang='lat' dir='ltr'><strong>episcopus</strong></span> <span class='ocrx_word' id='word_1_137' title='bbox 1017 2571 1156 2624; x_wconf 89' lang='lat' dir='ltr'><strong>seruus</strong></span> <span class='ocrx_word' id='word_1_138' title='bbox 1191 2573 1399 2627; x_wconf 90' lang='lat' dir='ltr'><strong>seruorum</strong></span> <span class='ocrx_word' id='word_1_139' title='bbox 1433 2547 1508 2632; x_wconf 89' lang='lat' dir='ltr'><strong>dei.</strong></span> <span class='ocrx_word' id='word_1_140' title='bbox 1559 2547 1764 2625; x_wconf 90' lang='lat' dir='ltr'><strong>Uniuersis</strong></span> <span class='ocrx_word' id='word_1_141' title='bbox 1808 2543 1947 2623; x_wconf 83' lang='lat' dir='ltr'><strong>christi</strong></span> <span class='ocrx_word' id='word_1_142' title='bbox 1975 2539 2076 2619; x_wconf 84' lang='lat' dir='ltr'><strong>fideli</strong></span> 
     </span>
     <span class='ocr_line' id='line_1_17' title="bbox 283 2651 2077 2766; baseline -0.005 -29"><span class='ocrx_word' id='word_1_143' title='bbox 283 2656 388 2754; x_wconf 73' lang='lat' dir='ltr'><strong>,bus</strong></span> <span class='ocrx_word' id='word_1_144' title='bbox 413 2673 619 2762; x_wconf 83' lang='lat' dir='ltr'><strong>presentes</strong></span> <span class='ocrx_word' id='word_1_145' title='bbox 648 2657 801 2735; x_wconf 88' lang='lat' dir='ltr'><strong>litteras</strong></span> <span class='ocrx_word' id='word_1_146' title='bbox 828 2658 1079 2764; x_wconf 87' lang='lat' dir='ltr'><strong>inspecturis.</strong></span> <span class='ocrx_word' id='word_1_147' title='bbox 1110 2655 1286 2736; x_wconf 86' lang='lat' dir='ltr'><strong>Salutem</strong></span> <span class='ocrx_word' id='word_1_148' title='bbox 1301 2676 1341 2739; x_wconf 89' lang='lat' dir='ltr'><strong>et</strong></span> <span class='ocrx_word' id='word_1_149' title='bbox 1357 2658 1617 2766; x_wconf 90' lang='lat' dir='ltr'><strong>apostolicam</strong></span> <span class='ocrx_word' id='word_1_150' title='bbox 1633 2654 1967 2736; x_wconf 90' lang='lat' dir='ltr'><strong>benedictionem.</strong></span> <span class='ocrx_word' id='word_1_151' title='bbox 1994 2651 2077 2728; x_wconf 89' lang='lat' dir='ltr'><strong>Loca</strong></span> 
     </span>
     <span class='ocr_line' id='line_1_18' title="bbox 309 2761 2074 2873; baseline -0.006 -27"><span class='ocrx_word' id='word_1_152' title='bbox 309 2781 541 2848; x_wconf 85' lang='lat' dir='ltr'><strong>sanctorum</strong></span> <span class='ocrx_word' id='word_1_153' title='bbox 569 2766 748 2845; x_wconf 90' lang='lat' dir='ltr'><strong>omnium</strong></span> <span class='ocrx_word' id='word_1_154' title='bbox 777 2767 844 2873; x_wconf 88' lang='lat' dir='ltr'><strong>pia</strong></span> <span class='ocrx_word' id='word_1_155' title='bbox 872 2784 913 2845; x_wconf 91' lang='lat' dir='ltr'><strong>et</strong></span> <span class='ocrx_word' id='word_1_156' title='bbox 941 2784 1129 2873; x_wconf 88' lang='lat' dir='ltr'><strong>prompta</strong></span> <span class='ocrx_word' id='word_1_157' title='bbox 1158 2763 1375 2847; x_wconf 91' lang='lat' dir='ltr'><strong>deuotione</strong></span> <span class='ocrx_word' id='word_1_158' title='bbox 1413 2785 1507 2847; x_wconf 86' lang='lat' dir='ltr'><strong>sunt</strong></span> <span class='ocrx_word' id='word_1_159' title='bbox 1536 2796 1558 2844; x_wconf 87' lang='lat' dir='ltr'><strong>a</strong></span> <span class='ocrx_word' id='word_1_160' title='bbox 1586 2767 1726 2846; x_wconf 89' lang='lat' dir='ltr'><strong>christi</strong></span> <span class='ocrx_word' id='word_1_161' title='bbox 1760 2761 1948 2870; x_wconf 87' lang='lat' dir='ltr'><strong>fidelibus</strong></span> <span class='ocrx_word' id='word_1_162' title='bbox 1976 2785 2074 2839; x_wconf 82' lang='lat' dir='ltr'><strong>uene</strong></span> 
     </span>
     <span class='ocr_line' id='line_1_19' title="bbox 300 2867 2078 2985; baseline -0.006 -29"><span class='ocrx_word' id='word_1_163' title='bbox 300 2867 451 2956; x_wconf 24' lang='lat' dir='ltr'><strong>,rande</strong></span> <span class='ocrx_word' id='word_1_164' title='bbox 485 2890 533 2956; x_wconf 92' lang='lat' dir='ltr'><strong>ut</strong></span> <span class='ocrx_word' id='word_1_165' title='bbox 561 2873 658 2954; x_wconf 81' lang='lat' dir='ltr'><strong>du&#39;m</strong></span> <span class='ocrx_word' id='word_1_166' title='bbox 686 2871 751 2956; x_wconf 90' lang='lat' dir='ltr'><strong>dei</strong></span> <span class='ocrx_word' id='word_1_167' title='bbox 779 2875 1023 2955; x_wconf 85' lang='lat' dir='ltr'><strong>honoramus</strong></span> <span class='ocrx_word' id='word_1_168' title='bbox 1051 2875 1217 2972; x_wconf 87' lang='lat' dir='ltr'><strong>amicos,</strong></span> <span class='ocrx_word' id='word_1_169' title='bbox 1246 2878 1324 2985; x_wconf 80' lang='lat' dir='ltr'><strong>ipsi</strong></span> <span class='ocrx_word' id='word_1_170' title='bbox 1353 2905 1425 2956; x_wconf 90' lang='lat' dir='ltr'><strong>nos</strong></span> <span class='ocrx_word' id='word_1_171' title='bbox 1455 2876 1643 2959; x_wconf 84' lang='lat' dir='ltr'><strong>amabiles</strong></span> <span class='ocrx_word' id='word_1_172' title='bbox 1673 2875 1751 2956; x_wconf 93' lang='lat' dir='ltr'><strong>deo</strong></span> <span class='ocrx_word' id='word_1_173' title='bbox 1780 2871 1973 2966; x_wconf 87' lang='lat' dir='ltr'><strong>reddant,</strong></span> <span class='ocrx_word' id='word_1_174' title='bbox 1999 2867 2078 2948; x_wconf 91' lang='lat' dir='ltr'><strong>etil-</strong></span> 
     </span>
     <span class='ocr_line' id='line_1_20' title="bbox 310 2979 2079 3095; baseline 0 -31"><span class='ocrx_word' id='word_1_175' title='bbox 310 2983 444 3067; x_wconf 89' lang='lat' dir='ltr'><strong>lorum</strong></span> <span class='ocrx_word' id='word_1_176' title='bbox 472 2985 590 3066; x_wconf 90' lang='lat' dir='ltr'><strong>nobis</strong></span> <span class='ocrx_word' id='word_1_177' title='bbox 617 2983 876 3065; x_wconf 86' lang='lat' dir='ltr'><strong>nendicantes</strong></span> <span class='ocrx_word' id='word_1_178' title='bbox 906 2984 1203 3094; x_wconf 91' lang='lat' dir='ltr'><strong>quodammodo</strong></span> <span class='ocrx_word' id='word_1_179' title='bbox 1232 2989 1501 3095; x_wconf 88' lang='lat' dir='ltr'><strong>patrocinium</strong></span> <span class='ocrx_word' id='word_1_180' title='bbox 1530 2984 1640 3094; x_wconf 93' lang='lat' dir='ltr'><strong>apud</strong></span> <span class='ocrx_word' id='word_1_181' title='bbox 1656 2989 1805 3093; x_wconf 91' lang='lat' dir='ltr'><strong>ipsum,</strong></span> <span class='ocrx_word' id='word_1_182' title='bbox 1833 2983 1948 3092; x_wconf 90' lang='lat' dir='ltr'><strong>quod</strong></span> <span class='ocrx_word' id='word_1_183' title='bbox 1963 2979 2079 3064; x_wconf 73' lang='lat' dir='ltr'><strong>merita</strong></span> 
     </span>
     <span class='ocr_line' id='line_1_21' title="bbox 310 3085 2080 3199; baseline -0.006 -23"><span class='ocrx_word' id='word_1_184' title='bbox 310 3111 451 3176; x_wconf 87' lang='lat' dir='ltr'><strong>nostra</strong></span> <span class='ocrx_word' id='word_1_185' title='bbox 479 3123 565 3175; x_wconf 90' lang='lat' dir='ltr'><strong>non</strong></span> <span class='ocrx_word' id='word_1_186' title='bbox 592 3093 799 3191; x_wconf 84' lang='lat' dir='ltr'><strong>obtinent,</strong></span> <span class='ocrx_word' id='word_1_187' title='bbox 827 3121 968 3175; x_wconf 91' lang='lat' dir='ltr'><strong>eorum</strong></span> <span class='ocrx_word' id='word_1_188' title='bbox 996 3122 1219 3175; x_wconf 86' lang='lat' dir='ltr'><strong>mereamur</strong></span> <span class='ocrx_word' id='word_1_189' title='bbox 1248 3099 1600 3178; x_wconf 89' lang='lat' dir='ltr'><strong>intercessionibus</strong></span> <span class='ocrx_word' id='word_1_190' title='bbox 1628 3096 1824 3176; x_wconf 87' lang='lat' dir='ltr'><strong>obtinere.</strong></span> <span class='ocrx_word' id='word_1_191' title='bbox 1886 3085 2080 3199; x_wconf 86' lang='lat' dir='ltr'><strong>Cupientes</strong></span> 
     </span>
     <span class='ocr_line' id='line_1_22' title="bbox 252 3198 2081 3320; baseline -0.003 -37"><span class='ocrx_word' id='word_1_192' title='bbox 252 3216 257 3225; x_wconf 88' lang='lat'><em>&#39;</em></span> <span class='ocrx_word' id='word_1_193' title='bbox 310 3205 436 3320; x_wconf 84' lang='lat' dir='ltr'><strong>igitur</strong></span> <span class='ocrx_word' id='word_1_194' title='bbox 461 3222 510 3285; x_wconf 91' lang='lat' dir='ltr'><strong>ut</strong></span> <span class='ocrx_word' id='word_1_195' title='bbox 537 3202 712 3286; x_wconf 85' lang='lat' dir='ltr'><strong>Ecclesia</strong></span> <span class='ocrx_word' id='word_1_196' title='bbox 743 3204 976 3312; x_wconf 86' lang='lat' dir='ltr'><strong>Vpsalensis</strong></span> <span class='ocrx_word' id='word_1_197' title='bbox 991 3205 1057 3285; x_wconf 69' lang='lat' dir='ltr'><strong>‘ad</strong></span> <span class='ocrx_word' id='word_1_198' title='bbox 1085 3233 1207 3314; x_wconf 86' lang='lat' dir='ltr'><strong>quam</strong></span> <span class='ocrx_word' id='word_1_199' title='bbox 1235 3207 1340 3286; x_wconf 91' lang='lat' dir='ltr'><strong>sicut</strong></span> <span class='ocrx_word' id='word_1_200' title='bbox 1370 3198 1621 3297; x_wconf 80' lang='lat' dir='ltr'><strong>Venerabilis</strong></span> <span class='ocrx_word' id='word_1_201' title='bbox 1638 3205 1762 3296; x_wconf 87' lang='lat' dir='ltr'><strong>frater</strong></span> <span class='ocrx_word' id='word_1_202' title='bbox 1784 3221 1924 3284; x_wconf 90' lang='lat' dir='ltr'><strong>noster</strong></span> <span class='ocrx_word' id='word_1_203' title='bbox 1953 3265 1961 3282; x_wconf 93' lang='lat'><strong>.</strong></span> <span class='ocrx_word' id='word_1_204' title='bbox 1990 3264 1997 3280; x_wconf 94' lang='lat'><strong>.</strong></span> <span class='ocrx_word' id='word_1_205' title='bbox 2023 3203 2081 3278; x_wconf 82' lang='lat' dir='ltr'><strong>Ar·</strong></span> 
     </span>
     <span class='ocr_line' id='line_1_23' title="bbox 311 3313 2080 3424; baseline -0.005 -30"><span class='ocrx_word' id='word_1_206' title='bbox 311 3314 591 3422; x_wconf 87' lang='lat' dir='ltr'><strong>chiepiscopus</strong></span> <span class='ocrx_word' id='word_1_207' title='bbox 620 3315 852 3424; x_wconf 89' lang='lat' dir='ltr'><strong>Vpsalensis</strong></span> <span class='ocrx_word' id='word_1_208' title='bbox 881 3342 951 3394; x_wconf 87' lang='lat' dir='ltr'><strong>sua</strong></span> <span class='ocrx_word' id='word_1_209' title='bbox 981 3315 1099 3394; x_wconf 88' lang='lat' dir='ltr'><strong>nobis</strong></span> <span class='ocrx_word' id='word_1_210' title='bbox 1119 3317 1400 3398; x_wconf 79' lang='lat' dir='ltr'><strong>&#39;insinuatione</strong></span> <span class='ocrx_word' id='word_1_211' title='bbox 1417 3318 1668 3398; x_wconf 88' lang='lat' dir='ltr'><strong>monstrauit.</strong></span> <span class='ocrx_word' id='word_1_212' title='bbox 1697 3319 1740 3395; x_wconf 91' lang='lat' dir='ltr'><strong>in</strong></span> <span class='ocrx_word' id='word_1_213' title='bbox 1755 3315 1857 3401; x_wconf 84' lang='lat' dir='ltr'><strong>festo</strong></span> <span class='ocrx_word' id='word_1_214' title='bbox 1872 3313 1983 3393; x_wconf 89' lang='lat' dir='ltr'><strong>beati</strong></span> <span class='ocrx_word' id='word_1_215' title='bbox 1997 3313 2080 3390; x_wconf 90' lang='lat' dir='ltr'><strong>Lau·</strong></span> 
     </span>
     <span class='ocr_line' id='line_1_24' title="bbox 310 3419 2081 3531; baseline -0.006 -26"><span class='ocrx_word' id='word_1_216' title='bbox 310 3425 432 3531; x_wconf 85' lang='lat' dir='ltr'><strong>rentij</strong></span> <span class='ocrx_word' id='word_1_217' title='bbox 460 3425 634 3505; x_wconf 83' lang='lat' dir='ltr'><strong>martiris</strong></span> <span class='ocrx_word' id='word_1_218' title='bbox 677 3426 720 3516; x_wconf 89' lang='lat' dir='ltr'><strong>iu</strong></span> <span class='ocrx_word' id='word_1_219' title='bbox 761 3426 876 3516; x_wconf 91' lang='lat' dir='ltr'><strong>cuius</strong></span> <span class='ocrx_word' id='word_1_220' title='bbox 905 3440 963 3508; x_wconf 84' lang='lat' dir='ltr'><strong>est</strong></span> <span class='ocrx_word' id='word_1_221' title='bbox 990 3425 1146 3514; x_wconf 90' lang='lat' dir='ltr'><strong>honore</strong></span> <span class='ocrx_word' id='word_1_222' title='bbox 1182 3425 1359 3522; x_wconf 85' lang='lat' dir='ltr'><strong>fundata,</strong></span> <span class='ocrx_word' id='word_1_223' title='bbox 1388 3426 1566 3516; x_wconf 83' lang='lat' dir='ltr'><strong>fidelium</strong></span> <span class='ocrx_word' id='word_1_224' title='bbox 1608 3424 1777 3522; x_wconf 85' lang='lat' dir='ltr'><strong>confluit</strong></span> <span class='ocrx_word' id='word_1_225' title='bbox 1798 3452 1906 3524; x_wconf 27' lang='lat' dir='ltr'><strong>,non</strong></span> <span class='ocrx_word' id='word_1_226' title='bbox 1948 3419 2081 3504; x_wconf 85' lang='lat' dir='ltr'><strong>modica</strong></span> 
     </span>
     <span class='ocr_line' id='line_1_25' title="bbox 310 3528 2082 3646; baseline -0.006 -29"><span class='ocrx_word' id='word_1_227' title='bbox 310 3534 530 3624; x_wconf 88' lang='lat' dir='ltr'><strong>multitudo</strong></span> <span class='ocrx_word' id='word_1_228' title='bbox 559 3561 636 3620; x_wconf 87' lang='lat' dir='ltr'><strong>con</strong></span> <span class='ocrx_word' id='word_1_229' title='bbox 666 3537 750 3614; x_wconf 89' lang='lat' dir='ltr'><strong>ruis</strong></span> <span class='ocrx_word' id='word_1_230' title='bbox 782 3535 1005 3616; x_wconf 86' lang='lat' dir='ltr'><strong>honoribus</strong></span> <span class='ocrx_word' id='word_1_231' title='bbox 1029 3531 1318 3646; x_wconf 84' lang='lat' dir='ltr'><strong>frequentetur.</strong></span> <span class='ocrx_word' id='word_1_232' title='bbox 1352 3555 1392 3617; x_wconf 92' lang='lat' dir='ltr'><strong>et</strong></span> <span class='ocrx_word' id='word_1_233' title='bbox 1423 3537 1657 3618; x_wconf 89' lang='lat' dir='ltr'><strong>accedentes</strong></span> <span class='ocrx_word' id='word_1_234' title='bbox 1685 3536 1736 3616; x_wconf 90' lang='lat' dir='ltr'><strong>ad</strong></span> <span class='ocrx_word' id='word_1_235' title='bbox 1752 3563 1837 3616; x_wconf 90' lang='lat' dir='ltr'><strong>eam</strong></span> <span class='ocrx_word' id='word_1_236' title='bbox 1860 3535 2015 3615; x_wconf 88' lang='lat' dir='ltr'><strong>celestis</strong></span> <span class='ocrx_word' id='word_1_237' title='bbox 2027 3528 2082 3612; x_wconf 89' lang='lat' dir='ltr'><strong>do·</strong></span> 
     </span>
     <span class='ocr_line' id='line_1_26' title="bbox 311 3565 2083 3772; baseline -0.002 -46"><span class='ocrx_word' id='word_1_238' title='bbox 311 3672 366 3728; x_wconf 88' lang='lat' dir='ltr'><strong>no</strong></span> <span class='ocrx_word' id='word_1_239' title='bbox 395 3645 524 3755; x_wconf 87' lang='lat' dir='ltr'><strong>gratie</strong></span> <span class='ocrx_word' id='word_1_240' title='bbox 545 3565 755 3772; x_wconf 78' lang='lat' dir='ltr'><strong>gaudeant</strong></span> <span class='ocrx_word' id='word_1_241' title='bbox 782 3671 823 3724; x_wconf 89' lang='lat' dir='ltr'><strong>se</strong></span> <span class='ocrx_word' id='word_1_242' title='bbox 851 3644 1030 3738; x_wconf 84' lang='lat' dir='ltr'><strong>refectos.</strong></span> <span class='ocrx_word' id='word_1_243' title='bbox 1067 3648 1254 3728; x_wconf 91' lang='lat' dir='ltr'><strong>omnibus</strong></span> <span class='ocrx_word' id='word_1_244' title='bbox 1282 3639 1377 3728; x_wconf 86' lang='lat' dir='ltr'><strong>uere</strong></span> <span class='ocrx_word' id='word_1_245' title='bbox 1413 3645 1687 3760; x_wconf 88' lang='lat' dir='ltr'><strong>penitentibus</strong></span> <span class='ocrx_word' id='word_1_246' title='bbox 1721 3662 1762 3728; x_wconf 88' lang='lat' dir='ltr'><strong>et</strong></span> <span class='ocrx_word' id='word_1_247' title='bbox 1790 3646 2002 3736; x_wconf 86' lang='lat' dir='ltr'><strong>confessis,</strong></span> <span class='ocrx_word' id='word_1_248' title='bbox 2030 3637 2083 3762; x_wconf 68' lang='lat' dir='ltr'><strong>qui</strong></span> 
     </span>
     <span class='ocr_line' id='line_1_27' title="bbox 312 3751 2084 3852; baseline -0.007 -15"><span class='ocrx_word' id='word_1_249' title='bbox 312 3756 555 3838; x_wconf 88' lang='lat' dir='ltr'><strong>ccclesiam1</strong></span> <span class='ocrx_word' id='word_1_250' title='bbox 585 3783 669 3834; x_wconf 90' lang='lat' dir='ltr'><strong>sam</strong></span> <span class='ocrx_word' id='word_1_251' title='bbox 697 3757 740 3834; x_wconf 90' lang='lat' dir='ltr'><strong>in</strong></span> <span class='ocrx_word' id='word_1_252' title='bbox 768 3753 907 3834; x_wconf 91' lang='lat' dir='ltr'><strong>eodem</strong></span> <span class='ocrx_word' id='word_1_253' title='bbox 939 3755 1051 3848; x_wconf 85' lang='lat' dir='ltr'><strong>festo,</strong></span> <span class='ocrx_word' id='word_1_254' title='bbox 1080 3773 1122 3834; x_wconf 90' lang='lat' dir='ltr'><strong>et</strong></span> <span class='ocrx_word' id='word_1_255' title='bbox 1152 3755 1255 3838; x_wconf 80' lang='lat' dir='ltr'><strong>infra</strong></span> <span class='ocrx_word' id='word_1_256' title='bbox 1284 3774 1469 3852; x_wconf 78' lang='lat' dir='ltr'><strong>octenas,</strong></span> <span class='ocrx_word' id='word_1_257' title='bbox 1486 3757 1681 3852; x_wconf 86' lang='lat' dir='ltr'><strong>eiusdem,</strong></span> <span class='ocrx_word' id='word_1_258' title='bbox 1709 3755 1995 3844; x_wconf 82' lang='lat' dir='ltr'><strong>uenerabiliter</strong></span> <span class='ocrx_word' id='word_1_259' title='bbox 2009 3751 2084 3834; x_wconf 83' lang='lat' dir='ltr'><strong>uiu-</strong></span> 
     </span>
     <span class='ocr_line' id='line_1_28' title="bbox 312 3859 2085 3972; baseline -0.005 -26"><span class='ocrx_word' id='word_1_260' title='bbox 312 3859 501 3946; x_wconf 75' lang='lat' dir='ltr'><strong>lauerint.</strong></span> <span class='ocrx_word' id='word_1_261' title='bbox 561 3892 582 3945; x_wconf 90' lang='lat' dir='ltr'><strong>e</strong></span> <span class='ocrx_word' id='word_1_262' title='bbox 611 3865 897 3972; x_wconf 87' lang='lat' dir='ltr'><strong>omnipotentis</strong></span> <span class='ocrx_word' id='word_1_263' title='bbox 932 3865 998 3945; x_wconf 90' lang='lat' dir='ltr'><strong>dei</strong></span> <span class='ocrx_word' id='word_1_264' title='bbox 1033 3865 1306 3947; x_wconf 83' lang='lat' dir='ltr'><strong>misericordia</strong></span> <span class='ocrx_word' id='word_1_265' title='bbox 1334 3884 1375 3948; x_wconf 93' lang='lat' dir='ltr'><strong>et</strong></span> <span class='ocrx_word' id='word_1_266' title='bbox 1403 3870 1614 3954; x_wconf 86' lang='lat' dir='ltr'><strong>beatorum</strong></span> <span class='ocrx_word' id='word_1_267' title='bbox 1661 3869 1768 3950; x_wconf 84' lang='lat' dir='ltr'><strong>Petri</strong></span> <span class='ocrx_word' id='word_1_268' title='bbox 1796 3883 1837 3954; x_wconf 84' lang='lat' dir='ltr'><strong>et</strong></span> <span class='ocrx_word' id='word_1_269' title='bbox 1866 3865 1983 3946; x_wconf 90' lang='lat' dir='ltr'><strong>Pauli</strong></span> <span class='ocrx_word' id='word_1_270' title='bbox 2009 3884 2085 3966; x_wconf 75' lang='lat' dir='ltr'><strong>ape</strong></span> 
     </span>
     <span class='ocr_line' id='line_1_29' title="bbox 314 3973 2085 4088; baseline -0.006 -30"><span class='ocrx_word' id='word_1_271' title='bbox 314 3977 512 4066; x_wconf 86' lang='lat' dir='ltr'><strong>stolorum</strong></span> <span class='ocrx_word' id='word_1_272' title='bbox 540 3977 625 4057; x_wconf 89' lang='lat' dir='ltr'><strong>eius</strong></span> <span class='ocrx_word' id='word_1_273' title='bbox 648 3977 888 4055; x_wconf 84' lang='lat' dir='ltr'><strong>auctoritate</strong></span> <span class='ocrx_word' id='word_1_274' title='bbox 916 3975 1067 4056; x_wconf 86' lang='lat' dir='ltr'><strong>conlisi.</strong></span> <span class='ocrx_word' id='word_1_275' title='bbox 1096 3979 1373 4088; x_wconf 84' lang='lat' dir='ltr'><strong>Quadraginta</strong></span> <span class='ocrx_word' id='word_1_276' title='bbox 1403 3978 1487 4058; x_wconf 88' lang='lat' dir='ltr'><strong>dies</strong></span> <span class='ocrx_word' id='word_1_277' title='bbox 1517 3976 1567 4057; x_wconf 92' lang='lat' dir='ltr'><strong>de</strong></span> <span class='ocrx_word' id='word_1_278' title='bbox 1596 3978 1786 4057; x_wconf 89' lang='lat' dir='ltr'><strong>iniunctis</strong></span> <span class='ocrx_word' id='word_1_279' title='bbox 1814 3973 1894 4055; x_wconf 85' lang='lat' dir='ltr'><strong>sibi</strong></span> <span class='ocrx_word' id='word_1_280' title='bbox 1926 3973 2085 4083; x_wconf 85' lang='lat' dir='ltr'><strong>peniten-</strong></span> 
     </span>
     <span class='ocr_line' id='line_1_30' title="bbox 315 4083 2081 4198; baseline -0.005 -33"><span class='ocrx_word' id='word_1_281' title='bbox 315 4085 381 4194; x_wconf 84' lang='lat' dir='ltr'><strong>tiJ&#39;s</strong></span> <span class='ocrx_word' id='word_1_282' title='bbox 410 4086 523 4166; x_wconf 86' lang='lat' dir='ltr'><strong>annis</strong></span> <span class='ocrx_word' id='word_1_283' title='bbox 552 4085 732 4196; x_wconf 87' lang='lat' dir='ltr'><strong>singulis,</strong></span> <span class='ocrx_word' id='word_1_284' title='bbox 761 4085 1071 4166; x_wconf 89' lang='lat' dir='ltr'><strong>misericorditer</strong></span> <span class='ocrx_word' id='word_1_285' title='bbox 1099 4083 1333 4178; x_wconf 77' lang='lat' dir='ltr'><strong>relaxamus.</strong></span> <span class='ocrx_word' id='word_1_286' title='bbox 1370 4091 1516 4168; x_wconf 89' lang='lat' dir='ltr'><strong>Datum</strong></span> <span class='ocrx_word' id='word_1_287' title='bbox 1545 4085 1738 4198; x_wconf 86' lang='lat' dir='ltr'><strong>Lugduni</strong></span> <span class='ocrx_word' id='word_1_288' title='bbox 1765 4085 1804 4178; x_wconf 86' lang='lat' dir='ltr'>X</span> <span class='ocrx_word' id='word_1_289' title='bbox 1832 4085 1912 4166; x_wconf 87' lang='lat' dir='ltr'><strong>kal.</strong></span> <span class='ocrx_word' id='word_1_290' title='bbox 1942 4087 2081 4164; x_wconf 82' lang='lat' dir='ltr'><strong>Januar.</strong></span> 
     </span>
    </p>
   </div>
   <div class='ocr_carea' id='block_1_10' title="bbox 318 4195 1614 4388">
    <p class='ocr_par' dir='ltr' id='par_1_10' title="bbox 318 4195 1614 4388">
     <span class='ocr_line' id='line_1_31' title="bbox 318 4195 1600 4304; baseline -0.004 -27"><span class='ocrx_word' id='word_1_291' title='bbox 318 4197 580 4289; x_wconf 77' lang='lat' dir='ltr'><strong>Pontificatus</strong></span> <span class='ocrx_word' id='word_1_292' title='bbox 607 4195 737 4304; x_wconf 78' lang='lat' dir='ltr'><strong>uostrj</strong></span> <span class='ocrx_word' id='word_1_293' title='bbox 766 4201 886 4276; x_wconf 86' lang='lat' dir='ltr'><strong>Anno</strong></span> <span class='ocrx_word' id='word_1_294' title='bbox 915 4197 1083 4275; x_wconf 89' lang='lat' dir='ltr'><strong>Octauo.</strong></span> <span class='ocrx_word' id='word_1_295' title='bbox 1596 4243 1600 4254; x_wconf 92' lang='lat'><em>·</em></span> 
     </span>
     <span class='ocr_line' id='line_1_32' title="bbox 725 4303 1614 4388; baseline 0 -22"><span class='ocrx_word' id='word_1_296' title='bbox 725 4312 727 4316; x_wconf 87' lang='grc'><strong>’</strong></span> <span class='ocrx_word' id='word_1_297' title='bbox 806 4305 917 4377; x_wconf 88' lang='lat' dir='ltr'><strong>Bullan</strong></span> <span class='ocrx_word' id='word_1_298' title='bbox 938 4303 1122 4368; x_wconf 73' lang='lat' dir='ltr'><strong>bct-tlallent</strong></span> <span class='ocrx_word' id='word_1_299' title='bbox 1142 4305 1219 4368; x_wconf 77' lang='lat' dir='ltr'><strong>rdda</strong></span> <span class='ocrx_word' id='word_1_300' title='bbox 1239 4305 1301 4369; x_wconf 89' lang='lat' dir='ltr'><strong>och</strong></span> <span class='ocrx_word' id='word_1_301' title='bbox 1322 4307 1394 4388; x_wconf 76' lang='lat' dir='ltr'><strong>gula</strong></span> <span class='ocrx_word' id='word_1_302' title='bbox 1416 4307 1508 4369; x_wconf 79' lang='lat' dir='ltr'><strong>sillet</strong></span> <span class='ocrx_word' id='word_1_303' title='bbox 1528 4326 1614 4388; x_wconf 86' lang='lat' dir='ltr'><strong>qvar.</strong></span> 
     </span>
    </p>
   </div>
   <div class='ocr_carea' id='block_1_11' title="bbox 323 4463 1297 4622">
    <p class='ocr_par' dir='ltr' id='par_1_11' title="bbox 323 4463 1297 4622">
     <span class='ocr_line' id='line_1_33' title="bbox 323 4463 1297 4622; baseline 0.004 -55"><span class='ocrx_word' id='word_1_304' title='bbox 323 4463 454 4571; x_wconf 80' lang='lat'><strong>385.</strong></span> <span class='ocrx_word' id='word_1_305' title='bbox 1131 4469 1297 4622; x_wconf 84' lang='lat' dir='ltr'><strong>125o.</strong></span> 
     </span>
    </p>
   </div>
   <div class='ocr_carea' id='block_1_12' title="bbox 400 4681 2089 4852">
    <p class='ocr_par' dir='ltr' id='par_1_12' title="bbox 400 4681 2089 4852">
     <span class='ocr_line' id='line_1_34' title="bbox 400 4681 2089 4852; baseline 0.005 -108"><span class='ocrx_word' id='word_1_306' title='bbox 400 4682 965 4852; x_wconf 50' lang='lat' dir='ltr'><strong>Dlffffissfjlllgifflm</strong></span> <span class='ocrx_word' id='word_1_307' title='bbox 982 4685 1024 4778; x_wconf 81' lang='lat' dir='ltr'><strong>pd</strong></span> <span class='ocrx_word' id='word_1_308' title='bbox 1045 4701 1115 4756; x_wconf 76' lang='lat' dir='ltr'><strong>stne</strong></span> <span class='ocrx_word' id='word_1_309' title='bbox 1134 4681 1282 4826; x_wconf 58' lang='lat' dir='ltr'><strong>,gir-dari</strong></span> <span class='ocrx_word' id='word_1_310' title='bbox 1302 4683 1357 4747; x_wconf 88' lang='lat' dir='ltr'><strong>Kil</strong></span> <span class='ocrx_word' id='word_1_311' title='bbox 1379 4685 1427 4746; x_wconf 83' lang='lat' dir='ltr'><strong>till</strong></span> <span class='ocrx_word' id='word_1_312' title='bbox 1448 4688 1618 4759; x_wconf 75' lang='lat' dir='ltr'><strong>Nunnorna</strong></span> <span class='ocrx_word' id='word_1_313' title='bbox 1639 4689 1649 4748; x_wconf 88' lang='lat' dir='ltr'><strong>l</strong></span> <span class='ocrx_word' id='word_1_314' title='bbox 1673 4685 1831 4752; x_wconf 80' lang='lat' dir='ltr'><strong>Gudheme</strong></span> <span class='ocrx_word' id='word_1_315' title='bbox 1861 4686 1981 4750; x_wconf 77' lang='lat' dir='ltr'><strong>kloster</strong></span> <span class='ocrx_word' id='word_1_316' title='bbox 2000 4685 2044 4753; x_wconf 80' lang='lat' dir='ltr'><strong>so&#39;r</strong></span> <span class='ocrx_word' id='word_1_317' title='bbox 2060 4701 2089 4742; x_wconf 69' lang='grc' dir='ltr'><strong>θ·</strong></span> 
     </span>
    </p>
   </div>
   <div class='ocr_carea' id='block_1_13' title="bbox 1501 4826 1979 4920">
    <p class='ocr_par' dir='ltr' id='par_1_13' title="bbox 1501 4826 1979 4920">
     <span class='ocr_line' id='line_1_35' title="bbox 1501 4826 1979 4920; baseline 0 -16"><span class='ocrx_word' id='word_1_318' title='bbox 1501 4847 1579 4912; x_wconf 64' lang='grc' dir='ltr'><strong>Μ</strong></span> <span class='ocrx_word' id='word_1_319' title='bbox 1601 4826 1669 4906; x_wconf 48' lang='lat' dir='ltr'>U</span> <span class='ocrx_word' id='word_1_320' title='bbox 1693 4847 1803 4918; x_wconf 78' lang='lat' dir='ltr'><strong>5..(oeb</strong></span> <span class='ocrx_word' id='word_1_321' title='bbox 1819 4863 1852 4902; x_wconf 81' lang='lat' dir='ltr'><strong>at.</strong></span> <span class='ocrx_word' id='word_1_322' title='bbox 1872 4849 1915 4920; x_wconf 66' lang='lat' dir='ltr'><strong>ln.</strong></span> <span class='ocrx_word' id='word_1_323' title='bbox 1939 4851 1979 4916; x_wconf 72' lang='grc' dir='ltr'><strong>δ.)</strong></span> 
     </span>
    </p>
   </div>
   <div class='ocr_carea' id='block_1_14' title="bbox 318 4935 2092 5167">
    <p class='ocr_par' dir='ltr' id='par_1_14' title="bbox 318 4935 2092 5167">
     <span class='ocr_line' id='line_1_36' title="bbox 484 4935 2092 5056; baseline -0.007 -23"><span class='ocrx_word' id='word_1_324' title='bbox 484 4942 526 5032; x_wconf 80' lang='lat' dir='ltr'>K</span> <span class='ocrx_word' id='word_1_325' title='bbox 555 4940 620 5024; x_wconf 91' lang='lat' dir='ltr'><strong>dei</strong></span> <span class='ocrx_word' id='word_1_326' title='bbox 648 4950 790 5054; x_wconf 71' lang='lat' dir='ltr'><strong>gratia¹</strong></span> <span class='ocrx_word' id='word_1_327' title='bbox 803 4950 943 5056; x_wconf 83' lang='lat' dir='ltr'><strong>regina</strong></span> <span class='ocrx_word' id='word_1_328' title='bbox 969 4935 1208 5028; x_wconf 86' lang='lat' dir='ltr'><strong>sweuorum.</strong></span> <span class='ocrx_word' id='word_1_329' title='bbox 1238 4948 1280 5026; x_wconf 90' lang='lat' dir='ltr'><strong>B.</strong></span> <span class='ocrx_word' id='word_1_330' title='bbox 1310 4945 1448 5028; x_wconf 88' lang='lat' dir='ltr'><strong>eadem</strong></span> <span class='ocrx_word' id='word_1_331' title='bbox 1477 4951 1607 5056; x_wconf 85' lang='lat' dir='ltr'><strong>gratia</strong></span> <span class='ocrx_word' id='word_1_332' title='bbox 1650 4949 1734 5030; x_wconf 87' lang='lat' dir='ltr'><strong>dux</strong></span> <span class='ocrx_word' id='word_1_333' title='bbox 1761 4973 1993 5030; x_wconf 88' lang='lat' dir='ltr'><strong>sweuorum</strong></span> <span class='ocrx_word' id='word_1_334' title='bbox 2021 4938 2092 5024; x_wconf 81' lang='lat' dir='ltr'><strong>vni·</strong></span> 
     </span>
     <span class='ocr_line' id='line_1_37' title="bbox 318 5054 2089 5167; baseline -0.007 -30"><span class='ocrx_word' id='word_1_335' title='bbox 318 5054 444 5137; x_wconf 83' lang='lat' dir='ltr'><strong>uersis</strong></span> <span class='ocrx_word' id='word_1_336' title='bbox 467 5077 631 5164; x_wconf 87' lang='lat' dir='ltr'><strong>presens</strong></span> <span class='ocrx_word' id='word_1_337' title='bbox 657 5060 851 5165; x_wconf 86' lang='lat' dir='ltr'><strong>scriptum</strong></span> <span class='ocrx_word' id='word_1_338' title='bbox 876 5059 1117 5167; x_wconf 88' lang='lat' dir='ltr'><strong>inspecturis</strong></span> <span class='ocrx_word' id='word_1_339' title='bbox 1145 5062 1185 5138; x_wconf 83' lang='lat'>&amp;</span> <span class='ocrx_word' id='word_1_340' title='bbox 1215 5056 1377 5139; x_wconf 88' lang='lat' dir='ltr'><strong>lecturis</strong></span> <span class='ocrx_word' id='word_1_341' title='bbox 1407 5057 1574 5142; x_wconf 90' lang='lat' dir='ltr'><strong>salutem</strong></span> <span class='ocrx_word' id='word_1_342' title='bbox 1606 5060 1648 5140; x_wconf 92' lang='lat' dir='ltr'><strong>in</strong></span> <span class='ocrx_word' id='word_1_343' title='bbox 1676 5062 1857 5142; x_wconf 90' lang='lat' dir='ltr'><strong>omnium</strong></span> <span class='ocrx_word' id='word_1_344' title='bbox 1892 5057 2089 5140; x_wconf 81' lang='lat' dir='ltr'><strong>saluatore.</strong></span> 
     </span>
    </p>
   </div>
   <div class='ocr_carea' id='block_1_15' title="bbox 0 0 2196 5940">
    <p class='ocr_par' dir='ltr' id='par_1_15' title="bbox 0 0 2196 5940">
     <span class='ocr_line' id='line_1_38' title="bbox 0 0 2196 5940; baseline 0 0"><span class='ocrx_word' id='word_1_345' title='bbox 0 0 2196 5940; x_wconf 95' lang='lat' dir='ltr'><strong> </strong></span> 
     </span>
    </p>
   </div>
  </div>
 </body>
</html>
