4398 5958
833 517 889 544 ·-
965 473 1076 586 ’487
1189 516 1317 562 -,

103 797 108 810 ‚
303 705 461 811 Legata
490 699 660 810 quoque
683 700 728 779 in
756 697 906 781 eisdem
933 700 1031 781 locis
1062 695 1244 786 subsidio
1274 697 1470 808 praedicto
1485 700 1636 784 relicta.
1666 701 1934 812 Onrnesquo·
1968 701 1977 714 “

142 841 223 925 que
252 814 519 895 obuentiones
547 809 815 920 undecunque
842 811 1244 920 &qualitercunque
1272 813 1350 921 ipsi
1380 811 1560 894 subsidio
1588 814 1631 892 in
1659 811 1758 918 locis
1786 837 1935 920 proue-

140 929 295 1006 nientes
324 923 472 1005 eisdem
501 932 595 1002 tam'
616 949 692 1030 pro
720 939 902 1029 tempore
932 923 1136 1032 praeterito
1164 947 1285 1030 quam
1315 921 1456 1029 futuro
1494 923 1692 1029 colligatis
1726 924 1933 1031 integrali·

34 1128 43 1143 ἱ
141 1054 221 1132 ter,
250 1042 290 1116 8(
317 1033 490 1115 fideliter
518 1028 773 1130 conseruatis,
802 1059 931 1140 eaque
960 1032 1095 1113 omnia
1137 1054 1260 1140 penes
1288 1032 1378 1111 illos
1422 1035 1493 1142 qui
1535 1032 1731 1115 decimam
1758 1062 1833 1142 per
1860 1061 1935 1116 nos
1969 1121 1981 1132 ,

140 1145 270 1228 eidem
298 1142 480 1226 subsidio
508 1140 741 1250 deputatam
764 1141 1067 1240 custodierint,''
1083 1141 1139 1223 ad
1168 1169 1270 1250 opus
1299 1140 1482 1250 praedicti
1511 1142 1680 1250 subsidij
1708 1143 1931 1253 deponatis.

141 1257 350 1339 Facientes
378 1253 641 1334 nihilominus
668 1250 781 1362 quod
809 1252 1056 1335 de-Trunco
1085 1255 1128 1332 in
1156 1250 1391 1362 supradicto
1406 1254 1589 1335 Concilio
1617 1253 1850 1335 ordinatum
1865 1282 1934 1334 ex·

141 1369 224 1447 titit
251 1365 475 1472 obseruari.
502 1361 702 1444 Videlicet
730 1378 775 1442 vt
803 1365 845 1444 in
874 1364 1044 1472 singulis
1072 1362 1261 1471 Ecclesijs
1300 1380 1474 1446 truncus
1517 1384 1692 1471 ponatur
1726 1392 1933 1447 concauus

140 1479 270 1580 tribus
298 1473 483 1557 clauibus
511 1475 786 1584 consignatus,
847 1477 946 1554 rima
974 1500 1099 1584 penes
1141 1475 1404 1582 Episcopum,
1439 1471 1615 1555 secunda
1643 1481 1766 1583 penes
1795 1477 1933 1557 Eccle-

29 1655 40 1662 .
140 1590 206 1669 siae
235 1583 509 1681 Sacerdotem,
529 1585 657 1685 ⁸tertia
685 1610 759 1693 per
787 1503 960 1694 aliquem
989 1581 1220 1693 religiosum
1250 1585 1395 1665 laicum
1423 1586 1729 1684 conseruandis,
1759 1593 1798 1668 8(
1827 1588 1869 1667 in
1884 1615 1932 1669 eo
1962 1671 1964 1680 ,

117 1698 266 1780 ‘fidelis
295 1697 483 1808 quilibet,
516 1695 628 1776 iuxta
656 1693 769 1807 quod
798 1696 994 1777 Dominus
1022 1721 1163 1776 eorum
1192 1695 1395 1776 mentibus
1422 1695 1682 1805 inspirauerit
1709 1725 1800 1804 suas
1829 1699 1931 1780 elee-

143 1837 332 1916 mosynas
360 1808 565 1917 deponere
593 1808 636 1886 in
677 1807 949 1888 remissionem
991 1834 1158 1887 suorum
1193 1808 1468 1917 peccaminum
1513 1825 1762 1906 moueantur,
1808 1811 1847 1890 8(
1888 1813 1931 1891 in

144 1923 240 2030 ipsis
270 1918 459 2026 Ecclesijs
487 1916 607 1998 semel
635 1919 678 1998 in
706 1913 960 1997 hebdomada
990 1946 1065 2028 pro
1086 1919 1318 1999 remissione
1345 1915 1577 2000 huiusmodi
1605 1916 1863 2028 peccatorum
1891 1927 1931 2001 &

141 2032 363 2142 praesertim
378 2027 637 2110 offerentium
652 2028 936 2135 Eleemosynae
965 2047 1074 2109 certa
1101 2027 1186 2125 die,
1215 2055 1336 2140 quam
1364 2045 1500 2110 tamen
1524 2029 1719 2112 Sacerdos
1745 2059 1945 2138 pronum.

139 2145 217 2225 ciet
244 2140 417 2250 populo,
445 2143 561 2219 missa
593 2137 756 2249 publice
784 2137 1032 2221 decantetur.
1070 2139 1338 2221 Concedimus
1366 2143 1550 2248 insuper,
1578 2157 1624 2221 vt
1639 2143 1670 2220 si
1687 2142 1738 2221 ali
1772 2144 1811 2223 ui
1828 2143 1930 2221 Cru-

137 2253 434 2361 cesignatorum
459 2249 564 2329 infra
591 2267 750 2360 tempus
779 2277 802 2329 a
831 2250 948 2329 nobis
976 2249 1026 2331 ad
1057 2245 1197 2331 votum
1239 2249 1520 2361 exequendum
1551 2169 1782 2332 huiusmodi
1834 2253 1929 2333 assi-

137 2360 344 2473 gnandum
359 2359 614 2458 decesserint,
628 2360 787 2442 illarum
803 2359 1146 2468 indulgentiarum
1162 2365 1199 2442 8(
1214 2363 1435 2471 gratiarum
1455 2366 1537 2444 sint
1551 2360 1670 2472 plene
1700 2363 1916 2472 participes

137 2503 219 2586 qua
247 2470 491 2554 obeuntibus
520 2473 563 2551 in
592 2470 768 2582 eiusdem
798 2472 935 2552 Terrae
976 2473 1142 2553 seruitio
1166 2491 1271 2555 ,sunt
1298 2500 1506 2554 concessae.
1560 2471 1847 2562 ,Commutandi
1875 2427 1929 2554 ad

135 2585 221 2667 haec
248 2611 273 2664 a
302 2583 483 2696 personis
512 2579 732 2664 earundem
760 2583 976 2664 Diocesum
1005 2585 1189 2663 emissum
1233 2585 1492 2681 ieiuniorum,
1536 2611 1583 2665 ac
1613 2583 1827 2665 cuiuslibet
1855 2611 1926 2693 pe-

135 2695 419 2805 regrinationis
446 2710 587 2774 votum
616 2695 673 2804 in
687 2693 839 2804 negotii
882 2691 1066 2804 praedicti
1107 2688 1347 2794 subsidium,
1391 2724 1436 2775 ac
1466 2695 1586 2792 etiam
1615 2721 1689 2803 per
1718 2721 1927 2777 censuram

137 2806 452 2888 Ecclesiasticam
481 2799 791 2914 Crucesignatos
812 2803 1014 2918 quoslibet
1042 2807 1318 2916 cuiuscunque
1347 2805 1554 2913 dignitatis
1590 2804 1653 2886 vel
1681 2805 1926 2888 conditionis

135 2915 286 2999 fixerint
315 2913 596 3025 compellendi,
624 2929 669 2998 vt
696 2917 739 2996 in
767 2915 908 2996 eodem
937 2916 1109 2996 termino
1138 2913 1240 2997 illud
1269 2920 1491 3013 executuri,
1520 2914 1571 2997 ad
1600 2921 1751 3024 terrain
1779 2915 1925 3025 praedi·
1969 3019 1975 3032 .
2073 2984 2075 2992 ,

135 3047 239 3112 ctam
269 3026 481 3125 accedant,
509 3027 572 3109 rel
601 3025 742 3138 ipsum¹
760 3026 977 3121 redimant,
1006 3027 1039 3108 si
1055 3025 1246 3136 ‘legitimo
1275 3025 1427 3120 fuerint
1443 3025 1729 3136 impedimento
1758 3025 1924 3126 detenti,

135 3149 174 3224 8(
201 3168 274 3221 vos
301 3138 480 3250 pensatis
507 3163 783 3248 personarum,
813 3144 853 3218 8(
881 3137 971 3245 alijs
997 3137 1307 3246 circumstantiis
1318 3135 1422 3219 sslud
1437 3139 1618 3221 videritis
1632 3133 1923 3219 redimendum.

134 3253 182 3333 In
209 3253 287 3332 hoc
316 3269 449 3331 autem
477 3253 517 3330 8(
545 3247 634 3356 alijs
662 3249 874 3358 praemissis
903 3249 1099 3348 articulis,
1143 3253 1186 3330 in
1228 3249 1377 3361 quibus
1409 3249 1542 3361 aliqua
1586 3267 1726 3331 vestrae
1753 3249 1924 3330 circum·

133 3361 349 3473 spectionis
377 3358 547 3441 arbitrio
574 3359 880 3474 relinquuntur,
910 3362 1078 3441 maxime
1106 3363 1162 3442 sio
1191 3377 1343 3442 vestras
1385 3361 1651 3443 conscientias
1694 3384 1924 3456 oneramus,

133 3492 178 3556 vt
206 3475 249 3555 in
278 3472 343 3554 die
370 3471 499 3552 stricti
512 3471 706 3553 examinis
720 3473 934 3552 teneamini
955 3486 1136 3552 exactam
1150 3467 1318 3554 reddere
1334 3473 1544 3554 rationem.
1574 3471 1807 3580 Deputandi
1852 3473 1924 3551 uo-

133 3611 214 3714 que
243 3581 439 3692 personas
463 3580 631 3664 idoneas
660 3583 701 3663 in
729 3579 879 3662 eisdem
906 3583 1141 3663 Diocesihus
1171 3579 1222 3664 ad
1249 3572 1547 3693 redemptiones
1568 3582 1799 3665 huiusmodi
1822 3497 1852 3662 d

134 3695 225 3779 l1ter
253 3690 518 3804 colligendae,
546 3697 587 3780 8(
615 3692 691 3773 sub
719 3695 952 3775 testimonio
981 3689 1159 3774 fidelium
1188 3697 1443 3802 consignatas
1459 3695 1716 3802 deponendas
1744 3697 1786 3774 in
1814 3707 1924 3790 tuta,

133 3831 348 3918 quousque
368 3831 451 3915 ,per
478 3831 552 3884 nos
580 3801 817 3911 dispositum
846 3801 978 3900 fuerit,
1022 3790 1198 3914 qualiter
1227 3807 1267 3884 in
1297 3805 1527 3888 huiusmodi
1561 3801 1785 3887 subsidium
1825 3828 1923 3882 con-

134 3915 366 4012 uertentur,
395 3913 511 3998 vobis
540 3913 698 4020 plenam
713 3914 927 3996 tribuimus
958 3913 1202 3997 facultatem.
1232 3915 1430 3997 Volumus
1445 3931 1639 4025 praeterea
1667 3917 1707 3996 8(
1736 3911 1924 3995 concedi-

131 4053 233 4124 mus,
260 4042 304 4108 vt
330 4048 403 4107 vos
431 4025 504 4136 qui
533 4026 575 4105 in
604 4023 737 4108 officio
765 4024 1063 4134 praedicationis
1082 4027 1221 4107 Crucis
1250 4055 1326 4134 pro
1340 4029 1528 4136 praesenti
1555 4027 1719 4137 negotio
1749 4051 1822 4134 per
1850 4026 1923 4105 tri·

132 4138 297 4220 ennium
327 4133 522 4217 duxeritis
545 4133 842 4230 laborandum,
861 4135 940 4216 illis
968 4139 1218 4222 immunitate
1242 4165 1288 4218 ac
1303 4135 1529 4246 Priuilegijs
1545 4136 1767 4245 gaudeatis,
1797 4131 1932 4234 illius·¹

132 4275 213 4360 que
241 4247 523 4355 indulgentie,
564 4247 717 4327 etiamsi
746 4247 850 4326 infra
893 4247 1024 4356 ipsum
1052 4251 1269 4330 triennium
1315 4277 1407 4328 cum
1450 4250 1676 4329 intentione
1720 4244 1923 4328 decedatis

131 4355 362 4443 huiusmodi
380 4359 481 4439 sitis
521 4357 778 4468 participes,
802 4385 892 4468 quae
931 4359 1197 4468 ,personaliter
1225 4361 1266 4438 in
1296 4376 1413 4438 terrae
1455 4357 1656 4467 praedictae
1699 4355 1923 4437 subsidium
1997 4379 2000 4384 ’

130 4467 489 4552 transfretantibus
517 4471 560 4548 in
589 4467 767 4578 generali
796 4469 978 4556 Concilio
1005 4488 1238 4550 noscuntur.
1258 4497 1342 4550 esse
1370 4496 1569 4550 concessa.
1599 4467 1796 4548 Volumus
1812 4469 1922 4547 iusu-
2024 4509 2036 4524 ν

131 4605 205 4690 per
233 4585 274 4662 8(
302 4581 559 4690 praesentium
587 4581 829 4662 auctoritate
859 4580 1041 4662 districte
1070 4581 1342 4689 praecipimus,
1376 4577 1489 4690 quod
1519 4581 1561 4660 in
1591 4581 1801 4687 praemissis
1829 4605 1920 4659 exe·

129 4690 302 4803 quendis
330 4691 416 4772 sitis
443 4688 604 4773 solliciti
632 4695 672 4771 8(
688 4691 864 4788 ¹attenti,
895 4691 1041 4772 necin
1069 4690 1231 4770 illorum
1261 4692 1495 4772 executione
1524 4689 1628 4769 alter
1655 4690 1824 4770 alterum
1848 4691 1920 4770 irn-

129 4799 268 4912 pediat
294 4797 358 4881 vel
383 4799 609 4908 perturbet
639 4801 730 4882 Non
757 4803 947 4902 obstante
961 4795 994 4882 si
1009 4801 1061 4882 ali
1093 4801 1212 4884 uibus
1235 4799 1348 4914 quod
1369 4802 1725 4897 excommunicari,
1753 4815 1921 4907 suspen·-

128 4911 174 4995 di
201 4914 265 4994 vel
293 4909 481 4994 interdici
509 4937 593 4990 non
621 4911 799 5010 valeant,
829 4941 853 4992 a
881 4910 989 4994 dicta
1016 4829 1110 4994 sede
1138 4911 1306 4995 forsitan
1333 4914 1384 4992 sit
1405 4907 1624 5007 indultum,
1653 4918 1693 4992 8(
1720 4911 1937 5021 quibuslir

129 5021 200 5105 bet
226 5021 317 5132 alijs
345 5021 626 5132 indulgentiis,
654 5047 726 5103 seu
754 5021 994 5133 Priailcgijs,
1021 5049 1093 5104 seu
1121 5023 1265 5107 litteris
1281 5023 1332 5105 ab
1358 5021 1497 5107 eadem
1512 5022 1605 5106 sede
1620 5022 1816 5119 obtentis,
1844 5048 1917 5130 per

1855 3578 1924 3662 de·
2053 3611 2144 3692 ἡ·
