<?xml version="1.0" encoding="UTF-8"?>
<!DOCTYPE html PUBLIC "-//W3C//DTD XHTML 1.0 Transitional//EN"
    "http://www.w3.org/TR/xhtml1/DTD/xhtml1-transitional.dtd">
<html xmlns="http://www.w3.org/1999/xhtml" xml:lang="en" lang="en">
 <head>
  <title>
</title>
<meta http-equiv="Content-Type" content="text/html;charset=utf-8" />
  <meta name='ocr-system' content='tesseract 3.04.00' />
  <meta name='ocr-capabilities' content='ocr_page ocr_carea ocr_par ocr_line ocrx_word'/>
</head>
<body>
  <div class='ocr_page' id='page_1' title='image "./svensktdiplomat00swegoog_0607.png"; bbox 0 0 4382 5964; ppageno 0'>
   <div class='ocr_carea' id='block_1_1' title="bbox 823 407 1326 568">
    <p class='ocr_par' dir='ltr' id='par_1_1' title="bbox 823 407 1326 568">
     <span class='ocr_line' id='line_1_1' title="bbox 823 407 1326 568; baseline 0.008 -44"><span class='ocrx_word' id='word_1_1' title='bbox 823 407 1326 568; x_wconf 64' lang='lat' dir='ltr'><strong>-rn-ss.</strong></span> 
     </span>
    </p>
   </div>
   <div class='ocr_carea' id='block_1_2' title="bbox 74 677 2026 1562">
    <p class='ocr_par' dir='ltr' id='par_1_2' title="bbox 74 677 2026 1460">
     <span class='ocr_line' id='line_1_2' title="bbox 74 677 1936 798; baseline 0.004 -32"><span class='ocrx_word' id='word_1_2' title='bbox 74 767 77 774; x_wconf 71' lang='grc'>,</span> <span class='ocrx_word' id='word_1_3' title='bbox 142 677 377 766; x_wconf 65' lang='lat' dir='ltr'><strong>benedictn!</strong></span> <span class='ocrx_word' id='word_1_4' title='bbox 425 681 490 765; x_wconf 84' lang='lat' dir='ltr'><strong>Ne</strong></span> <span class='ocrx_word' id='word_1_5' title='bbox 512 681 723 790; x_wconf 77' lang='lat' dir='ltr'><strong>&#39;gestorum</strong></span> <span class='ocrx_word' id='word_1_6' title='bbox 750 680 957 766; x_wconf 69' lang='lat' dir='ltr'>sinceritas</span> <span class='ocrx_word' id='word_1_7' title='bbox 985 699 1025 764; x_wconf 89' lang='lat' dir='ltr'><strong>et</strong></span> <span class='ocrx_word' id='word_1_8' title='bbox 1051 708 1188 786; x_wconf 85' lang='lat' dir='ltr'><strong>rerum</strong></span> <span class='ocrx_word' id='word_1_9' title='bbox 1231 683 1381 764; x_wconf 80' lang='lat' dir='ltr'><strong>veritas</strong></span> <span class='ocrx_word' id='word_1_10' title='bbox 1423 687 1689 794; x_wconf 45' lang='lat' dir='ltr'><strong>emergentis,</strong></span> <span class='ocrx_word' id='word_1_11' title='bbox 1706 685 1936 798; x_wconf 71' lang='lat' dir='ltr'><strong>calumpniae</strong></span> 
     </span>
     <span class='ocr_line' id='line_1_3' title="bbox 141 792 2010 905; baseline 0.006 -32"><span class='ocrx_word' id='word_1_12' title='bbox 141 819 244 874; x_wconf 87' lang='lat' dir='ltr'><strong>neno</strong></span> <span class='ocrx_word' id='word_1_13' title='bbox 272 821 343 876; x_wconf 89' lang='lat' dir='ltr'><strong>seu</strong></span> <span class='ocrx_word' id='word_1_14' title='bbox 371 793 558 890; x_wconf 79' lang='lat' dir='ltr'><strong>falsitatis</strong></span> <span class='ocrx_word' id='word_1_15' title='bbox 590 793 761 902; x_wconf 84' lang='lat' dir='ltr'><strong>caligine</strong></span> <span class='ocrx_word' id='word_1_16' title='bbox 789 794 1042 905; x_wconf 88' lang='lat' dir='ltr'><strong>aliquatenus</strong></span> <span class='ocrx_word' id='word_1_17' title='bbox 1069 792 1202 874; x_wconf 80' lang='lat' dir='ltr'><strong>valeat</strong></span> <span class='ocrx_word' id='word_1_18' title='bbox 1229 793 1434 875; x_wconf 76' lang='lat' dir='ltr'><strong>obfuscari</strong></span> <span class='ocrx_word' id='word_1_19' title='bbox 1467 795 1725 880; x_wconf 81' lang='lat' dir='ltr'><strong>Litterarum</strong></span> <span class='ocrx_word' id='word_1_20' title='bbox 1744 798 1944 884; x_wconf 61' lang='lat' dir='ltr'><strong>solettc·⁴</strong></span> <span class='ocrx_word' id='word_1_21' title='bbox 2004 805 2010 818; x_wconf 83' lang='lat'>&#39;</span> 
     </span>
     <span class='ocr_line' id='line_1_4' title="bbox 139 904 2026 1021; baseline 0.005 -35"><span class='ocrx_word' id='word_1_22' title='bbox 139 904 327 986; x_wconf 88' lang='lat' dir='ltr'><strong>stimonio</strong></span> <span class='ocrx_word' id='word_1_23' title='bbox 354 935 401 987; x_wconf 90' lang='lat' dir='ltr'><strong>ac</strong></span> <span class='ocrx_word' id='word_1_24' title='bbox 430 905 509 988; x_wconf 88' lang='lat' dir='ltr'><strong>lide</strong></span> <span class='ocrx_word' id='word_1_25' title='bbox 521 990 523 995; x_wconf 78' lang='grc'><strong>,</strong></span> <span class='ocrx_word' id='word_1_26' title='bbox 536 911 698 988; x_wconf 88' lang='lat' dir='ltr'><strong>testium</strong></span> <span class='ocrx_word' id='word_1_27' title='bbox 718 907 881 985; x_wconf 79' lang='lat' dir='ltr'><strong>caucius</strong></span> <span class='ocrx_word' id='word_1_28' title='bbox 896 905 1119 1014; x_wconf 75' lang='lat' dir='ltr'>premuniti</span> <span class='ocrx_word' id='word_1_29' title='bbox 1148 906 1349 986; x_wconf 89' lang='lat' dir='ltr'><strong>Nouerint</strong></span> <span class='ocrx_word' id='word_1_30' title='bbox 1376 905 1502 1014; x_wconf 84' lang='lat' dir='ltr'><strong>igitur</strong></span> <span class='ocrx_word' id='word_1_31' title='bbox 1530 923 1613 988; x_wconf 87' lang='lat' dir='ltr'><strong>tam</strong></span> <span class='ocrx_word' id='word_1_32' title='bbox 1628 909 1785 1021; x_wconf 85' lang='lat' dir='ltr'><strong>posterj</strong></span> <span class='ocrx_word' id='word_1_33' title='bbox 1813 907 1943 1021; x_wconf 69' lang='lat' dir='ltr'><strong>quam&#39;</strong></span> <span class='ocrx_word' id='word_1_34' title='bbox 2019 930 2026 945; x_wconf 86' lang='grc'><strong>“</strong></span> 
     </span>
     <span class='ocr_line' id='line_1_5' title="bbox 100 1015 1939 1136; baseline 0.005 -41"><span class='ocrx_word' id='word_1_35' title='bbox 100 1089 104 1096; x_wconf 91' lang='grc'>.</span> <span class='ocrx_word' id='word_1_36' title='bbox 140 1034 351 1124; x_wconf 80' lang='lat' dir='ltr'><strong>presentes.</strong></span> <span class='ocrx_word' id='word_1_37' title='bbox 382 1021 467 1100; x_wconf 92' lang='lat' dir='ltr'><strong>Nos</strong></span> <span class='ocrx_word' id='word_1_38' title='bbox 494 1017 745 1126; x_wconf 78' lang='lat' dir='ltr'><strong>paupertatis</strong></span> <span class='ocrx_word' id='word_1_39' title='bbox 772 1015 1027 1116; x_wconf 89' lang='lat' dir='ltr'><strong>incommodo</strong></span> <span class='ocrx_word' id='word_1_40' title='bbox 1043 1016 1297 1108; x_wconf 60' lang='lat' dir='ltr'><strong>Labor-anses,</strong></span> <span class='ocrx_word' id='word_1_41' title='bbox 1305 1019 1458 1097; x_wconf 90' lang='lat' dir='ltr'><strong>curiam</strong></span> <span class='ocrx_word' id='word_1_42' title='bbox 1487 1037 1678 1100; x_wconf 90' lang='lat' dir='ltr'><strong>nostram.</strong></span> <span class='ocrx_word' id='word_1_43' title='bbox 1707 1023 1939 1136; x_wconf 79' lang='lat' dir='ltr'><strong>snutiberg.&#39;</strong></span> 
     </span>
     <span class='ocr_line' id='line_1_6' title="bbox 138 1125 1935 1239; baseline 0.006 -33"><span class='ocrx_word' id='word_1_44' title='bbox 138 1130 436 1212; x_wconf 83' lang='lat' dir='ltr'><strong>venerabilibus</strong></span> <span class='ocrx_word' id='word_1_45' title='bbox 451 1127 611 1210; x_wconf 87' lang='lat' dir='ltr'><strong>filiabus</strong></span> <span class='ocrx_word' id='word_1_46' title='bbox 631 1129 780 1206; x_wconf 88' lang='lat' dir='ltr'><strong>nostris</strong></span> <span class='ocrx_word' id='word_1_47' title='bbox 797 1125 1037 1219; x_wconf 84' lang='lat' dir='ltr'>dominabus</span> <span class='ocrx_word' id='word_1_48' title='bbox 1052 1129 1093 1207; x_wconf 92' lang='lat' dir='ltr'><strong>in</strong></span> <span class='ocrx_word' id='word_1_49' title='bbox 1109 1127 1312 1225; x_wconf 65' lang='lat' dir='ltr'><strong>Sictonia.</strong></span> <span class='ocrx_word' id='word_1_50' title='bbox 1342 1127 1453 1207; x_wconf 84' lang='lat' dir='ltr'><strong>iuxta</strong></span> <span class='ocrx_word' id='word_1_51' title='bbox 1474 1127 1609 1239; x_wconf 85' lang='lat' dir='ltr'><strong>legum</strong></span> <span class='ocrx_word' id='word_1_52' title='bbox 1637 1145 1744 1212; x_wconf 86' lang='lat' dir='ltr'><strong>terre</strong></span> <span class='ocrx_word' id='word_1_53' title='bbox 1773 1131 1935 1218; x_wconf 86' lang='lat' dir='ltr'><strong>decreta</strong></span> 
     </span>
     <span class='ocr_line' id='line_1_7' title="bbox 137 1237 1936 1346; baseline 0.006 -28"><span class='ocrx_word' id='word_1_54' title='bbox 137 1237 244 1319; x_wconf 88' lang='lat' dir='ltr'><strong>iusto</strong></span> <span class='ocrx_word' id='word_1_55' title='bbox 258 1241 397 1346; x_wconf 89' lang='lat' dir='ltr'><strong>precio</strong></span> <span class='ocrx_word' id='word_1_56' title='bbox 413 1237 613 1320; x_wconf 82' lang='lat' dir='ltr'><strong>mediante</strong></span> <span class='ocrx_word' id='word_1_57' title='bbox 628 1239 808 1320; x_wconf 81' lang='lat' dir='ltr'><strong>virorum</strong></span> <span class='ocrx_word' id='word_1_58' title='bbox 825 1255 976 1320; x_wconf 81' lang='lat' dir='ltr'><strong>astante</strong></span> <span class='ocrx_word' id='word_1_59' title='bbox 991 1239 1219 1334; x_wconf 90' lang='lat' dir='ltr'><strong>testimonio</strong></span> <span class='ocrx_word' id='word_1_60' title='bbox 1227 1237 1494 1320; x_wconf 89' lang='lat' dir='ltr'><strong>discretorum</strong></span> <span class='ocrx_word' id='word_1_61' title='bbox 1503 1241 1740 1326; x_wconf 81' lang='lat' dir='ltr'><strong>vendidisse.</strong></span> <span class='ocrx_word' id='word_1_62' title='bbox 1755 1246 1805 1324; x_wconf 88' lang='lat' dir='ltr'><strong>Jn</strong></span> <span class='ocrx_word' id='word_1_63' title='bbox 1819 1247 1936 1328; x_wconf 85' lang='lat' dir='ltr'><strong>cuius</strong></span> 
     </span>
     <span class='ocr_line' id='line_1_8' title="bbox 137 1348 1933 1460; baseline 0.006 -31"><span class='ocrx_word' id='word_1_64' title='bbox 137 1350 194 1431; x_wconf 90' lang='lat' dir='ltr'><strong>rei</strong></span> <span class='ocrx_word' id='word_1_65' title='bbox 210 1352 485 1432; x_wconf 89' lang='lat' dir='ltr'><strong>testimonium</strong></span> <span class='ocrx_word' id='word_1_66' title='bbox 515 1366 740 1460; x_wconf 81' lang='lat' dir='ltr'><strong>presentem</strong></span> <span class='ocrx_word' id='word_1_67' title='bbox 765 1348 971 1451; x_wconf 85' lang='lat' dir='ltr'><strong>scedulam</strong></span> <span class='ocrx_word' id='word_1_68' title='bbox 997 1348 1119 1457; x_wconf 83' lang='lat' dir='ltr'><strong>sigilli</strong></span> <span class='ocrx_word' id='word_1_69' title='bbox 1147 1350 1277 1429; x_wconf 91' lang='lat' dir='ltr'><strong>nostri</strong></span> <span class='ocrx_word' id='word_1_70' title='bbox 1297 1350 1516 1430; x_wconf 90' lang='lat' dir='ltr'><strong>munimine</strong></span> <span class='ocrx_word' id='word_1_71' title='bbox 1533 1355 1933 1440; x_wconf 85' lang='lat' dir='ltr'><strong>roboratam&#39;eisdem</strong></span> 
     </span>
    </p>

    <p class='ocr_par' dir='ltr' id='par_1_3' title="bbox 138 1458 1929 1562">
     <span class='ocr_line' id='line_1_9' title="bbox 138 1458 1929 1562; baseline 0.004 -19"><span class='ocrx_word' id='word_1_72' title='bbox 138 1462 377 1562; x_wconf 81' lang='lat' dir='ltr'><strong>dominabus</strong></span> <span class='ocrx_word' id='word_1_73' title='bbox 406 1461 597 1543; x_wconf 81' lang='lat' dir='ltr'><strong>duximus</strong></span> <span class='ocrx_word' id='word_1_74' title='bbox 624 1458 940 1541; x_wconf 89' lang='lat' dir='ltr'><strong>concedendam.</strong></span> <span class='ocrx_word' id='word_1_75' title='bbox 997 1466 1143 1540; x_wconf 88' lang='lat' dir='ltr'><strong>Actum</strong></span> <span class='ocrx_word' id='word_1_76' title='bbox 1173 1487 1278 1540; x_wconf 88' lang='lat' dir='ltr'><strong>anno</strong></span> <span class='ocrx_word' id='word_1_77' title='bbox 1308 1459 1472 1540; x_wconf 90' lang='lat' dir='ltr'><strong>domini.</strong></span> <span class='ocrx_word' id='word_1_78' title='bbox 1500 1461 1862 1550; x_wconf 66' lang='lat' dir='ltr'><strong>M⁰.CC⁰.LXXX⁰‹</strong></span> <span class='ocrx_word' id='word_1_79' title='bbox 1926 1511 1929 1521; x_wconf 63' lang='lat'>=</span> 
     </span>
    </p>
   </div>
   <div class='ocr_carea' id='block_1_3' title="bbox 364 1579 2134 1704">
    <p class='ocr_par' dir='ltr' id='par_1_4' title="bbox 364 1579 2134 1704">
     <span class='ocr_line' id='line_1_10' title="bbox 364 1579 2134 1704; baseline -0.003 -39"><span class='ocrx_word' id='word_1_80' title='bbox 364 1603 422 1665; x_wconf 39' lang='lat' dir='ltr'><strong>‘Pa</strong></span> <span class='ocrx_word' id='word_1_81' title='bbox 444 1601 632 1666; x_wconf 67' lang='lat' dir='ltr'><strong>Frdnsidan:</strong></span> <span class='ocrx_word' id='word_1_82' title='bbox 662 1599 762 1684; x_wconf 81' lang='lat' dir='ltr'><strong>Super</strong></span> <span class='ocrx_word' id='word_1_83' title='bbox 783 1599 992 1682; x_wconf 79' lang='lat' dir='ltr'><strong>Sniteberghae</strong></span> <span class='ocrx_word' id='word_1_84' title='bbox 1014 1597 1163 1684; x_wconf 82' lang='lat' dir='ltr'><strong>parochie</strong></span> <span class='ocrx_word' id='word_1_85' title='bbox 1183 1595 1330 1704; x_wconf 78' lang='lat' dir='ltr'><strong>herndhe.</strong></span> <span class='ocrx_word' id='word_1_86' title='bbox 1433 1598 1554 1682; x_wconf 75' lang='lat' dir='ltr'><strong>Sigillet</strong></span> <span class='ocrx_word' id='word_1_87' title='bbox 1574 1603 1729 1666; x_wconf 80' lang='lat' dir='ltr'><strong>salum.-</strong></span> <span class='ocrx_word' id='word_1_88' title='bbox 1821 1595 1824 1600; x_wconf 74' lang='grc'><strong>’</strong></span> <span class='ocrx_word' id='word_1_89' title='bbox 1925 1601 1992 1660; x_wconf 77' lang='lat' dir='ltr'><strong>f·</strong></span> <span class='ocrx_word' id='word_1_90' title='bbox 2130 1579 2134 1588; x_wconf 47' lang='lat'><strong>¹</strong></span> 
     </span>
    </p>
   </div>
   <div class='ocr_carea' id='block_1_4' title="bbox 140 1757 1303 1958">
    <p class='ocr_par' dir='ltr' id='par_1_5' title="bbox 140 1757 1303 1958">
     <span class='ocr_line' id='line_1_11' title="bbox 140 1757 1303 1958; baseline -0.004 -40"><span class='ocrx_word' id='word_1_91' title='bbox 140 1811 271 1958; x_wconf 86' lang='lat'><strong>697.</strong></span> <span class='ocrx_word' id='word_1_92' title='bbox 312 1825 316 1832; x_wconf 76' lang='grc'><strong>“</strong></span> <span class='ocrx_word' id='word_1_93' title='bbox 769 1810 915 1917; x_wconf 88' lang='lat'>1280</span> <span class='ocrx_word' id='word_1_94' title='bbox 959 1808 1007 1912; x_wconf 75' lang='lat' dir='ltr'><strong>d:</strong></span> <span class='ocrx_word' id='word_1_95' title='bbox 1058 1757 1129 1914; x_wconf 71' lang='lat' dir='ltr'><strong>ad</strong></span> <span class='ocrx_word' id='word_1_96' title='bbox 1177 1811 1303 1957; x_wconf 86' lang='lat' dir='ltr'><strong>Apr.</strong></span> 
     </span>
    </p>
   </div>
   <div class='ocr_carea' id='block_1_5' title="bbox 215 2027 2024 2212">
    <p class='ocr_par' dir='ltr' id='par_1_6' title="bbox 215 2027 2024 2212">
     <span class='ocr_line' id='line_1_12' title="bbox 215 2027 2024 2116; baseline 0.005 -20"><span class='ocrx_word' id='word_1_97' title='bbox 215 2032 394 2097; x_wconf 67' lang='lat' dir='ltr'><strong>irie-Bisl.</strong></span> <span class='ocrx_word' id='word_1_98' title='bbox 413 2034 521 2096; x_wconf 80' lang='lat' dir='ltr'><strong>iaceas</strong></span> <span class='ocrx_word' id='word_1_99' title='bbox 542 2032 554 2094; x_wconf 90' lang='lat' dir='ltr'><strong>i</strong></span> <span class='ocrx_word' id='word_1_100' title='bbox 572 2029 691 2116; x_wconf 87' lang='lat' dir='ltr'><strong>Upsala</strong></span> <span class='ocrx_word' id='word_1_101' title='bbox 713 2030 820 2114; x_wconf 75' lang='lat' dir='ltr'><strong>analag</strong></span> <span class='ocrx_word' id='word_1_102' title='bbox 841 2031 878 2093; x_wconf 87' lang='lat' dir='ltr'><strong>as</strong></span> <span class='ocrx_word' id='word_1_103' title='bbox 895 2031 1006 2094; x_wconf 85' lang='lat' dir='ltr'><strong>Berem</strong></span> <span class='ocrx_word' id='word_1_104' title='bbox 1026 2027 1087 2092; x_wconf 87' lang='lat' dir='ltr'><strong>och</strong></span> <span class='ocrx_word' id='word_1_105' title='bbox 1108 2029 1203 2092; x_wconf 90' lang='lat' dir='ltr'><strong>Holm</strong></span> <span class='ocrx_word' id='word_1_106' title='bbox 1224 2032 1272 2096; x_wconf 87' lang='lat' dir='ltr'><strong>till</strong></span> <span class='ocrx_word' id='word_1_107' title='bbox 1293 2031 1472 2098; x_wconf 74' lang='lat' dir='ltr'><strong>irie-Risi.</strong></span> <span class='ocrx_word' id='word_1_108' title='bbox 1494 2036 1608 2100; x_wconf 81' lang='lat' dir='ltr'><strong>Folles</strong></span> <span class='ocrx_word' id='word_1_109' title='bbox 1628 2038 1879 2102; x_wconf 78' lang='lat' dir='ltr'><strong>anniversarium.</strong></span> <span class='ocrx_word' id='word_1_110' title='bbox 2012 2043 2024 2072; x_wconf 75' lang='lat'>⁸</span> 
     </span>
     <span class='ocr_line' id='line_1_13' title="bbox 1061 2151 1798 2212; baseline 0.019 -16"><span class='ocrx_word' id='word_1_111' title='bbox 1061 2165 1065 2172; x_wconf 91' lang='lat'>·</span> <span class='ocrx_word' id='word_1_112' title='bbox 1588 2151 1798 2212; x_wconf 55' lang='lat' dir='ltr'><strong>baama</strong></span> 
     </span>
    </p>
   </div>
   <div class='ocr_carea' id='block_1_6' title="bbox 300 2267 2168 2398">
    <p class='ocr_par' dir='ltr' id='par_1_7' title="bbox 300 2267 2168 2398">
     <span class='ocr_line' id='line_1_14' title="bbox 300 2267 2168 2398; baseline 0.003 -34"><span class='ocrx_word' id='word_1_113' title='bbox 300 2285 498 2366; x_wconf 90' lang='lat' dir='ltr'><strong>Omnibus</strong></span> <span class='ocrx_word' id='word_1_114' title='bbox 527 2301 734 2392; x_wconf 86' lang='lat' dir='ltr'><strong>presentes</strong></span> <span class='ocrx_word' id='word_1_115' title='bbox 763 2285 917 2366; x_wconf 88' lang='lat' dir='ltr'><strong>litteras</strong></span> <span class='ocrx_word' id='word_1_116' title='bbox 944 2283 1197 2392; x_wconf 87' lang='lat' dir='ltr'><strong>jnspecturis.</strong></span> <span class='ocrx_word' id='word_1_117' title='bbox 1228 2285 1403 2366; x_wconf 84' lang='lat' dir='ltr'><strong>Jaccbus</strong></span> <span class='ocrx_word' id='word_1_118' title='bbox 1418 2288 1676 2369; x_wconf 87' lang='lat' dir='ltr'><strong>miseracione</strong></span> <span class='ocrx_word' id='word_1_119' title='bbox 1705 2288 1844 2372; x_wconf 87' lang='lat' dir='ltr'><strong>diuina</strong></span> <span class='ocrx_word' id='word_1_120' title='bbox 1858 2318 1934 2398; x_wconf 92' lang='lat' dir='ltr'><strong>vp·</strong></span> <span class='ocrx_word' id='word_1_121' title='bbox 1985 2377 1987 2380; x_wconf 58' lang='grc'>,</span> <span class='ocrx_word' id='word_1_122' title='bbox 2110 2269 2120 2288; x_wconf 56' lang='grc'><em>”</em></span> <span class='ocrx_word' id='word_1_123' title='bbox 2163 2267 2168 2274; x_wconf 46' lang='grc'><strong>’</strong></span> 
     </span>
    </p>
   </div>
   <div class='ocr_carea' id='block_1_7' title="bbox 45 2393 1933 2508">
    <p class='ocr_par' dir='ltr' id='par_1_8' title="bbox 45 2393 1933 2508">
     <span class='ocr_line' id='line_1_15' title="bbox 45 2393 1933 2508; baseline 0.002 -31"><span class='ocrx_word' id='word_1_124' title='bbox 45 2423 52 2434; x_wconf 89' lang='grc'><em>·</em></span> <span class='ocrx_word' id='word_1_125' title='bbox 134 2395 296 2477; x_wconf 87' lang='lat' dir='ltr'><strong>salensis</strong></span> <span class='ocrx_word' id='word_1_126' title='bbox 326 2395 490 2475; x_wconf 86' lang='lat' dir='ltr'><strong>ecclesie</strong></span> <span class='ocrx_word' id='word_1_127' title='bbox 518 2396 856 2504; x_wconf 80' lang='lat' dir='ltr'><strong>archiepiscopus,</strong></span> <span class='ocrx_word' id='word_1_128' title='bbox 885 2396 1053 2475; x_wconf 88' lang='lat' dir='ltr'><strong>salutem</strong></span> <span class='ocrx_word' id='word_1_129' title='bbox 1082 2398 1125 2476; x_wconf 91' lang='lat' dir='ltr'><strong>in</strong></span> <span class='ocrx_word' id='word_1_130' title='bbox 1155 2393 1321 2476; x_wconf 90' lang='lat' dir='ltr'><strong>domino</strong></span> <span class='ocrx_word' id='word_1_131' title='bbox 1349 2399 1643 2508; x_wconf 90' lang='lat' dir='ltr'><strong>sempiternam.</strong></span> <span class='ocrx_word' id='word_1_132' title='bbox 1673 2401 1824 2488; x_wconf 90' lang='lat' dir='ltr'><strong>Notum</strong></span> <span class='ocrx_word' id='word_1_133' title='bbox 1848 2428 1933 2482; x_wconf 86' lang='lat' dir='ltr'><strong>esse</strong></span> 
     </span>
    </p>
   </div>
   <div class='ocr_carea' id='block_1_8' title="bbox 135 2505 2110 2616">
    <p class='ocr_par' dir='ltr' id='par_1_9' title="bbox 135 2505 2110 2616">
     <span class='ocr_line' id='line_1_16' title="bbox 135 2505 2110 2616; baseline 0.004 -29"><span class='ocrx_word' id='word_1_134' title='bbox 135 2507 320 2587; x_wconf 91' lang='lat' dir='ltr'><strong>uolumus</strong></span> <span class='ocrx_word' id='word_1_135' title='bbox 348 2507 561 2587; x_wconf 86' lang='lat' dir='ltr'><strong>uniuersis.</strong></span> <span class='ocrx_word' id='word_1_136' title='bbox 591 2507 716 2610; x_wconf 90' lang='lat' dir='ltr'><strong>Quod</strong></span> <span class='ocrx_word' id='word_1_137' title='bbox 744 2507 1064 2586; x_wconf 90' lang='lat' dir='ltr'><strong>anniuersarium</strong></span> <span class='ocrx_word' id='word_1_138' title='bbox 1079 2505 1206 2588; x_wconf 90' lang='lat' dir='ltr'><strong>felicis</strong></span> <span class='ocrx_word' id='word_1_139' title='bbox 1234 2508 1544 2590; x_wconf 80' lang='lat' dir='ltr'><strong>recordacionis.</strong></span> <span class='ocrx_word' id='word_1_140' title='bbox 1572 2508 1724 2592; x_wconf 91' lang='lat' dir='ltr'><strong>domiui</strong></span> <span class='ocrx_word' id='word_1_141' title='bbox 1745 2510 1932 2594; x_wconf 82' lang='lat' dir='ltr'><strong>fulconis.¹</strong></span> <span class='ocrx_word' id='word_1_142' title='bbox 1967 2604 1976 2616; x_wconf 38' lang='grc'><strong>,</strong></span> <span class='ocrx_word' id='word_1_143' title='bbox 2106 2555 2110 2567; x_wconf 90' lang='grc'><em>·</em></span> 
     </span>
    </p>
   </div>
   <div class='ocr_carea' id='block_1_9' title="bbox 132 2615 2032 3176">
    <p class='ocr_par' dir='ltr' id='par_1_10' title="bbox 132 2615 2032 3176">
     <span class='ocr_line' id='line_1_17' title="bbox 134 2615 1932 2730; baseline 0.004 -33"><span class='ocrx_word' id='word_1_144' title='bbox 134 2616 426 2730; x_wconf 86' lang='lat' dir='ltr'><strong>predecessoris</strong></span> <span class='ocrx_word' id='word_1_145' title='bbox 452 2619 583 2698; x_wconf 88' lang='lat' dir='ltr'><strong>nostri</strong></span> <span class='ocrx_word' id='word_1_146' title='bbox 611 2618 728 2696; x_wconf 91' lang='lat' dir='ltr'><strong>annis</strong></span> <span class='ocrx_word' id='word_1_147' title='bbox 757 2615 925 2725; x_wconf 85' lang='lat' dir='ltr'><strong>singulis</strong></span> <span class='ocrx_word' id='word_1_148' title='bbox 954 2615 1203 2714; x_wconf 82' lang='lat' dir='ltr'><strong>faciendum,</strong></span> <span class='ocrx_word' id='word_1_149' title='bbox 1236 2621 1320 2701; x_wconf 92' lang='lat' dir='ltr'><strong>Nos</strong></span> <span class='ocrx_word' id='word_1_150' title='bbox 1349 2625 1389 2700; x_wconf 85' lang='lat'>&amp;</span> <span class='ocrx_word' id='word_1_151' title='bbox 1416 2647 1664 2701; x_wconf 88' lang='lat' dir='ltr'><strong>successores</strong></span> <span class='ocrx_word' id='word_1_152' title='bbox 1678 2638 1838 2704; x_wconf 92' lang='lat' dir='ltr'><strong>nostros</strong></span> <span class='ocrx_word' id='word_1_153' title='bbox 1855 2624 1932 2704; x_wconf 88' lang='lat' dir='ltr'><strong>Ra·</strong></span> 
     </span>
     <span class='ocr_line' id='line_1_18' title="bbox 134 2727 2032 2843; baseline 0.002 -31"><span class='ocrx_word' id='word_1_154' title='bbox 134 2731 247 2816; x_wconf 86' lang='lat' dir='ltr'><strong>cione</strong></span> <span class='ocrx_word' id='word_1_155' title='bbox 276 2729 583 2837; x_wconf 89' lang='lat' dir='ltr'><strong>possessionum.</strong></span> <span class='ocrx_word' id='word_1_156' title='bbox 612 2755 683 2808; x_wconf 89' lang='lat' dir='ltr'><strong>seu</strong></span> <span class='ocrx_word' id='word_1_157' title='bbox 712 2731 914 2810; x_wconf 87' lang='lat' dir='ltr'><strong>curiarum</strong></span> <span class='ocrx_word' id='word_1_158' title='bbox 929 2727 1083 2814; x_wconf 84' lang='lat' dir='ltr'><strong>Beremi</strong></span> <span class='ocrx_word' id='word_1_159' title='bbox 1114 2731 1268 2813; x_wconf 88' lang='lat' dir='ltr'><strong>scilicet</strong></span> <span class='ocrx_word' id='word_1_160' title='bbox 1296 2733 1337 2812; x_wconf 85' lang='lat'>&amp;</span> <span class='ocrx_word' id='word_1_161' title='bbox 1368 2729 1490 2826; x_wconf 74' lang='lat' dir='ltr'><strong>holm,</strong></span> <span class='ocrx_word' id='word_1_162' title='bbox 1513 2732 1566 2813; x_wconf 90' lang='lat' dir='ltr'><strong>ad</strong></span> <span class='ocrx_word' id='word_1_163' title='bbox 1593 2729 1671 2812; x_wconf 91' lang='lat' dir='ltr'><strong>hoc</strong></span> <span class='ocrx_word' id='word_1_164' title='bbox 1703 2734 1932 2843; x_wconf 80' lang='lat' dir='ltr'><strong>specialiter</strong></span> <span class='ocrx_word' id='word_1_165' title='bbox 2025 2817 2032 2834; x_wconf 55' lang='grc'>,</span> 
     </span>
     <span class='ocr_line' id='line_1_19' title="bbox 134 2833 1933 2955; baseline 0.002 -33"><span class='ocrx_word' id='word_1_166' title='bbox 134 2837 417 2951; x_wconf 88' lang='lat' dir='ltr'><strong>deputatarum</strong></span> <span class='ocrx_word' id='word_1_167' title='bbox 434 2861 535 2952; x_wconf 90' lang='lat' dir='ltr'><strong>quas</strong></span> <span class='ocrx_word' id='word_1_168' title='bbox 550 2839 798 2936; x_wconf 73' lang='lat' dir='ltr'><strong>detinemus,</strong></span> <span class='ocrx_word' id='word_1_169' title='bbox 827 2841 1151 2947; x_wconf 83' lang='lat' dir='ltr'><strong>recognoscimus</strong></span> <span class='ocrx_word' id='word_1_170' title='bbox 1165 2842 1366 2955; x_wconf 79' lang='lat' dir='ltr'><strong>obligatos</strong></span> <span class='ocrx_word' id='word_1_171' title='bbox 1395 2843 1586 2926; x_wconf 86' lang='lat' dir='ltr'><strong>volentes.</strong></span> <span class='ocrx_word' id='word_1_172' title='bbox 1602 2859 1650 2928; x_wconf 90' lang='lat' dir='ltr'><strong>ut</strong></span> <span class='ocrx_word' id='word_1_173' title='bbox 1665 2841 1732 2924; x_wconf 90' lang='lat' dir='ltr'><strong>die</strong></span> <span class='ocrx_word' id='word_1_174' title='bbox 1746 2873 1830 2954; x_wconf 90' lang='lat' dir='ltr'><strong>qua</strong></span> <span class='ocrx_word' id='word_1_175' title='bbox 1859 2833 1933 2926; x_wconf 56' lang='lat' dir='ltr'><strong>anss</strong></span> 
     </span>
     <span class='ocr_line' id='line_1_20' title="bbox 133 2951 1931 3036; baseline 0.002 -4"><span class='ocrx_word' id='word_1_176' title='bbox 133 2953 399 3033; x_wconf 87' lang='lat' dir='ltr'><strong>niuersarium</strong></span> <span class='ocrx_word' id='word_1_177' title='bbox 428 2951 657 3033; x_wconf 88' lang='lat' dir='ltr'><strong>celebratur</strong></span> <span class='ocrx_word' id='word_1_178' title='bbox 685 2952 850 3033; x_wconf 87' lang='lat' dir='ltr'><strong>cuilibet</strong></span> <span class='ocrx_word' id='word_1_179' title='bbox 877 2951 1074 3031; x_wconf 90' lang='lat' dir='ltr'><strong>canonico</strong></span> <span class='ocrx_word' id='word_1_180' title='bbox 1110 2951 1313 3034; x_wconf 88' lang='lat' dir='ltr'><strong>residenti.</strong></span> <span class='ocrx_word' id='word_1_181' title='bbox 1345 2981 1416 3033; x_wconf 87' lang='lat' dir='ltr'><strong>ora</strong></span> <span class='ocrx_word' id='word_1_182' title='bbox 1451 2951 1722 3035; x_wconf 89' lang='lat' dir='ltr'><strong>denariorum.</strong></span> <span class='ocrx_word' id='word_1_183' title='bbox 1762 2955 1931 3036; x_wconf 81' lang='lat' dir='ltr'><strong>cuilibet</strong></span> 
     </span>
     <span class='ocr_line' id='line_1_21' title="bbox 132 3058 1988 3176; baseline 0 -32"><span class='ocrx_word' id='word_1_184' title='bbox 132 3062 537 3145; x_wconf 68' lang='lat' dir='ltr'><strong>sacerdoti.,vicario</strong></span> <span class='ocrx_word' id='word_1_185' title='bbox 567 3058 733 3146; x_wconf 91' lang='lat' dir='ltr'><strong>dimidia</strong></span> <span class='ocrx_word' id='word_1_186' title='bbox 747 3090 831 3146; x_wconf 91' lang='lat' dir='ltr'><strong>ora.</strong></span> <span class='ocrx_word' id='word_1_187' title='bbox 857 3063 1025 3145; x_wconf 86' lang='lat' dir='ltr'><strong>cuilibet</strong></span> <span class='ocrx_word' id='word_1_188' title='bbox 1038 3063 1216 3172; x_wconf 90' lang='lat' dir='ltr'><strong>paruulo</strong></span> <span class='ocrx_word' id='word_1_189' title='bbox 1236 3063 1521 3172; x_wconf 86' lang='lat' dir='ltr'><strong>prebendario.</strong></span> <span class='ocrx_word' id='word_1_190' title='bbox 1552 3081 1731 3174; x_wconf 87' lang='lat' dir='ltr'><strong>quatuor</strong></span> <span class='ocrx_word' id='word_1_191' title='bbox 1761 3063 1931 3176; x_wconf 83' lang='lat' dir='ltr'><strong>denarij.</strong></span> <span class='ocrx_word' id='word_1_192' title='bbox 1985 3112 1988 3122; x_wconf 92' lang='lat'>·</span> 
     </span>
    </p>
   </div>
   <div class='ocr_carea' id='block_1_10' title="bbox 131 3169 2150 3394">
    <p class='ocr_par' dir='ltr' id='par_1_11' title="bbox 131 3169 2150 3394">
     <span class='ocr_line' id='line_1_22' title="bbox 132 3169 2150 3285; baseline 0 -28"><span class='ocrx_word' id='word_1_193' title='bbox 132 3175 407 3284; x_wconf 89' lang='lat' dir='ltr'><strong>campanariis.</strong></span> <span class='ocrx_word' id='word_1_194' title='bbox 451 3175 541 3254; x_wconf 83' lang='lat' dir='ltr'><strong>XII.</strong></span> <span class='ocrx_word' id='word_1_195' title='bbox 586 3173 753 3282; x_wconf 82' lang='lat' dir='ltr'><strong>denarij.</strong></span> <span class='ocrx_word' id='word_1_196' title='bbox 790 3169 840 3254; x_wconf 93' lang='lat' dir='ltr'><strong>de</strong></span> <span class='ocrx_word' id='word_1_197' title='bbox 873 3174 992 3253; x_wconf 90' lang='lat' dir='ltr'><strong>bonis</strong></span> <span class='ocrx_word' id='word_1_198' title='bbox 1026 3176 1326 3283; x_wconf 88' lang='lat' dir='ltr'><strong>episcopalibus</strong></span> <span class='ocrx_word' id='word_1_199' title='bbox 1362 3174 1650 3285; x_wconf 56' lang='lat' dir='ltr'><strong>deputentur„</strong></span> <span class='ocrx_word' id='word_1_200' title='bbox 1680 3175 1769 3256; x_wconf 89' lang='lat' dir='ltr'><strong>Hoc</strong></span> <span class='ocrx_word' id='word_1_201' title='bbox 1799 3175 1951 3285; x_wconf 82' lang='lat' dir='ltr'><strong>ipsum¹</strong></span> <span class='ocrx_word' id='word_1_202' title='bbox 2059 3273 2067 3282; x_wconf 40' lang='lat'><em>,</em></span> <span class='ocrx_word' id='word_1_203' title='bbox 2147 3181 2150 3194; x_wconf 76' lang='lat'><em>&#39;</em></span> 
     </span>
     <span class='ocr_line' id='line_1_23' title="bbox 131 3282 2054 3394; baseline 0.001 -27"><span class='ocrx_word' id='word_1_204' title='bbox 131 3287 173 3367; x_wconf 93' lang='lat' dir='ltr'><strong>in</strong></span> <span class='ocrx_word' id='word_1_205' title='bbox 202 3287 587 3368; x_wconf 88' lang='lat' dir='ltr'><strong>commemoracione</strong></span> <span class='ocrx_word' id='word_1_206' title='bbox 616 3288 795 3365; x_wconf 90' lang='lat' dir='ltr'><strong>omnium</strong></span> <span class='ocrx_word' id='word_1_207' title='bbox 829 3286 1111 3393; x_wconf 90' lang='lat' dir='ltr'><strong>episcoporum</strong></span> <span class='ocrx_word' id='word_1_208' title='bbox 1141 3286 1470 3394; x_wconf 86' lang='lat' dir='ltr'><strong>predecessorum</strong></span> <span class='ocrx_word' id='word_1_209' title='bbox 1509 3282 1746 3386; x_wconf 50' lang='lat' dir='ltr'><strong>,nostrorum</strong></span> <span class='ocrx_word' id='word_1_210' title='bbox 1788 3289 1933 3368; x_wconf 85' lang='lat' dir='ltr'><strong>statui·</strong></span> <span class='ocrx_word' id='word_1_211' title='bbox 2051 3325 2054 3334; x_wconf 57' lang='lat'><strong><em>¹</em></strong></span> 
     </span>
    </p>
   </div>
   <div class='ocr_carea' id='block_1_11' title="bbox 13 3395 2116 3730">
    <p class='ocr_par' dir='ltr' id='par_1_12' title="bbox 13 3395 2116 3730">
     <span class='ocr_line' id='line_1_24' title="bbox 13 3395 1927 3508; baseline 0.003 -32"><span class='ocrx_word' id='word_1_212' title='bbox 13 3407 18 3410; x_wconf 83' lang='grc'><strong>’</strong></span> <span class='ocrx_word' id='word_1_213' title='bbox 131 3423 219 3477; x_wconf 90' lang='lat' dir='ltr'><strong>mus</strong></span> <span class='ocrx_word' id='word_1_214' title='bbox 245 3397 454 3479; x_wconf 89' lang='lat' dir='ltr'><strong>obseruari</strong></span> <span class='ocrx_word' id='word_1_215' title='bbox 481 3395 528 3504; x_wconf 86' lang='lat' dir='ltr'><strong>jn</strong></span> <span class='ocrx_word' id='word_1_216' title='bbox 557 3395 623 3476; x_wconf 90' lang='lat' dir='ltr'><strong>die</strong></span> <span class='ocrx_word' id='word_1_217' title='bbox 651 3423 736 3506; x_wconf 28' lang='lat' dir='ltr'><strong>quc·</strong></span> <span class='ocrx_word' id='word_1_218' title='bbox 760 3399 953 3505; x_wconf 88' lang='lat' dir='ltr'><strong>asscripta</strong></span> <span class='ocrx_word' id='word_1_219' title='bbox 983 3415 1042 3478; x_wconf 89' lang='lat' dir='ltr'><strong>est</strong></span> <span class='ocrx_word' id='word_1_220' title='bbox 1069 3399 1112 3477; x_wconf 92' lang='lat' dir='ltr'><strong>in</strong></span> <span class='ocrx_word' id='word_1_221' title='bbox 1148 3397 1393 3479; x_wconf 88' lang='lat' dir='ltr'><strong>kalendario.</strong></span> <span class='ocrx_word' id='word_1_222' title='bbox 1451 3400 1501 3476; x_wconf 88' lang='lat' dir='ltr'><strong>Jn</strong></span> <span class='ocrx_word' id='word_1_223' title='bbox 1530 3397 1651 3478; x_wconf 93' lang='lat' dir='ltr'><strong>huius</strong></span> <span class='ocrx_word' id='word_1_224' title='bbox 1678 3398 1803 3507; x_wconf 84' lang='lat' dir='ltr'><strong>igitur</strong></span> <span class='ocrx_word' id='word_1_225' title='bbox 1820 3397 1927 3508; x_wconf 59' lang='lat' dir='ltr'><strong>‘facti</strong></span> 
     </span>
     <span class='ocr_line' id='line_1_25' title="bbox 131 3505 2116 3618; baseline 0.002 -30"><span class='ocrx_word' id='word_1_226' title='bbox 131 3511 259 3588; x_wconf 87' lang='lat' dir='ltr'><strong>nostri</strong></span> <span class='ocrx_word' id='word_1_227' title='bbox 288 3506 534 3589; x_wconf 88' lang='lat' dir='ltr'><strong>evidenciam</strong></span> <span class='ocrx_word' id='word_1_228' title='bbox 564 3509 801 3617; x_wconf 90' lang='lat' dir='ltr'><strong>pleniorem.</strong></span> <span class='ocrx_word' id='word_1_229' title='bbox 829 3507 1004 3617; x_wconf 83' lang='lat' dir='ltr'><strong>sigillum</strong></span> <span class='ocrx_word' id='word_1_230' title='bbox 1034 3527 1217 3590; x_wconf 92' lang='lat' dir='ltr'><strong>nostrum</strong></span> <span class='ocrx_word' id='word_1_231' title='bbox 1245 3537 1321 3589; x_wconf 88' lang='lat' dir='ltr'><strong>vna</strong></span> <span class='ocrx_word' id='word_1_232' title='bbox 1351 3538 1442 3588; x_wconf 92' lang='lat' dir='ltr'><strong>cum</strong></span> <span class='ocrx_word' id='word_1_233' title='bbox 1470 3505 1604 3616; x_wconf 84' lang='lat' dir='ltr'><strong>sigillo</strong></span> <span class='ocrx_word' id='word_1_234' title='bbox 1636 3536 1681 3590; x_wconf 90' lang='lat' dir='ltr'><strong>ca</strong></span> <span class='ocrx_word' id='word_1_235' title='bbox 1715 3510 1806 3590; x_wconf 91' lang='lat' dir='ltr'><strong>ituli</strong></span> <span class='ocrx_word' id='word_1_236' title='bbox 1832 3533 1928 3618; x_wconf 80' lang='lat' dir='ltr'><strong>prs·</strong></span> <span class='ocrx_word' id='word_1_237' title='bbox 2037 3577 2040 3586; x_wconf 94' lang='lat'>.</span> <span class='ocrx_word' id='word_1_238' title='bbox 2109 3579 2116 3592; x_wconf 89' lang='lat'><strong><em>.</em></strong></span> 
     </span>
     <span class='ocr_line' id='line_1_26' title="bbox 129 3538 1922 3730; baseline 0.001 -32"><span class='ocrx_word' id='word_1_239' title='bbox 129 3619 311 3703; x_wconf 87' lang='lat' dir='ltr'><strong>sentibus</strong></span> <span class='ocrx_word' id='word_1_240' title='bbox 339 3635 399 3699; x_wconf 89' lang='lat' dir='ltr'><strong>est</strong></span> <span class='ocrx_word' id='word_1_241' title='bbox 428 3609 663 3730; x_wconf 84' lang='lat' dir='ltr'><strong>appensum.</strong></span> <span class='ocrx_word' id='word_1_242' title='bbox 694 3621 841 3715; x_wconf 82' lang='lat' dir='ltr'><strong>Actum</strong></span> <span class='ocrx_word' id='word_1_243' title='bbox 871 3645 979 3696; x_wconf 91' lang='lat' dir='ltr'><strong>anno</strong></span> <span class='ocrx_word' id='word_1_244' title='bbox 1009 3617 1174 3700; x_wconf 88' lang='lat' dir='ltr'><strong>domini.</strong></span> <span class='ocrx_word' id='word_1_245' title='bbox 1204 3619 1658 3708; x_wconf 77' lang='lat' dir='ltr'><strong>M⁰.CC⁹,LXXX&#39;.VII.</strong></span> <span class='ocrx_word' id='word_1_246' title='bbox 1685 3538 1769 3702; x_wconf 69' lang='lat' dir='ltr'><strong>liat.</strong></span> <span class='ocrx_word' id='word_1_247' title='bbox 1799 3621 1922 3728; x_wconf 56' lang='lat' dir='ltr'><strong>maijs</strong></span> 
     </span>
    </p>
   </div>
   <div class='ocr_carea' id='block_1_12' title="bbox 863 3757 1191 3840">
    <p class='ocr_par' dir='ltr' id='par_1_13' title="bbox 863 3757 1191 3840">
     <span class='ocr_line' id='line_1_27' title="bbox 863 3757 1191 3840; baseline 0.015 -20"><span class='ocrx_word' id='word_1_248' title='bbox 863 3757 990 3840; x_wconf 83' lang='lat' dir='ltr'><strong>Sigillen</strong></span> <span class='ocrx_word' id='word_1_249' title='bbox 1012 3759 1191 3828; x_wconf 81' lang='lat' dir='ltr'><strong>bortfallna.</strong></span> 
     </span>
    </p>
   </div>
   <div class='ocr_carea' id='block_1_13' title="bbox 130 3899 1925 4142">
    <p class='ocr_par' dir='ltr' id='par_1_14' title="bbox 130 3899 1925 4142">
     <span class='ocr_line' id='line_1_28' title="bbox 130 3899 1925 4142; baseline 0.006 -72"><span class='ocrx_word' id='word_1_250' title='bbox 130 3899 265 4114; x_wconf 54' lang='lat' dir='ltr'><strong>aas,</strong></span> <span class='ocrx_word' id='word_1_251' title='bbox 766 3967 918 4076; x_wconf 81' lang='lat'>1280</span> <span class='ocrx_word' id='word_1_252' title='bbox 964 3967 1012 4074; x_wconf 81' lang='lat' dir='ltr'><strong>a.</strong></span> <span class='ocrx_word' id='word_1_253' title='bbox 1063 3971 1133 4074; x_wconf 87' lang='lat'><strong>25</strong></span> <span class='ocrx_word' id='word_1_254' title='bbox 1182 3970 1309 4116; x_wconf 62' lang='lat' dir='ltr'><strong>apr.</strong></span> <span class='ocrx_word' id='word_1_255' title='bbox 1724 3969 1925 4142; x_wconf 67' lang='lat' dir='ltr'><strong>[ipsam</strong></span> 
     </span>
    </p>
   </div>
   <div class='ocr_carea' id='block_1_14' title="bbox 207 4185 2016 4363">
    <p class='ocr_par' dir='ltr' id='par_1_15' title="bbox 207 4185 2016 4363">
     <span class='ocr_line' id='line_1_29' title="bbox 207 4185 2016 4274; baseline 0.003 -23"><span class='ocrx_word' id='word_1_256' title='bbox 207 4185 388 4252; x_wconf 64' lang='lat' dir='ltr'><strong>brie-Bicl.</strong></span> <span class='ocrx_word' id='word_1_257' title='bbox 408 4186 523 4253; x_wconf 79' lang='lat' dir='ltr'><strong>iacere</strong></span> <span class='ocrx_word' id='word_1_258' title='bbox 537 4187 645 4270; x_wconf 74' lang='lat' dir='ltr'><strong>analag</strong></span> <span class='ocrx_word' id='word_1_259' title='bbox 665 4186 704 4250; x_wconf 79' lang='lat' dir='ltr'><strong>ef</strong></span> <span class='ocrx_word' id='word_1_260' title='bbox 718 4187 827 4270; x_wconf 77' lang='lat' dir='ltr'><strong>Collar</strong></span> <span class='ocrx_word' id='word_1_261' title='bbox 846 4188 967 4270; x_wconf 68' lang='lat' dir='ltr'><strong>(Kella)</strong></span> <span class='ocrx_word' id='word_1_262' title='bbox 988 4189 1037 4253; x_wconf 90' lang='lat' dir='ltr'><strong>till</strong></span> <span class='ocrx_word' id='word_1_263' title='bbox 1057 4208 1108 4250; x_wconf 81' lang='lat' dir='ltr'><strong>sex</strong></span> <span class='ocrx_word' id='word_1_264' title='bbox 1129 4188 1352 4271; x_wconf 85' lang='lat' dir='ltr'><strong>prebendarier</strong></span> <span class='ocrx_word' id='word_1_265' title='bbox 1374 4187 1425 4251; x_wconf 84' lang='lat' dir='ltr'><strong>vid</strong></span> <span class='ocrx_word' id='word_1_266' title='bbox 1445 4185 1566 4273; x_wconf 84' lang='lat' dir='ltr'><strong>Upsala</strong></span> <span class='ocrx_word' id='word_1_267' title='bbox 1586 4188 1780 4274; x_wconf 58' lang='lat' dir='ltr'><strong>Dominio.</strong></span> <span class='ocrx_word' id='word_1_268' title='bbox 1832 4259 1836 4266; x_wconf 63' lang='grc'>,</span> <span class='ocrx_word' id='word_1_269' title='bbox 1916 4208 1926 4218; x_wconf 93' lang='grc'><strong><em>·</em></strong></span> <span class='ocrx_word' id='word_1_270' title='bbox 2013 4194 2016 4202; x_wconf 79' lang='grc'><strong>“</strong></span> 
     </span>
     <span class='ocr_line' id='line_1_30' title="bbox 298 4303 1789 4363; baseline 0.018 -27"><span class='ocrx_word' id='word_1_271' title='bbox 298 4325 302 4336; x_wconf 73' lang='lat'>.</span> <span class='ocrx_word' id='word_1_272' title='bbox 1571 4303 1789 4363; x_wconf 50' lang='lat' dir='ltr'><strong>Ababa</strong></span> 
     </span>
    </p>
   </div>
   <div class='ocr_carea' id='block_1_15' title="bbox 114 4437 1978 5108">
    <p class='ocr_par' dir='ltr' id='par_1_16' title="bbox 114 4437 1978 5108">
     <span class='ocr_line' id='line_1_31' title="bbox 291 4437 1924 4554; baseline 0.006 -38"><span class='ocrx_word' id='word_1_273' title='bbox 291 4439 489 4520; x_wconf 91' lang='lat' dir='ltr'><strong>Omnibus</strong></span> <span class='ocrx_word' id='word_1_274' title='bbox 517 4440 562 4520; x_wconf 90' lang='lat' dir='ltr'><strong>in</strong></span> <span class='ocrx_word' id='word_1_275' title='bbox 590 4440 747 4522; x_wconf 87' lang='lat' dir='ltr'><strong>christo·</strong></span> <span class='ocrx_word' id='word_1_276' title='bbox 772 4437 961 4520; x_wconf 85' lang='lat' dir='ltr'><strong>fidelibus</strong></span> <span class='ocrx_word' id='word_1_277' title='bbox 990 4455 1216 4547; x_wconf 86' lang='lat' dir='ltr'><strong>presentem</strong></span> <span class='ocrx_word' id='word_1_278' title='bbox 1246 4437 1421 4518; x_wconf 88' lang='lat' dir='ltr'><strong>litteram</strong></span> <span class='ocrx_word' id='word_1_279' title='bbox 1464 4441 1704 4554; x_wconf 89' lang='lat' dir='ltr'><strong>inspecturis</strong></span> <span class='ocrx_word' id='word_1_280' title='bbox 1749 4441 1924 4525; x_wconf 86' lang='lat' dir='ltr'><strong>Jacobus</strong></span> 
     </span>
     <span class='ocr_line' id='line_1_32' title="bbox 119 4545 1978 4660; baseline 0.003 -30"><span class='ocrx_word' id='word_1_281' title='bbox 119 4545 263 4655; x_wconf 87' lang='lat' dir='ltr'><strong>diuina</strong></span> <span class='ocrx_word' id='word_1_282' title='bbox 293 4550 553 4640; x_wconf 86' lang='lat' dir='ltr'><strong>miseracione</strong></span> <span class='ocrx_word' id='word_1_283' title='bbox 582 4551 912 4660; x_wconf 91' lang='lat' dir='ltr'><strong>archiepiscopus</strong></span> <span class='ocrx_word' id='word_1_284' title='bbox 945 4550 1168 4660; x_wconf 88' lang='lat' dir='ltr'><strong>vpsalensis</strong></span> <span class='ocrx_word' id='word_1_285' title='bbox 1210 4549 1378 4630; x_wconf 89' lang='lat' dir='ltr'><strong>salutem</strong></span> <span class='ocrx_word' id='word_1_286' title='bbox 1408 4551 1451 4658; x_wconf 83' lang='lat' dir='ltr'><strong>in</strong></span> <span class='ocrx_word' id='word_1_287' title='bbox 1479 4551 1645 4633; x_wconf 90' lang='lat' dir='ltr'><strong>domino</strong></span> <span class='ocrx_word' id='word_1_288' title='bbox 1674 4551 1789 4636; x_wconf 88' lang='lat' dir='ltr'><strong>ihesu</strong></span> <span class='ocrx_word' id='word_1_289' title='bbox 1817 4549 1924 4635; x_wconf 89' lang='lat' dir='ltr'><strong>chri·</strong></span> <span class='ocrx_word' id='word_1_290' title='bbox 1975 4653 1978 4656; x_wconf 15' lang='grc' dir='ltr'>Ι</span> 
     </span>
     <span class='ocr_line' id='line_1_33' title="bbox 116 4658 1923 4772; baseline 0.003 -31"><span class='ocrx_word' id='word_1_291' title='bbox 116 4677 199 4741; x_wconf 90' lang='lat' dir='ltr'><strong>sto.</strong></span> <span class='ocrx_word' id='word_1_292' title='bbox 230 4658 391 4740; x_wconf 88' lang='lat' dir='ltr'><strong>Cultum</strong></span> <span class='ocrx_word' id='word_1_293' title='bbox 422 4658 550 4740; x_wconf 91' lang='lat' dir='ltr'><strong>diuini</strong></span> <span class='ocrx_word' id='word_1_294' title='bbox 578 4662 745 4750; x_wconf 91' lang='lat' dir='ltr'><strong>honoris</strong></span> <span class='ocrx_word' id='word_1_295' title='bbox 787 4661 982 4772; x_wconf 89' lang='lat' dir='ltr'><strong>ampliare</strong></span> <span class='ocrx_word' id='word_1_296' title='bbox 1024 4661 1179 4741; x_wconf 90' lang='lat' dir='ltr'><strong>solicite</strong></span> <span class='ocrx_word' id='word_1_297' title='bbox 1221 4660 1432 4769; x_wconf 89' lang='lat' dir='ltr'><strong>cupientes</strong></span> <span class='ocrx_word' id='word_1_298' title='bbox 1459 4668 1498 4743; x_wconf 78' lang='lat' dir='ltr'><strong>8c</strong></span> <span class='ocrx_word' id='word_1_299' title='bbox 1525 4678 1775 4750; x_wconf 85' lang='lat' dir='ltr'><strong>sacrosancte</strong></span> <span class='ocrx_word' id='word_1_300' title='bbox 1804 4661 1923 4772; x_wconf 79' lang='lat' dir='ltr'><strong>vpsa&#39;·</strong></span> 
     </span>
     <span class='ocr_line' id='line_1_34' title="bbox 117 4768 1922 4884; baseline 0.001 -32"><span class='ocrx_word' id='word_1_301' title='bbox 117 4771 245 4856; x_wconf 89' lang='lat' dir='ltr'><strong>lensis</strong></span> <span class='ocrx_word' id='word_1_302' title='bbox 273 4768 438 4849; x_wconf 89' lang='lat' dir='ltr'><strong>ecclesie</strong></span> <span class='ocrx_word' id='word_1_303' title='bbox 467 4769 694 4878; x_wconf 87' lang='lat' dir='ltr'><strong>profectum</strong></span> <span class='ocrx_word' id='word_1_304' title='bbox 730 4775 949 4856; x_wconf 85' lang='lat' dir='ltr'><strong>auxiliante</strong></span> <span class='ocrx_word' id='word_1_305' title='bbox 991 4769 1156 4854; x_wconf 91' lang='lat' dir='ltr'><strong>domino</strong></span> <span class='ocrx_word' id='word_1_306' title='bbox 1200 4799 1452 4884; x_wconf 89' lang='lat' dir='ltr'><strong>promouere.</strong></span> <span class='ocrx_word' id='word_1_307' title='bbox 1483 4769 1652 4882; x_wconf 83' lang='lat' dir='ltr'><strong>dignum</strong></span> <span class='ocrx_word' id='word_1_308' title='bbox 1693 4775 1922 4882; x_wconf 75' lang='lat' dir='ltr'><strong>estimamus</strong></span> 
     </span>
     <span class='ocr_line' id='line_1_35' title="bbox 114 4877 1923 4994; baseline 0.001 -28"><span class='ocrx_word' id='word_1_309' title='bbox 114 4883 278 4994; x_wconf 85' lang='lat' dir='ltr'><strong>pariter</strong></span> <span class='ocrx_word' id='word_1_310' title='bbox 306 4877 584 4961; x_wconf 82' lang='lat' dir='ltr'><strong>&amp;honestum</strong></span> <span class='ocrx_word' id='word_1_311' title='bbox 615 4899 663 4963; x_wconf 90' lang='lat' dir='ltr'><strong>ut</strong></span> <span class='ocrx_word' id='word_1_312' title='bbox 690 4909 885 4964; x_wconf 88' lang='lat' dir='ltr'><strong>numerus</strong></span> <span class='ocrx_word' id='word_1_313' title='bbox 917 4882 1184 4964; x_wconf 89' lang='lat' dir='ltr'><strong>seruiencium</strong></span> <span class='ocrx_word' id='word_1_314' title='bbox 1227 4879 1305 4967; x_wconf 90' lang='lat' dir='ltr'><strong>deo</strong></span> <span class='ocrx_word' id='word_1_315' title='bbox 1332 4883 1377 4961; x_wconf 91' lang='lat' dir='ltr'><strong>in</strong></span> <span class='ocrx_word' id='word_1_316' title='bbox 1406 4878 1550 4968; x_wconf 88' lang='lat' dir='ltr'><strong>diebus</strong></span> <span class='ocrx_word' id='word_1_317' title='bbox 1591 4885 1742 4970; x_wconf 84' lang='lat' dir='ltr'><strong>nostris</strong></span> <span class='ocrx_word' id='word_1_318' title='bbox 1785 4885 1923 4968; x_wconf 84' lang='lat' dir='ltr'><strong>multi-</strong></span> 
     </span>
     <span class='ocr_line' id='line_1_36' title="bbox 114 4991 1923 5108; baseline 0.003 -33"><span class='ocrx_word' id='word_1_319' title='bbox 114 4995 297 5108; x_wconf 90' lang='lat' dir='ltr'><strong>plicetur</strong></span> <span class='ocrx_word' id='word_1_320' title='bbox 325 4995 365 5070; x_wconf 83' lang='lat'>&amp;</span> <span class='ocrx_word' id='word_1_321' title='bbox 394 5006 547 5074; x_wconf 87' lang='lat' dir='ltr'><strong>crescat</strong></span> <span class='ocrx_word' id='word_1_322' title='bbox 575 4993 647 5104; x_wconf 87' lang='lat' dir='ltr'><strong>qui</strong></span> <span class='ocrx_word' id='word_1_323' title='bbox 676 4991 886 5076; x_wconf 89' lang='lat' dir='ltr'><strong>dominum</strong></span> <span class='ocrx_word' id='word_1_324' title='bbox 914 5021 1036 5102; x_wconf 81' lang='lat' dir='ltr'><strong>super</strong></span> <span class='ocrx_word' id='word_1_325' title='bbox 1064 4994 1199 5076; x_wconf 88' lang='lat' dir='ltr'><strong>omnia</strong></span> <span class='ocrx_word' id='word_1_326' title='bbox 1227 4991 1482 5078; x_wconf 85' lang='lat' dir='ltr'><strong>benedictum</strong></span> <span class='ocrx_word' id='word_1_327' title='bbox 1497 5013 1616 5078; x_wconf 88' lang='lat' dir='ltr'><strong>nocte</strong></span> <span class='ocrx_word' id='word_1_328' title='bbox 1640 5023 1687 5078; x_wconf 88' lang='lat' dir='ltr'><strong>ac</strong></span> <span class='ocrx_word' id='word_1_329' title='bbox 1715 4994 1782 5080; x_wconf 89' lang='lat' dir='ltr'><strong>die</strong></span> <span class='ocrx_word' id='word_1_330' title='bbox 1795 4995 1923 5082; x_wconf 86' lang='lat' dir='ltr'><strong>deuo·</strong></span> 
     </span>
    </p>
   </div>
   <div class='ocr_carea' id='block_1_16' title="bbox 257 5127 1794 5210">
    <p class='ocr_par' dir='ltr' id='par_1_17' title="bbox 257 5127 1794 5210">
     <span class='ocr_line' id='line_1_37' title="bbox 257 5127 1794 5210; baseline -0.008 -16"><span class='ocrx_word' id='word_1_331' title='bbox 257 5137 307 5194; x_wconf 68' lang='lat' dir='ltr'><strong>du.</strong></span> <span class='ocrx_word' id='word_1_332' title='bbox 324 5134 447 5207; x_wconf 76' lang='lat' dir='ltr'><strong>Diplcas</strong></span> <span class='ocrx_word' id='word_1_333' title='bbox 1032 5171 1037 5176; x_wconf 85' lang='lat'><em>-</em></span> <span class='ocrx_word' id='word_1_334' title='bbox 1664 5127 1712 5210; x_wconf 73' lang='lat'><strong>72</strong></span> <span class='ocrx_word' id='word_1_335' title='bbox 1787 5151 1794 5158; x_wconf 88' lang='lat'>·</span> 
     </span>
    </p>
   </div>
   <div class='ocr_carea' id='block_1_17' title="bbox 0 0 2196 5964">
    <p class='ocr_par' dir='ltr' id='par_1_18' title="bbox 0 0 2196 5964">
     <span class='ocr_line' id='line_1_38' title="bbox 0 0 2196 5964; baseline 0 0"><span class='ocrx_word' id='word_1_336' title='bbox 0 0 2196 5964; x_wconf 95' lang='lat' dir='ltr'><strong> </strong></span> 
     </span>
    </p>
   </div>
  </div>
 </body>
</html>
