4404 5960
27 4323 30 4406 l

831 419 1244 560 νεφέ-

132 669 272 780 .ροῃάο
300 670 437 752 taliter
464 683 757 754 testamentum.
800 666 877 751 Ae
893 667 1094 753 edificium
1121 685 1261 752 sancte
1281 667 1469 755 ,katerine
1495 671 1549 754 ed
1577 651 1722 756 fratres
1755 676 1929 770 minores

92 827 99 840 ·
137 785 260 865 scaris
287 779 361 864 ubi
389 787 430 864 81
456 782 706 892 sepulturam
733 777 850 888 eligo.
891 777 1033 888 predia
1061 807 1141 892 que
1169 779 1347 889 byallem
1377 781 1564 891 possideo
1598 784 1764 896 insuper
1791 773 1832 872 dt
1858 788 1930 875 u'e.
2032 821 2039 841 s
2158 770 2162 781 ⁴

135 909 216 976 stes
245 921 351 974 meas
378 892 607 976 scarlaticas
634 899 674 975 &
701 890 799 972 a'lias
826 888 983 972 bla'uias
1010 919 1103 972 cum
1132 919 1216 974 uno
1243 892 1330 972 cult
1357 898 1397 975 u
1423 917 1608 1004 purpure
1636 901 1720 979 una
1746 903 1786 980 &i
1813 929 1929 985 casu.

136 1004 175 1087 la
205 1033 412 1116 purpurea
441 1003 609 1112 dignum
638 1002 738 1085 duxi
765 1000 994 1084 tribuenda:
1037 1001 1103 1086 Ad
1130 1005 1377 1085 solucionem
1422 1031 1507 1085 mee
1548 1008 1679 1089 crucis
1720 1008 1862 1118 predia
1885 1016 1928 1096 in

136 1120 291 1227 quibus
317 1132 399 1196 tres
427 1115 560 1197 coloni
589 1114 774 1195 habitant
802 1112 1038 1194 moaherath
1068 1142 1160 1195 cum
1187 1112 1366 1227 quodam
1395 1133 1512 1224 prato
1535 1134 1649 1198 extra
1677 1125 1844 1233 uaganti
1858 1122 1928 1207 da·

137 1254 182 1309 re
211 1225 404 1336 disposui.
434 1225 503 1307 sed
532 1226 610 1306 hoc
638 1223 848 1332 voluntati¹
869 1223 1024 1306 domini
1051 1227 1128 1306 mci
1157 1224 1271 1307 ducis
1299 1223 1480 1308 concedo
1507 1245 1633 1336 prout
1660 1228 1737 1310 sibi
1764 1232 1927 1341 placue-

135 1341 191 1419 rit
207 1335 528 1448 drsponeudum.
557 1336 638 1418 filie
666 1363 751 1418 mee
783 1353 878 1417 note
907 1363 1028 1445 quam
1056 1333 1187 1419 habeo
1215 1339 1329 1418 iuxta
1356 1337 1576 1419 clmrstrum
1597 1356 1768 1424 wretom
1795 1345 1928 1454 quod·
1992 1412 1995 1425 .
2116 1368 2119 1378 ·

133 1449 230 1532 dam
259 1448 488 1560 prediolum
515 1445 630 1560 quod
656 1447 817 1530 hoclom
844 1444 978 1526 babeo
1005 1448 1145 1530 tribuo
1172 1446 1470 1558 possidendum.
1529 1449 1718 1553 Quatuor
1745 1457 1928 1563 personis

138 1561 181 1641 in
210 1562 405 1665 seruitute
437 1559 543 1640 natis
572 1556 731 1668 plenam
761 1555 990 1640 libertatem
1017 1556 1258 1642 condonaui.
1285 1586 1461 1670 quorum
1484 1559 1647 1641 nomina
1673 1587 1928 1670 personasse

41 1683 43 1688 ’
135 1671 256 1753 clesie
284 1669 531 1753 dorotheae
559 1669 867 1750 &stabularius
895 1693 1006 1750 meus
1040 1695 1200 1752 omenes
1241 1671 1374 1752 sciunt
1402 1674 1730 1780 &cognoscunt
1757 1677 1929 1759 ¹Cetera

32 4649 36 4794 l

34 4797 36 4854 l

35 4865 38 4926 Ι

131 1785 271 1865 omnia
298 1800 381 1864 tam
404 1779 574 1862 mobilia
601 1807 724 1890 quam
751 1777 970 1860 immobilia
998 1783 1096 1862 meis
1123 1783 1239 1863 iustis
1265 1780 1481 1863 heredibus
1515 1781 1763 1895 derelinquo.
1818 1789 1927 1868 Con·

134 1894 286 1976 fectum
313 1906 374 1976 est
395 1908 536 1974 antem
563 1890 640 1972 boo
668 1905 949 1976 testamentum
978 1892 1234 2000 presentibus
1261 1890 1339 2000 hijs
1366 1893 1537 1976 testibus
1557 1891 1725 1976 domino
1751 1897 1926 1980 ranulfo

134 2004 354 2104 sacerdote.
384 2002 606 2086 stabulario
636 2029 724 2083 meo
753 2026 902 2082 omero.
934 2001 1116 2084 iohanne
1131 2002 1298 2086 medico.
1324 2002 1473 2112 Magno
1488 2006 1662 2115 gunnari
1682 2007 1766 2087 filio
1793 2005 1844 2091 de
1858 2025 1924 2102 ns·

134 2119 261 2225 gocia.
292 2114 488 2214 fratribus
515 2113 739 2206 minoribus
768 2108 929 2221 iggeldo
975 2116 1016 2192 &
1057 2112 1201 2197 lalone.
1256 2115 1471 2196 Contestor
1512 2117 1636 2224 igitur
1663 2141 1803 2200 omnes
1838 2136 1927 2202 tan

136 2242 341 2338 presentes
368 2253 488 2336 quam
516 2225 710 2307 absentes.
742 2241 788 2304 ut
813 2222 891 2303 hoc
931 2237 1216 2307 testamentum
1244 2240 1325 2306 tam
1356 2225 1600 2332 legitime&
1641 2231 1836 2311 canonice
1867 2230 1925 2311 fa·

135 2357 246 2420 ctum
276 2333 570 2418 inuiolabiliter
599 2345 874 2416 conseruetur.
903 2331 1143 2418 Confectum
1170 2334 1339 2418 rothene
1363 2363 1471 2418 anno
1491 2336 1655 2421 domini.
1683 2339 1924 2424 M·.CC⁰.L·.

137 2449 226 2530 lX·.
255 2446 321 2530 die
348 2462 484 2530 sancte
512 2446 677 2556 agnetis.

582 2583 711 2668 sigillet,
733 2585 827 2668 nigot
847 2585 993 2666 dadadt,
1014 2585 1131 2671 benger
1152 2590 1162 2649 i
1184 2585 1256 2670 gralo
1275 2583 1480 2649 sillestridar.

141 2985 275 3118 ree.
756 2950 906 3130 125'9
954 2981 1002 3088 e.
1057 2983 1124 3090 16
1170 2980 1319 3090 rese.
1535 3041 1538 3052 ·
1707 2985 1923 3138 anagn.
1980 2987 1983 2994 “

215 3206 305 3272 Pes.
325 3205 510 3270 hennom
520 3201 591 3267 an
601 3201 679 3266 Bref
683 3199 736 3265 till
743 3201 887 3278 Svenske,
902 3202 1090 3290 Bisioparne
1099 3224 1153 3268 om
1162 3201 1283 3269 biunde
1295 3197 1533 3289 tillllyttningen
1552 3203 1590 3269 af
1603 3201 1922 3304 UpselaDomkyrka.

1605 3317 1790 3378 bnon

168 3483 171 3488 ·
298 3461 538 3536 Atrnnnra
566 3453 780 3562 episcopus
812 3477 953 3534 seruus
980 3477 1190 3532 seruorum
1217 3447 1297 3560 dej.
1337 3448 1637 3535 venerabilibus
1662 3451 1861 3541 fratribus
1883 3518 1920 3542 ..

133 3565 253 3654 Suffr
304 3565 413 3647 aneis
441 3563 605 3646 ecclesie
634 3562 881 3670 Vpsallensis
897 3562 1073 3645 Salutem
1102 3567 1142 3644 &
1170 3561 1431 3672 apostolicam
1459 3563 1790 3649 benedictionem.
1820 3565 1923 3652 Cum

130 3683 239 3766 sicut
299 3675 405 3758 'lecti
433 3673 506 3784 filij
523 3738 532 3756 .
547 3737 556 3756 .
571 3672 890 3755 Archidiaconus
909 3679 948 3754 &
969 3671 1204 3782 Capitulum
1231 3673 1463 3786 Vpsallense
1476 3701 1548 3756 sua
1574 3676 1693 3758 nobis
1721 3679 1923 3788 peticione

127 3801 427 3882 monstrarunt,
462 3787 559 3896 ipsis
589 3812 610 3865 a
640 3784 733 3867 sede
766 3784 987 3894 apostolica
1014 3785 1067 3865 sit
1093 3810 1345 3883 eoncessum,
1387 3798 1601 3868 uteorum
1633 3788 1798 3870 eeclesia
1826 3807 1923 3898 pros
2013 3846 2016 3855 -

126 3921 225 4016 pter
254 3896 448 4012 quasdam
478 3897 730 3977 necessitates
758 3895 810 3977 ad
851 3895 985 3978 locum
1014 3895 1140 4005 magis
1167 3894 1371 4004 ydoneum
1398 3895 1661 3994 tranferatur,
1689 3898 1808 3982 &ad
1836 3913 1921 3986 tam

126 4027 416 4122 sumptuosum
445 4033 549 4117 opus
576 4007 743 4118 proprie
777 4007 902 4115 ipsius
929 4033 1012 4086 non
1042 4021 1261 4117 suppetant
1303 4003 1527 4103 facultates,
1555 4033 1602 4088 ac
1633 4035 1707 4116 per
1735 4009 1814 4092 hoc
1842 4012 1921 4124 ipsi

125 4123 298 4210 ecclesie
325 4134 469 4230 utpote
496 4119 613 4198 matri
642 4133 683 4198 et
710 4116 1019 4230 metropolitane
1047 4135 1180 4200 uestro
1212 4118 1293 4198 sint
1318 4116 1510 4306 suffragia
1539 4133 1674 4198 uestra
1701 4121 1920 4229 plurimum

27 4297 29 4306 ,
123 4249 357 4348 oportuna,
386 4227 677 4311 fraternitatem
705 4243 880 4309 uestram
907 4255 1113 4338 rogamus,
1142 4253 1349 4309 monemus
1377 4243 1418 4307 et
1474 4244 1656 4309 ortamur
1682 4247 1831 4313 attente
1844 4257 1921 4424 ἓν

125 4344 355 4458 apostolica
384 4340 502 4422 uobis
530 4340 679 4448 scripta
708 4337 962 4436 mandantes,
996 4341 1183 4449 quatinus
1217 4337 1365 4448 singuli
1400 4355 1580 4419 nestrum
1601 4339 1737 4444 ›iuxtaj
1750 4339 1843 4424 facu

30 4489 31 4494 ¹
125 4473 191 4540 tes
217 4453 409 4648 proprias
437 4453 493 4535 eis
521 4453 564 4531 in
592 4449 671 4531 hoc
699 4449 955 4534 necomitatis.
972 4449 1144 4534 articulo
1171 4447 1313 4557 auxilij
1340 4472 1501 4528 manum
1526 4447 1660 4536 taliter
1701 4449 1918 4582 porrigatis
1961 4457 1964 4466 ’

31 4579 33 4618 f
123 4593 215 4680 quo

289 4561 427 4646 eadem
470 4561 635 4643 ecelesia
679 4558 859 4644 debitum
899 4561 944 4640 in
984 4560 1103 4641 uobis
1144 4555 1368 4640 subsidium
1408 4584 1450 4638 se
1492 4557 1666 4670 gaudeat
1707 4567 1917 4645 inuenisse.

117 4703 287 4787 nosque
316 4672 595 4756 liberalitatem
623 4687 798 4752 uestram
825 4667 972 4753 exinde
1008 4673 1148 4756 merito
1179 4667 1512 4776 commendemus.
1557 4671 1707 4754 Datum
1734 4676 1918 4786 Anagnie

114 4787 252 4872 Xllll
280 4781 453 4868 Kalend.
480 4780 623 4891 Martij.
643 4781 915 4874 Pontificatusj
936 4779 1074 4889 nostrj‘
1097 4786 1217 4864 Anno
1246 4779 1413 4884 Quinto.

568 4905 776 5008 'Bt'yliutlan,
797 4911 864 4987 rom
885 4919 979 5006 ltingt
999 4921 1011 4983 l
1031 4910 1208 5004 “Seldmr
1229 4928 1263 4983 ΕΓ
1284 4919 1462 5020 b⁰flf⁸¹¹²⁰f
1549 5015 1559 5025 ,
1614 4883 1619 4894 1
