4368 5950
998 406 1056 426 ..
1171 361 1413 456 ,61-

322 613 448 725 telo.
1111 627 1298 710 ¹1211.

393 819 467 884 sus
487 814 675 878 emma·
686 807 807 956 fm-
829 807 889 869 och
907 805 1140 953 skdtesbrespfi
1160 805 1272 870 baliva
1292 808 1341 870 sln
1361 809 1511 892 egendum
1534 811 1586 877 tiu
1619 813 1680 878 we
1710 811 1843 888 umet,
1875 809 1998 877 hvffiffl
2025 810 2078 876 h„

326 968 336 980 ι
441 897 685 962 duckstraxtu
722 903 790 976 ytte
810 889 1015 974 motgdrdeu
1036 891 1100 958 Bar
1123 910 1183 954 em.
1358 941 1362 952 ,
1517 907 1522 918 ·
1875 927 1879 934 .

1670 1025 1674 1040 ¹
1771 1008 1808 1063 K.
1825 1022 1849 1060 c.
1869 1020 1893 1060 a:
1910 1008 1965 1076 ²⁸7·

474 1118 593 1191 Anno
627 1107 916 1187 incarnationis
951 1103 1150 1186 dominice
1193 1106 1244 1186 M.
1276 1107 1354 1186 CC.
1378 1105 1447 1186 XI.
1479 1107 1566 1214 Ego
1596 1087 1801 1189 Nmoims
1837 1106 1942 1187 lilius
1976 1107 2079 1187 Psnu

306 1227 363 1307 ob
390 1221 560 1304 salutem
589 1221 721 1298 anime
750 1243 983 1296 mee·sanus
1012 1209 1290 1296 &incolumis
1325 1217 1367 1294 in
1396 1220 1598 1326 presentia
1633 1217 1786 1299 domini
1814 1222 1861 1298 A.
1891 1216 2082 1326 Arcltiepi·

305 1336 418 1443 scopi
432 1338 471 1411 81
485 1329 640 1410 domini
654 1330 863 1436 Ingemari
874 1324 1044 1433 prefecti
1072 1354 1119 1406 ac
1150 1327 1367 1405 multorum
1395 1328 1593 1408 nobilium
1626 1329 1809 1408 virorum
1838 1327 2024 1408 fratribus
2049 1329 2083 1406 in

305 1448 386 1527 We
400 1438 607 1524 dimidiam
622 1455 777 1548 partem
792 1437 991 1546 portionis
1007 1464 1093 1516 mee
1108 1435 1346 1517 confirmaui
1361 1437 1554 1526 scotando
1576 1465 1698 1546 super
1712 1438 1838 1519 altare
1852 1453 1986 1518 sancte
2003 1440 2085 1519 Ma·-

303 1561 376 1636 rie.
393 1566 549 1634 astante
577 1549 886 1630 archidiacono.
916 1553 962 1626 A.
993 1552 1033 1626 &
1061 1546 1228 1630 decano.
1259 1547 1305 1626 Τ.
1338 1547 1554 1657 multisque
1569 1549 1669 1628 aliis
1696 1566 1778 1630 tam
1807 1547 1962 1629 clericis
1976 1574 2084 1657 quam

304 1666 432 1746 laicis:
456 1658 538 1741 Sed
565 1687 617 1739 ne
646 1659 783 1770 aliqua
813 1658 1045 1766 calumpnia
1074 1661 1131 1738 eis
1158 1674 1252 1764 post
1287 1656 1371 1738 dies
1406 1685 1515 1738 meos
1543 1685 1665 1767 super
1701 1658 1780 1740 hoc
1814 1659 1944 1768 possit
1979 1659 2085 1738 obicis

303 1779 345 1854 81
373 1799 455 1884 que
470 1787 682 1878 :geruntur
710 1775 752 1850 in
783 1787 964 1877 tempore
991 1787 1046 1847 ne
1074 1769 1265 1847 labantur
1279 1796 1385 1848 mum
1415 1788 1596 1876 tempore
1624 1769 1828 1850 bonorum
1857 1771 2032 1851 virorum
2045 1795 2084 1847 ac

302 1883 528 1964 litterarum
550 1880 681 1961 solent
709 1881 954 1990 perhennari
981 1879 1224 1958 testimonio.
1255 1884 1293 1958 &
1322 1907 1374 1958 ne
1402 1879 1576 1958 filiorum
1603 1897 1676 1960 aut
1703 1880 1875 1960 aliorum
1904 1897 2086 1986 cognato·¹

302 2021 396 2074 rum
421 1995 612 2073 iuuentus
646 2011 830 2072 nostrum
866 1990 983 2069 liceat
1019 1989 1180 2066 irritare
1195 2017 1200 2026 ·
1215 1985 1378 2070 donum.
1422 1991 1652 2097 portionem
1680 2017 1773 2070 cum
1802 1991 2011 2071 mansione
2051 1990 2086 2067 in

303 2105 479 2185 Barbam
506 2101 659 2183 redemi
686 2131 733 2182 ac
762 2098 882 2207 sigilli
911 2099 1038 2178 nostri
1067 2100 1299 2181 testimonio
1328 2098 1576 2181 confirmaui.
1606 2101 1867 2210 Quicunque·
1882 2102 2006 2207 igitur
2021 2097 2084 2179 do·

301 2241 401 2294 uum
429 2215 751 2321 prenominatum
784 2216 823 2289 &
850 2208 1145 2290 confirmatum
1164 2209 1325 2291 irritum
1367 2210 1500 2290 facere
1535 2226 1706 2292 conatus
1742 2208 1865 2293 fuerit
1903 2211 2003 2290 iram
2031 2207 2087 2290 dei

304 2323 659 2432 omnipotentis&
686 2321 804 2402 beate
832 2320 968 2400 Maria
996 2319 1242 2428 Virginis&
1270 2323 1450 2402 omnium
1479 2340 1710 2403 sanctorum
1738 2321 1781 2402 in
1795 2347 1836 2401 se
1852 2341 2087 2429 prouocasse

303 2457 345 2516 se
374 2462 459 2515 non
489 2432 650 2514 dubitet
678 2435 718 2511 &
746 2446 901 2538 partem
929 2427 1078 2510 habeat
1107 2460 1199 2513 cum
1227 2431 1404 2540 illisqui
1432 2431 1624 2514 dixerunt
1658 2429 1824 2514 domino
1858 2431 1941 2514 deo
1969 2432 2086 2511 scien·

302 2544 400 2624 tiam
428 2545 586 2626 riarum
613 2562 774 2627 tuarum
801 2541 1002 2620 nolumus.
1031 2543 1170 2622 Amen.
1358 2567 1363 2584 “

315 2948 447 3059 141.
1130 2971 1297 3038 1211.

384 3147 565 3214 tite-Bisa
589 3152 732 3216 Asosm
753 3150 920 3212 srmone
940 3151 1132 3215 stadl'tstelse
1152 3152 1193 3236 pt
1213 3150 1418 3214 ofvmnsmde
1439 3155 1511 3215 Nus
1531 3153 1719 3218 Pmassons
1748 3155 1843 3299 gissa
1863 3155 1927 3216 och
1957 3151 2093 3217 (brorda-

434 3232 474 3296 dc
498 3235 621 3318 utbyte,
643 3233 715 3296 med
736 3235 825 3315 intyg
844 3241 892 3294 att
910 3233 1051 3316 skiitning
1072 3236 1152 3296 skett
1172 3235 1359 3317 deungfru
1368 3237 1468 3299 Maris
1490 3236 1600 3300 altare
1622 3241 1633 3300 i
1655 3239 1727 3317 we,
1769 3236 1987 3321 dbo'sdingen
2010 3239 2094 3298 Isos·

434 3335 500 3378 m
519 3315 697 3380 bolofvede
716 3317 763 3378 sin
783 3315 887 3378 dotter
906 3315 979 3378 med
999 3317 1037 3379 P.
1060 3315 1218 3381 Esssssott.

1755 3435 1791 3489 K.
1811 3452 1836 3488 e.
1855 3451 1878 3491 t:
1899 3435 1962 3488 288.

464 3567 511 3642 A.
547 3563 622 3642 Dei
649 3563 785 3672 gracia
812 3563 1038 3645 Lundeusis
1066 3567 1405 3675 Archiepiscopus
1439 3565 1602 3649 Suethie
1623 3569 1783 3677 primas.
1813 3569 2025 3650 Omnibus
2047 3561 2094 3644 ad

300 3697 402 3782 quos
432 3690 635 3780 presentes
668 3673 798 3754 littere
827 3676 1097 3782 peruenerint.
1125 3678 1303 3757 Salutem
1326 3679 1369 3758 in
1397 3706 1494 3758 vero
1527 3676 1701 3761 salutari.
1731 3678 2004 3760 Uniuersitati
2032 3701 2092 3756 vc·

299 3798 380 3862 stre
407 3798 549 3864 notum
577 3779 750 3862 iacimus
779 3783 893 3891 quod
921 3811 1031 3863 auno
1060 3788 1348 3867 incarnationis
1377 3785 1575 3868 dominice
1604 3789 1655 3868 M.
1684 3789 1762 3868 CC.
1797 3789 1867 3868 XI.
1902 3791 2094 3870 Nicoluus

298 3891 405 3972 filius
433 3897 551 3976 Petri
575 3894 632 3974 ob
659 3893 826 3974 salutem
855 3894 986 3974 anime
1015 3921 1085 3973 sue
1114 3921 1234 3974 sanus
1263 3903 1301 3975 &
1329 3897 1540 3978 incolumis
1567 3901 1609 3979 in
1631 3899 1698 3980 die
1725 3901 1806 4007 qua
1835 3897 2034 3980 dominus
2058 3897 2093 3978 J.
2178 3989 2183 3998 ,

299 4001 502 4110 prefectus
531 4001 653 4083 filiam
681 4030 793 4084 suam
821 4002 998 4102 domino.
1027 4008 1078 4085 P.
1108 4005 1194 4084 lilio
1220 4007 1394 4087 Ebbonis
1421 4006 1681 4116 desponsauit
1709 4011 1752 4088 in
1768 4012 1850 4090 We
1870 4013 1916 4090 in
1933 4035 2096 4120 presen-

296 4114 355 4193 tia
390 4116 518 4196 nostri
559 4115 768 4194 assistente
810 4113 1108 4194 Archidiacono
1153 4121 1203 4196 A.
1234 4122 1273 4196 &
1302 4119 1464 4198 Decano
1493 4121 1537 4200 T.
1567 4126 1607 4200 &
1634 4118 1810 4200 domino.
1840 4123 1878 4202 J.
1911 4119 2098 4228 prefecto

296 4221 513 4336 multisqne
542 4223 631 4302 aliis
659 4222 865 4307 nobilibus
892 4241 974 4304 tam
1003 4224 1158 4305 clericis
1187 4255 1309 4335 quam
1338 4227 1447 4308 laicis
1484 4228 1676 4311 fratribus
1705 4232 1855 4311 inWe
1883 4229 2100 4312 dimidiam

296 4349 456 4440 partem
489 4335 689 4443 portionis
716 4360 787 4413 sue
820 4333 1073 4417 confirmauit
1100 4336 1293 4418 sectando
1322 4366 1444 4447 super
1471 4340 1598 4420 altare
1623 4356 1760 4422 sancte
1802 4343 1947 4424 Maria
1977 4367 2103 4451 quam-

295 4445 524 4548 portionem
554 4446 687 4525 statim
719 4443 824 4526 lacta
852 4444 1084 4528 conditione
1113 4475 1204 4528 cum
1232 4447 1405 4559 quadam
1429 4453 1648 4532 mansione·
1662 4458 1706 4531 in
1726 4455 1880 4532 samm
1910 4452 2097 4534 redemit.

199 4595 207 4648 ·.
295 4549 417 4632 huius
440 4558 505 4635 rei
542 4572 663 4638 testes
690 4581 843 4636 sumus.-
867 4557 1111 4666 Quicunque
1128 4566 1237 4665 'ergo
1266 4562 1592 4669 prenominatum
1621 4560 1774 4642 donum
1808 4578 1892 4642 tam
1912 4561 2099 4644 vmanife-

205 4681 208 4688 ’
295 4675 402 4741 stum
429 4690 479 4744 ac
507 4667 644 4746 taliter
672 4667 951 4747 confirmatum
978 4668 1140 4750 irritum
1169 4668 1300 4776 lacere
1328 4688 1498 4752 conatus
1527 4672 1670 4771 fuerit,
1698 4674 1799 4752 iram
1822 4673 1887 4755 dei
1902 4675 2098 4784 omnipo·

295 4772 482 4852 tentis&
512 4773 629 4857 beate
659 4779 794 4858 Maria
821 4774 1001 4885 virginis,
1033 4781 1295 4890 omniumque
1323 4800 1555 4864 sanctorum
1584 4811 1882 4894 seprouocasse
1902 4813 2041 4894 super
2061 4809 2101 4863 se

294 4907 380 4966 non
406 4880 589 4964 dubitet.
619 4888 793 5079 Insuper
820 4893 859 4968 81
886 4907 1022 4974 nostre
1050 4889 1254 4974 subiaceat
1289 4895 1704 4980 excommunicationi.
1735 4922 1957 5008 quousque
1973 4895 2101 5006 digne

288 4995 333 5079 lt
358 4988 438 5076 deo
466 4993 685 5080 &eisdem
734 4997 913 5084 ratribus
941 5029 1068 5116 super
1097 5002 1176 5089 hoc
1203 5003 1450 5090 satisfecerit.
