4406 5966
142 3407 146 3418 ,
227 3429 235 3448 .
351 3333 403 3419 de
431 3362 545 3415 avem
572 3362 699 3418 vnum
727 3336 900 3421 solidum
927 3355 1034 3424 terre
1063 3343 1103 3418 &
1131 3367 1253 3422 unam
1280 3337 1445 3422 hastam.
1476 3355 1518 3422 et
1548 3339 1712 3420 ecclesie

1038 418 1094 442 ....
1184 313 1331 482 '71s
1384 413 1456 468 ..-

342 624 495 710 cepero
523 579 567 677 in
593 589 804 674 mandatis.
833 593 887 676 Et
913 618 1033 702 snper
1061 593 1263 703 premissis
1291 565 1497 692 omnibns,
1526 595 1567 674 81
1583 592 1763 702 singulis
1790 596 1933 706 plenam
1955 604 1988 678 8<
2008 600 2065 683 lid·

344 711 426 793 lem
455 709 655 790 rationem·
679 703 848 788 reddam
875 704 1010 801 vobis,
1040 709 1080 784 &
1107 707 1140 786 si
1169 707 1380 815 contingat
1407 734 1481 789 vos
1509 703 1715 800 officium,
1737 705 1844 816 qvod
1857 709 1897 788 in
1920 715 2076 818 premissis

2137 361 2142 476 l

317 822 512 930 rgeritis,⁴
533 815 754 914 dimittere,
781 816 856 903 bec
884 813 1025 896 eadem
1052 814 1193 897 faciam
1231 815 1346 922 juxta
1389 799 1626 898 mandatum
1668 816 1795 901 illius.
1816 822 1882 929 qvi
1917 821 2077 904 subsitae·
2141 825 2142 868 ³

281 960 285 968 ·
345 934 486 1012 turin
515 927 657 1011 codem
685 925 832 1008 officio.
862 925 936 1010 Sic'
958 954 1021 1006 me
1051 927 1158 1007 Deus
1183 924 1372 1035 adjuvet,
1401 934 1441 1009 &
1470 929 1555 1008 haec
1569 943 1708 1008 sancta
1737 929 1951 1038 Evangelia.
1976 929 2078 1013 Dalm

210 1119 212 1124 ,
320 1041 541 1153 'Lugduni
566 1037 723 1121 decimo
750 1036 931 1134 secundo
959 1036 1166 1120 Kalendas
1187 1037 1381 1128 Octobris
1409 1039 1673 1122 Pontificatus
1702 1040 1840 1120 Nostri
1848 1046 1958 1122 vArmo
1975 1042 2077 1124 Tertia

195 1335 198 1356 .
351 1263 485 1372 aas.
1179 1269 1346 1414 1275.

429 1457 544 1522 master
563 1437 682 1522 Paulas
701 1457 896 1522 Testamenta
918 1457 955 1518 af
970 1453 1123 1560 lastighet,
1145 1459 1318 1542 penningar
1338 1455 1399 1520 och
1421 1455 1521 1522 andra
1535 1445 1631 1520 'scier
1651 1455 1701 1520 till
1722 1447 1918 1548 lyrlroroch
1935 1455 2034 1536 llaslen

1846 1573 1880 1626 n.
1897 1571 1920 1641 4.
1935 1569 1960 1622 a.
1976 1571 1997 1624 a.

461 1656 466 1669 ’
514 1672 724 1752 Vniuctsis
751 1684 957 1778 presentes
984 1667 1138 1750 litteras
1152 1670 1409 1778 inspecturis.
1439 1671 1628 1780 Magister
1637 1671 1780 1778 Palae.
1811 1669 2019 1754 Salutemin
2033 1669 2084 1746 uir·

314 1775 454 1895 *ginis
482 1782 566 1863 lilio
594 1781 889 1890 sempiternam.
933 1780 1137 1880 Quoniam
1166 1782 1253 1866 uari
1256 1811 1271 1894 J
1302 1797 1398 1864 sunt
1427 1781 1602 1864 humane
1644 1781 1878 1892 fragilitatjs
1909 1796 2044 1860 euentus
2061 1793 2083 1857 et

347 1921 440 1978 cum
468 1893 664 1975 terminus
692 1891 833 1978 mortis
863 1887 1053 1976 omuibus
1081 1894 1133 1978 sit
1159 1893 1349 1978 incertus.
1378 1895 1563 1974 Humana
1590 1893 1716 1976 eciam
1737 1894 1925 1976 memoria
1940 1905 2085 1972 cuntan-

346 2031 448 2116 pore
475 2003 558 2084 labi
584 2001 686 2090 solet
714 2029 873 2086 necesse
900 2017 960 2090 est
989 2000 1136 2085 dubios
1164 2032 1278 2092 casus
1307 2007 1427 2090 certis
1455 2004 1681 2102 rationibus
1703 2005 1928 2115 prouenire.
1953 2003 2023 2110 Ego
2042 1997 2085 2105 igi·

273 2183 279 2197 .
347 2134 416 2197 tur
444 2110 495 2196 de
523 2113 653 2196 salute
681 2115 812 2196 anime
852 2134 939 2196 mee
977 2112 1158 2204 solicitus
1187 2115 1239 2197 ad
1267 2118 1454 2200 notitiam
1502 2117 1754 2227 singulorum
1797 2117 1896 2198 nolo
1936 2110 2086 2223 peruenire

349 2223 462 2340 quod
492 2241 776 2307 testamentum
803 2253 938 2307 meum
966 2243 1098 2328 mente
1126 2254 1248 2315 sanus
1278 2247 1318 2309 ct
1344 2227 1502 2312 ratione
1529 2228 1624 2312 licet
1663 2225 1822 2312 uiribus
1871 2223 2027 2332 corporis
2046 2215 2088 2299 de

347 2338 508 2418 stitutus
544 2337 601 2418 sic
631 2335 896 2418 deliberando
937 2335 1062 2448 statuj
1108 2334 1310 2437 ordinare.
1354 2340 1530 2432 Ecclesie
1559 2341 1685 2425 sancti
1713 2341 1823 2426 Petri
1852 2329 2088 2420 cathedraliin

348 2450 574 2556 strengines
602 2447 770 2528 confero
798 2476 869 2538 sex
895 2447 1152 2530 horas'terre
1182 2449 1224 2536 in
1252 2450 1376 2559 berge
1405 2479 1498 2535 cum
1526 2448 1713 2536 domibus
1749 2447 1938 2536 omnibus
1961 2471 2024 2556 quc
2044 2439 2088 2520 ibi

348 2555 442 2640 dem
469 2574 575 2648 sunt.
605 2561 780 2669 Jnsnper
809 2558 913 2646 duos
939 2561 1075 2648 boues.
1104 2574 1282 2669 quatuor
1303 2589 1458 2648 uaccas.
1487 2557 1556 2642 s'ex
1585 2586 1683 2646 oues
1712 2575 1752 2642 et
1781 2586 1854 2640 sex
1877 2583 1958 2658 sues
1976 2551 2089 2634 subhac

351 2670 491 2756 forma.
521 2687 568 2758 ut
584 2668 767 2752 redditus
796 2667 902 2751 dicte
930 2670 1147 2760 mansionis
1176 2668 1326 2753 dentur
1342 2669 1393 2754 ad
1410 2670 1588 2756 eiusdem
1601 2670 1766 2760 ecclesie
1781 2667 1987 2777 edificium.
2008 2663 2091 2743 donec

335 2781 537 2892 :canonici
564 2783 610 2862 in
639 2780 724 2890 ipsa
757 2779 909 2860 fuerint
937 2781 1121 2863 instituti.
1151 2798 1312 2890 etpost
1340 2783 1513 2866 addatur
1542 2783 1617 2892 unj
1642 2781 1852 2894 prebende
1878 2795 1924 2860 ut
1948 2805 1990 2857 eo
2013 2771 2091 2855 deuo

351 2891 438 2975 cius
465 2891 508 2970 in
535 2908 755 3000 memorata
784 2891 950 2973 ecclesia
978 2891 1057 3002 deo
1086 2889 1300 2976 seruiatirr.
1331 2909 1372 2982 et
1387 2895 1549 2976 nomine
1573 2923 1662 2976 meo
1678 2890 1897 3001 diligenter
1922 2887 2089 2992 conscripta

336 3008 684 3098 &annumerato
716 3029 807 3084 cum
837 3003 1069 3094 nominibus
1114 3003 1348 3113 specialium
1390 3004 1697 3089 benefactorum
1740 3005 1830 3084 eius
1859 2999 2027 3082 memoria
2049 2990 2092 3097 nei

348 3127 443 3222 post
471 3128 642 3195 mortem
671 3129 871 3230 perpetuo
900 3113 1111 3199 habeatur.
1142 3115 1186 3226 jn
1208 3117 1345 3204 missis,
1375 3115 1524 3226 uigilijs
1552 3117 1594 3202 et'
1623 3113 1711 3224 alijs
1739 3115 1865 3194 b'onis
1894 3139 1968 3220 quc
1991 3129 2093 3217 peren

351 3238 392 3305 et
420 3249 561 3312 eorum
588 3251 836 3322 successores
864 3225 1025 3338 operari
1054 3223 1290 3336 dignabitur
1318 3227 1536 3314 clemencia
1570 3225 1798 3336 saluator's.
1860 3222 1962 3302 Jtem
1984 3215 2094 3300 ecelsis

1743 3255 1795 3420 de
1825 3333 1996 3434 kirnum
2014 3349 2095 3409 unam

351 3441 526 3550 solidum
555 3458 663 3527 terre
690 3447 734 3525 in
764 3475 921 3540 arnum,
980 3448 1084 3530 Jtem
1113 3451 1277 3530 ecclesie
1306 3447 1475 3548 husebi.
1505 3455 1633 3540 unum
1662 3445 1837 3538 solidum
1868 3463 1971 3526 terre
1994 3439 2093 3546 ilipa

352 3553 581 3667 parrochia.
613 3558 718 3639 Jtem
747 3557 959 3646 ffratribus
988 3558 1309 3669 predicatoribus
1337 3559 1388 3641 de
1417 3563 1654 3670 strengines.
1685 3559 1786 3672 duas
1801 3559 1982 3640 marchas
1992 3543 2091 3674 denari·

353 3695 483 3766 orum.
513 3665 726 3758 ffratribus
755 3667 807 3752 de
835 3685 991 3750 westrae
1021 3696 1145 3759 arros,
1173 3670 1276 3760 duas
1303 3669 1484 3759 Marchas
1513 3670 1790 3757 denariorum·
1823 3668 1890 3749 Ad
1918 3667 2046 3749 domun
2063 3683 2096 3734 u·

353 3779 602 3862 etuniensem
630 3779 731 3866 duas
760 3778 942 3867 Marchas
972 3778 1239 3870 denariorum,
1269 3781 1373 3862 Jtem
1388 3781 1603 3865 ffratribus
1615 3779 1843 3868 minoribus
1858 3779 1912 3861 de
1924 3767 2101 3892 henecoplt·

318 3892 325 3902 '
354 3917 424 3976 sex
451 3887 635 3971 Marchas
664 3887 935 3972 denariorum.
964 3906 1007 3976 et
1034 3919 1159 3980 unam
1195 3920 1342 3978 nauem
1371 3919 1452 4002 que
1489 3892 1637 3976 dicitur
1652 3895 1787 3974 scutae.
1817 3919 1915 3973 cum
1931 3879 2103 3986 attinenciis

333 4001 437 4100 'suis
466 3999 668 4092 uniuersis
695 4017 736 4082 et
763 3995 895 4090 unum‘
912 4002 1131 4100 tentorium
1147 4001 1311 4112 &apud
1340 4002 1500 4092 eosdem
1515 4005 1622 4112 eligo
1640 4003 1895 4118 sepulturam
1924 4002 2010 4112 quia
2030 3993 2106 4102 prior

224 4151 228 4158 ·
357 4131 460 4194 vxor
489 4137 577 4191 mea
605 4112 765 4233 sepulta
793 4133 854 4194 est
895 4142 988 4202 cum
1018 4110 1177 4203 eisdem,
1219 4113 1431 4208 ffratribus
1459 4113 1510 4194 de
1538 4116 1727 4198 orientali
1756 4140 1851 4194 aros
1866 4112 1965 4195 diras
1975 4101 2106 4228 Marchas
2141 4149 2142 4216 p

355 4219 628 4304 denariorum.
656 4221 866 4313 ffratribus
894 4223 945 4305 de
959 4223 1156 4314 stochvltn
1172 4223 1274 4306 duas
1292 4225 1477 4306 Marchas
1492 4223 1763 4328 denariorum.
1792 4219 2108 4332 preterea'illustu·

281 4388 285 4398 »
355 4333 433 4420 bus
476 4329 661 4420 dominis.
689 4332 856 4416 domino
885 4337 965 4424 .W,
995 4337 1082 4444 regi
1123 4337 1256 4428 suecia
1286 4339 1324 4418 8(
1353 4333 1518 4416 domino
1549 4337 1612 4426 nl.
1646 4334 1713 4417 dei
1740 4337 1878 4445 gracia
1906 4323 2109 4416 ‘ducisuecle

357 4445 398 4524 &
426 4439 651 4534 domicello
670 4445 788 4526 Erio'o
804 4447 862 4526 'et
897 4444 1110 4534 domicello
1152 4443 1367 4540 benedicto
1395 4449 1527 4554 gracia
1558 4474 1733 4557 quornm
1762 4472 1825 4527 me
1871 4463 2000 4528 cetera
2036 4457 2110 4516 rece

359 4579 512 4664 gnosso
547 4554 734 4644 habuisse
762 4556 968 4638 humiliter
996 4558 1183 4668 supplico
1211 4573 1251 4638 ot
1279 4556 1428 4647 deuote
1464 4577 1511 4641 ut
1544 4559 1624 4650 sint
1649 4553 1913 4667 'exequtores
1953 4553 2057 4634 huius
2077 4563 2111 4623 n·

361 4663 561 4771 atamentj.
593 4665 649 4745 Vt
677 4683 810 4747 autem
839 4673 1121 4750 testamentum
1148 4669 1227 4750 hoc
1255 4667 1384 4756 robur
1412 4669 1593 4759 obtineat
1608 4659 1821 4774 ,firmitatis
1866 4667 2025 4769 testium
2047 4654 2111 4772 ydl·

359 4801 530 4862 ncorum
545 4773 735 4870 uidelicet
751 4776 905 4888 dominj
932 4783 991 4860 ’.Α.
1022 4779 1293 4886 stre'ngnensis
1312 4779 1504 4888 episcopi.
1527 4785 1568 4860 &
1589 4781 1761 4889 prioris'
1777 4781 1837 4876 la.
1854 4777 2007 4864 ordinis
2021 4765 2112 4888 prede

231 4957 240 4978 ,
305 4895 312 4908 ’
361 4886 417 4985 cti
444 4901 487 4976 et
513 4903 741 4978 conuentus
770 4887 913 4979 domus
936 4892 1226 4994 'strangnensis
1255 4891 1394 4999 sigillis
1406 4907 1634 5000 presentem
1648 4891 1825 4995 litteram
1855 4891 1938 4980 feei
1964 4883 2113 4971 roboras

906 5012 924 5046 '⁴
937 4995 1020 5082 Afri
1039 4993 1128 5078 Sigill
1150 4997 1247 5085 finnas
1266 5001 1331 5065 ant
1353 5001 1480 5090 syenen
1500 5011 1587 5092 qvas.
1900 5001 1913 5028 “’
2089 5009 2093 5014 “
