4398 5958
1059 527 1113 550 ...
1199 485 1300 596 Ι,56ο
1409 529 1558 555 ....

929 703 993 784 De
1014 707 1294 812 procur-mione
1319 705 1594 812 episcoporum.

542 850 754 924 Ammonet
781 865 854 920 nos
881 865 978 920 cura
1005 841 1177 948 suscepti
1205 840 1408 948 regiminis
1435 844 1476 919 &
1502 836 1715 919 auctoritas
1758 837 1976 944 pontificalis
1996 843 2074 924 indu·

379 961 454 1053 cit,
481 970 526 1036 vt
553 981 629 1063 pro
656 966 759 1032 statu
787 954 827 1028 &
861 947 1150 1055 indempnitate
1191 950 1443 1029 ecclesiarum
1478 975 1523 1028 ac
1565 949 1687 1027 eciam
1727 944 1962 1028 subditorum
1995 953 2072 1031 sinus

380 1063 541 1148 solliciti
575 1068 615 1142 81
642 1057 888 1168 profectibus
915 1062 956 1139 a
981 1059 1238 1152 incremento,
1282 1060 1440 1183 integro
1480 1053 1616 1135 studio
1650 1053 1894 1136 intendamus
1919 1083 1995 1134 sane
2015 1087 2073 1138 cun

377 1173 605 1260 conditores
632 1194 829 1250 canonum
855 1192 1057 1246 sacrorum
1085 1168 1127 1246 in
1153 1179 1486 1272 procurationum
1527 1165 1761 1270 recepcione
1800 1192 1986 1244 numerum
2017 1192 2074 1246 cue·

375 1284 544 1363 xionum
571 1279 864 1360 restrinxerunt
892 1295 935 1358 vt
962 1302 1034 1383 per
1064 1276 1302 1355 euexionum
1331 1275 1669 1367 modificacionem
1697 1273 1982 1380 restringeretur
1992 1275 2073 1352 ecian

375 1389 629 1498 superfluitas
657 1412 929 1494 personarum,
971 1383 1155 1463 nonnulli
1182 1399 1316 1462 tamen
1343 1383 1691 1489 suffraganeorum
1711 1397 1928 1461 nostrornm
1951 1383 2011 1460 boc
2032 1386 2076 1461 ni·

373 1527 450 1581 nus
476 1497 691 1577 salubriter
723 1492 986 1587 attendentes,
1014 1493 1054 1570 in
1083 1492 1438 1598 procuracionibus
1466 1491 1718 1597 recipiendis,
1747 1487 1845 1568 adeo
1858 1488 2003 1568 subditis
2024 1492 2075 1567 suis
2123 1569 2125 1582 ,

363 1610 533 1688 ¹fuerant
560 1605 747 1684 honerosi
775 1607 814 1680 ἃ
841 1627 982 1707 graues
1009 1601 1219 1695 hactenus,
1247 1601 1358 1707 quod
1386 1627 1478 1707 sepe
1507 1600 1617 1705 longi
1645 1600 1834 1706 temporis
1860 1599 1988 1678 uictum
2009 1597 2076 1675 nul·

343 1769 347 1774 -
373 1719 425 1800 tis
452 1714 657 1795 laboribus
684 1707 962 1792 &sudoribus
990 1711 1228 1818 acquisitum
1257 1709 1393 1788 breuis
1420 1723 1721 1815 consumpserat
1755 1710 1850 1787 hora
1876 1707 1964 1785 Cum
1987 1723 2076 1784 tanen

372 1824 522 1905 debent
549 1849 640 1902 eum
668 1820 891 1927 graciarum
916 1818 1077 1898 accione
1104 1818 1292 1925 recipere,
1321 1817 1432 1926 quod
1461 1819 1516 1898 eis
1535 1819 1699 1897 honeste
1715 1823 1755 1897 &
1769 1831 2003 1921 competenter
2017 1813 2075 1890 lue

372 1935 427 2013 rit
450 1933 714 2012 ministratum
742 1945 786 2007 vt
812 1952 995 2036 nonque
1022 1953 1093 2007 sua
1121 1943 1214 2006 sunt
1230 1929 1433 2035 requirere
1463 1925 1674 2010 videantur
1703 1924 1774 2005 sed
1829 1951 1878 2002 ue
1902 1942 1980 2002 sunt
1999 1923 2074 2000 ihesu

372 2043 527 2135 christi,
554 2036 661 2119 vnde
674 2035 794 2115 huius
807 2035 908 2114 sacri
937 2034 1096 2115 concilii
1117 2037 1415 2143 approbacione
1436 2034 1620 2129 duximus
1632 1953 1887 2116 statuendum
1901 2029 2075 2139 rtepiscopi

372 2150 414 2227 iu
431 2143 788 2256 procuraciouibus
802 2143 1039 2250 recipiendis
1067 2172 1138 2249 per
1166 2143 1263 2223 duas
1293 2161 1441 2238 noctes,
1470 2143 1520 2224 ad
1542 2143 1737 2249 pabulum
1753 2167 1936 2249 equorum
1948 2141 2074 2248 quinque

283 2311 288 2324 ·
373 2255 632 2362 thynonibus‚
661 2255 703 2332 in
730 2253 896 2332 ceruisia
910 2269 1085 2361 quatuor
1098 2254 1141 2331 in
1155 2253 1328 2360 panibus
1353 2254 1519 2333 triticeis
1534 2253 1726 2359 siligineis
1743 2256 1782 2330 dr
1796 2247 2074 2328 ordeaceistribus

371 2364 632 2471 thynonibus‚
652 2363 672 2440 I
690 2386 833 2468 pecore
847 2361 886 2440 II
907 2361 1051 2441 ouibus
1079 2367 1118 2440 &
1146 2364 1165 2440 l
1194 2358 1308 2442 lardo
1335 2364 1421 2441 siue
1449 2364 1468 2441 Ι
1496 2388 1622 2468 porco
1648 2361 1800 2442 recenti
1827 2357 1910 2438 loeo
1926 2357 2072 2437 ouium&

371 2472 488 2568 lardi,
515 2472 612 2549 Vlll
627 2471 747 2577 pullis
775 2470 814 2549 ΙΙ
836 2473 944 2549 aneis
959 2469 1023 2551 die
1039 2472 1228 2566 carnium,
1244 2497 1335 2551 cum
1348 2471 1558 2550 lacticiniis
1585 2475 1625 2550 8ι
1654 2470 1832 2576 piscibus
1846 2463 2073 2572 dieisequautit

371 2585 451 2662 sint
478 2581 673 2673 contenti,
701 2573 893 2660 Candelas
920 2580 1083 2686 insuper
1123 2595 1392 2686 competentes
1418 2598 1458 2659 et
1486 2579 1694 2659 medonem
1733 2576 1902 2658 habeant
1924 2575 1980 2654 vbi
2003 2572 2073 2678 priu

265 2695 284 2722 *
372 2690 490 2770 medo
510 2704 580 2768 aut
608 2686 683 2765 mel
711 2704 973 2768 consueuerat
1004 2689 1182 2768 exbiberi
1210 2688 1274 2766 Jta
1302 2703 1435 2785 tamen
1463 2688 1574 2796 quod
1603 2703 1726 2781 cutes,
1753 2679 1882 2793 pelles,
1906 2681 2071 2790 saginent

372 2799 574 2881 residuum
602 2793 857 2876 candelarum
884 2800 924 2875 &
956 2812 1086 2877 cetera
1101 2823 1181 2906 que
1201 2796 1472 2903 superfuerint
1485 2811 1744 2877 reseruantnr
1757 2793 1940 2874 sacerdoti
1964 2787 2070 2896 Siquis

372 2909 618 3017 prelatorum
646 2903 749 2983 fame
777 2930 846 2984 sue
875 2903 1067 3013 prodigus
1102 2931 1242 3013 perse
1270 2906 1332 2983 vel
1376 2907 1475 2985 alios
1515 2905 1682 3011 amplius
1731 2931 1852 3014 quam
1885 2903 2007 2984 dictum
2033 2907 2070 2970 est

288 3061 292 3068 ·
372 3037 551 3120 tempore
578 3011 820 3091 visitacionis
860 3013 1037 3121 exegerit
1071 3019 1112 3095 &
1146 3029 1328 3094 exactum
1356 3007 1527 3122 percipit
1567 3013 1741 3120 duplum
1783 3015 1866 3092 eius
1890 3006 1983 3120 quod
2000 3027 2067 3082 rete⁴

372 3123 477 3229 perit
508 3121 544 3200 ei
570 3146 696 3307 anquo
724 3117 766 3200 id
794 3139 995 3232 receptum
1023 3119 1156 3217 fuerit,
1184 3122 1287 3202 infra
1315 3150 1488 3202 mensem
1520 3120 1688 3204 reddere
1724 3137 1914 3215 teneatur,
1950 3111 2068 3218 alioquin

374 3246 519 3311 extunc
546 3255 593 3310 su
629 3227 789 3337 raganei
817 3228 986 3338 duplum
1014 3231 1145 3338 ipsum
1180 3231 1283 3310 vltra
1325 3230 1548 3338 predictum
1592 3248 1751 3336 tempus
1793 3233 1978 3309 restituere
1997 3217 2068 3298 dille

372 3355 505 3418 rentes
533 3336 586 3417 ab
613 3339 721 3417 omni
748 3336 882 3418 oflicio
910 3342 1125 3445 pontificali
1160 3338 1377 3420 Jnleriores
1406 3367 1501 3420 vero
1529 3343 1580 3423 ab
1610 3341 1791 3447 ingressu
1826 3337 1969 3419 ecclesie
1991 3352 2071 3408 none·

373 3450 455 3528 rint
480 3475 521 3527 se
566 3471 777 3552 suspensos
818 3473 1027 3558 quousque
1069 3448 1238 3556 duplum
1279 3450 1506 3531 huiusmodi
1543 3445 1723 3556 'plenarie
1753 3441 1872 3527 luerit
1899 3443 2066 3524 restitutum

374 3554 485 3636 nulla
510 3557 551 3635 in
579 3556 655 3635 boc
684 3555 1001 3661 persoluencium
1029 3560 1260 3638 remissione
1287 3558 1521 3638 liberalitate
1549 3585 1619 3638 seu
1662 3558 1798 3664 gracia
1834 3557 1995 3642 valitura,
2023 3543 2068 3620 hee

374 3680 507 3744 autem
535 3662 586 3745 de
613 3663 814 3773 opulentis
842 3667 1121 3777 ecclesiisque
1150 3668 1326 3773 prelatos
1353 3694 1446 3748 suos
1475 3665 1527 3746 ad
1562 3668 1727 3773 plenum
1770 3687 1969 3772 procurare
1998 3648 2070 3731 sulli-

375 3776 499 3866 ciunt,
524 3774 583 3854 sie
610 3771 864 3878 intelligimus
891 3790 935 3852 vt
962 3772 1014 3854 ad
1041 3778 1316 3883 pauperculas,
1345 3778 1407 3857 vel
1436 3775 1647 3883 cappellae,
1661 3799 1742 3882 que
1770 3779 1812 3854 in
1840 3758 2071 3854 visitationibus

376 3885 488 3993 iungi
515 3899 803 3964 consueuerant
828 3881 1055 3963 nullatenus
1092 3883 1362 3964 extendantur
1404 3885 1590 3964 Ceterum
1618 3886 1650 3962 si
1678 3881 1825 3990 aliquis
1865 3877 2070 3979 suffragarer

376 4017 466 4070 rum
493 4005 720 4072 nostrorum
748 3994 1074 4097 procuracionem
1103 4019 1223 4100 quam
1251 4021 1327 4101 pro
1348 4021 1389 4073 se
1418 3998 1457 4072 ssr
1485 3992 1631 4072 familia
1660 4017 1732 4070 sua
1747 3989 1933 4072 sacerdoti
1947 3986 2071 4064 iniume

375 4101 447 4194 rit,
477 4100 673 4180 maliciose
701 4099 937 4196 faciendam,
978 4101 1082 4181 vltra
1124 4118 1280 4211 tempus
1329 4103 1381 4182 ab
1422 4103 1510 4208 ipso
1554 4100 1750 4210 prefixum
1792 4100 1958 4205 recipcre
1991 4085 2072 4166 diali·

237 4292 240 4300 ι
328 4255 330 4259 ,
374 4207 485 4302 lerit‚
527 4207 692 4290 ulterius
740 4211 1069 4314 procuracionem
1112 4209 1218 4289 illius
1261 4215 1357 4291 anni
1407 4239 1490 4291 non
1524 4210 1707 4307 habebit,
1749 4209 1791 4289 Si
1821 4233 1913 4288 vero
1938 4193 2071 4282 canonio

375 4314 661 4424 impedimento
699 4315 820 4397 fuerit
853 4319 1085 4426 prepeditus
1126 4334 1270 4428 utputa
1311 4323 1492 4427 corporis
1531 4317 1736 4400 debilitate
1769 4321 1873 4426 regis
1893 4311 1951 4394 vel
1977 4299 2071 4386 ambe

376 4427 531 4533 piscopi
558 4425 772 4505 vocacione
806 4424 953 4506 dictam
981 4429 1307 4535 procuracionem
1335 4427 1399 4508 die
1427 4427 1576 4536 prefixa
1606 4429 1782 4533 recipere
1819 4417 2025 4533 nequiuerit
2039 4432 2070 4484 ⁵³·

377 4532 517 4614 cerdos
545 4534 676 4641 ipsum
718 4560 807 4613 otim
835 4537 1007 4641 primum
1049 4537 1221 4618 voluerit
1253 4541 1295 4616 a
1323 4535 1528 4618 commode
1569 4537 1719 4646 poterit
1756 4537 2072 4642 procurantem

377 4653 445 4716 tur
473 4638 595 4742 Quod
622 4644 656 4722 si
681 4658 850 4749 propter
889 4644 1062 4752 aliquam
1104 4645 1383 4727 racionabilem
1423 4673 1596 4742 causam,
1637 4647 1848 4753 episcopus
1888 4655 2000 4719 secum
2030 4621 2072 4743 ll·

377 4772 467 4826 cere
494 4745 638 4830 babeat
666 4750 769 4831 vltra
812 4775 1019 4831 numerum
1048 4757 1287 4836 euexionum
1317 4757 1392 4834 iam
1426 4769 1604 4835 taxatum
1638 4756 1807 4860 inpenso
1834 4776 1904 4831 suo
1926 4739 2031 4824 officit
2048 4751 2072 4804 ¹¹1

378 4883 456 4934 vna
481 4869 598 4933 noete
627 4877 865 4961 procuretur
893 4861 934 4939 in
962 4865 1164 4971 expensis,
1199 4867 1274 4942 iam
1306 4867 1453 4950 *taxatis
1480 4864 1549 4960 ubi
1568 4864 1684 4970 'prius
1710 4864 1752 4952 in
1781 4859 1931 4942 duabus
1944 4837 2071 4930 ηοοῑίὺυς

1837 4995 1925 5090 pm,
