4404 5960
610 465 618 470 ,
829 401 886 427 -
996 358 1074 464 437
1186 399 1243 420 --

145 587 280 691 521.
405 521 485 728 ,⁹
689 563 716 607 “·
777 587 1307 694 12·6·6a.1a·0u.
1542 654 1604 666 .-
1701 581 1929 730 tyren.

145 853 148 860 .
200 849 203 854 ι
224 799 303 866 Pto
324 805 476 888 Legaten,
498 803 591 868 coe
612 807 729 872 Gumos
750 807 887 870 tillsttlnd
907 807 958 868 sdr
978 805 1228 890 'A'rke-Bislopen
1249 806 1260 866 i
1280 804 1398 887 Upsnlo
1417 803 1479 869 och
1494 805 1680 890 Biskopeni
1699 805 1931 888 binkdpingatt

253 883 354 950 ester
373 887 672 971 omstttndigbetema
686 889 807 952 ¹mildra
827 887 968 968 suellen,
989 909 1055 951 som
1078 887 1174 970 enligt
1195 887 1368 970 Skenninge
1390 885 1496 970 stadgc
1516 889 1620 952 blifvit
1640 899 1758 974 prester
1785 884 1930 948 tdsmde.

1568 1001 1618 1054 Ἀ.
1635 1001 1660 1054 3.
1683 1002 1709 1055 b.
1730 1017 1752 1056 rt
1772 1018 1795 1056 t.
1991 1003 2000 1010 ”

306 1135 614 1222 Venerabilibus
641 1138 686 1218 in
713 1140 864 1219 christo
891 1137 1074 1246 patribus
1103 1139 1169 1221 dei
1196 1139 1327 1246 gracia
1358 1197 1367 1215 .
1397 1198 1407 1217 .
1435 1136 1642 1219 Vbsalensi
1661 1137 1928 1245 archiepisco·

138 1265 194 1352 po
222 1260 264 1323 et
291 1241 513 1354 lincopensi
541 1250 732 1357 episcopo
760 1248 886 1329 frater
928 1246 1064 1329 Guido
1106 1248 1366 1330 Miseraoione
1416 1244 1554 1328 diuina
1578 1263 1625 1327 tt.
1671 1252 1799 1328 sancti
1842 1246 1928 1326 lari·

138 1354 267 1435 rencii
295 1356 338 1435 in
358 1357 499 1438 ‘lucina
527 1359 725 1465 presbiter
753 1357 969 1440 cardinalis
998 1358 1217 1466 apostolice
1260 1359 1362 1439 sedis
1391 1355 1545 1464 legatus
1587 1358 1753 1438 salutem
1782 1361 1824 1438 in
1854 1355 1928 1436 do·

137 1467 249 1544 mino
277 1465 390 1551 ihesu
417 1465 567 1548 christo
596 1465 705 1550 Olim
720 1467 846 1550 felicis
860 1468 1151 1550 recordationis
1172 1470 1357 1550 dominus
1373 1467 1625 1565 Guillelmus‚
1641 1471 1852 1576 episcopus
1865 1493 1928 1546 sa·

135 1576 315 1655 binensis
342 1593 384 1656 et
415 1578 634 1686 apostolice
669 1579 773 1661 sedis
801 1582 973 1688 Legatus
1001 1579 1053 1659 ad
1089 1582 1386 1688 correptionem
1415 1595 1455 1657 et
1497 1577 1818 1660 reformationem
1861 1604 1927 1656 ec-

134 1684 348 1767 clesierum
377 1705 417 1768 et
444 1687 802 1771 ecclesiasticarum
825 1716 1089 1799 personarum
1117 1691 1168 1773 de
1195 1716 1322 1800 regno
1367 1689 1532 1770 swethie
1568 1687 1741 1798 quedam
1769 1703 1925 1790 statuta
2056 1701 2063 1710 '

133 1796 387 1904 dignoscitur
415 1795 586 1880 edidisse
600 1805 624 1860 ·'
646 1816 784 1880 contra
807 1820 1118 1909 transgressores
1147 1805 1327 1907 ipsorum
1349 1815 1479 1879 certas
1508 1826 1630 1908 penas
1648 1824 1855 1907 apponens
1883 1799 1928 1876 in

168 1933 240 1985 uas
269 1933 351 1986 non
386 1907 646 1990 obseruantes
680 1911 747 1990 uel
782 1911 824 1990 in
860 1912 1106 1992 contrarium
1149 1912 1355 1997 uenientes
1396 1910 1576 1990 decreuit
1619 1907 1794 1990 incidere
1837 1909 1927 2014 ipso

32 2117 37 2126 Ι
131 1934 256 2096 lacto.
286 2019 437 2098 Verum
465 2021 561 2129 quia
586 2025 782 2129 presentis
810 2022 1002 2129 temporis
1031 2022 1240 2104 infirmitas
1275 2020 1451 2100 districte
1481 2046 1649 2099 censure
1678 2018 1924 2128 rigiditatem

131 2154 222 2207 non
250 2131 470 2235 patitur&
497 2129 737 2239 plerumque
766 2149 935 2240 propter
963 2132 1179 2213 humanam
1217 2130 1466 2213 debilitatem
1509 2131 1707 2237 contingit
1735 2145 1781 2208 ut
1809 2123 1924 2237 quod

129 2255 306 2344 propter
334 2236 550 2319 remedium
580 2258 641 2322 est
666 2257 862 2322 statutum
891 2245 935 2321 in
963 2243 1147 2352 laqueum
1178 2259 1219 2322 et
1247 2240 1469 2351 periculum
1498 2254 1759 2320 conuertatur
1774 2238 1922 2320 discre-

128 2347 243 2428 cioni
278 2364 411 2428 uestro
439 2377 521 2458 qua
550 2349 757 2461 fungimur
784 2354 1023 2434 auctoritate
1052 2355 1334 2435 committimus
1362 2366 1409 2430 ut
1436 2351 1596 2430 statutis
1624 2350 1850 2430 memoratis
1878 2349 1923 2428 in

126 2485 210 2538 suo
239 2456 387 2539 robore
416 2455 622 2541 duraturis
650 2461 767 2543 Circa
801 2492 925 2573 penas
953 2466 1155 2573 appositas
1196 2465 1357 2572 possitis
1401 2459 1657 2542 moderamen
1699 2451 1925 2568 congruuni

126 2565 327 2650 adhibere
354 2595 401 2649 ac
431 2571 536 2678 ipsas
549 2647 551 2654 ,
564 2573 605 2652 in
635 2572 732 2652 alias
760 2571 890 2654 minus
918 2575 1163 2683 periculosas
1190 2590 1231 2654 et
1259 2573 1384 2681 magis
1410 2570 1630 2678 portabiles
1650 2587 1774 2680 prout
1802 2567 1925 2652 saluti

125 2679 357 2759 animarum
387 2680 581 2789 expedire
608 2679 791 2765 uideritis
818 2703 1062 2766 commutare
1091 2683 1241 2765 datum.
1270 2680 1446 2764 Lubeke.
1474 2682 1544 2762 ΠΙ.
1575 2679 1681 2791 idus
1715 2680 1918 2764 Octobris.

127 2789 407 2872 Pontificatus.
436 2789 589 2874 domini
618 2793 821 2876 clementis
851 2822 957 2903 pape
985 2797 1110 2875 Illlzti
1139 2821 1246 2875 anno
1273 2791 1463 2874 secundo.
1843 2813 1848 2822 ’

667 2933 785 3018 sigillet
806 2935 916 3017 linires,
938 2957 1009 3001 men
1029 2935 1157 3024 prtgeln
1178 2925 1368 3000 lb'rderlvaid.

130 3303 271 3406 522.
769 3301 918 3410 1266
965 3304 1013 3408 d.
1070 3306 1136 3411 16
1182 3302 1296 3410 Oct

190 3505 414 3600 ''Lagmannen
435 3517 523 3582 diver
553 3521 708 3583 Tioharud
740 3521 830 3585 ΚΑΜ.
862 3525 1091 3588 laomorossous
1122 3529 1209 3610 intyg
1225 3548 1291 3602 ‘om
1322 3537 1366 3589 ett
1392 3519 1627 3604 hemmansbyie
1658 3517 1774 3581 mellan
1805 3513 1917 3584 Abbo-

264 3611 314 3662 ten
335 3603 408 3664 Nun
430 3601 491 3664 och
511 3604 685 3666 Munlarne
705 3606 716 3666 i
737 3603 870 3688 lipidam,
892 3615 971 3666 samt
992 3606 1214 3690 Verepdsboen
1235 3600 1300 3671 ln
1321 3611 1331 3670 i
1353 3603 1553 3684 Stuccaboth,
1587 3601 1715 3665 hvilken
1750 3612 1816 3663 mot
1846 3598 1916 3660 det-

263 3694 297 3744 ta
317 3682 463 3746 hemmnn
484 3697 561 3747 tamt
581 3683 658 3748 hans
678 3687 792 3769 gairdai·
812 3690 857 3749 uti
878 3687 1041 3750 Lenhofda
1063 3690 1163 3752 crhb'll
1184 3713 1222 3752 en
1243 3692 1295 3754 del
1316 3692 1354 3754 al
1369 3688 1588 3771 Sunderbyuti
1609 3685 1744 3769 Njuding
1753 3681 1825 3745 med
1835 3681 1916 3743 mel·

263 3766 383 3848 langist.

1544 3847 1579 3904 Α.
1599 3847 1623 3904 3.
1641 3867 1668 3903 x.
1692 3847 1781 3918 1:40.

205 4009 211 4024 ·
297 3984 504 4064 Vniuersis
538 4001 742 4092 presentes
757 3988 910 4070 litteras
925 3991 1175 4099 inspecturis.
1189 3994 1240 4072 K.
1258 3991 1362 4072 lilius
1374 3986 1608 4096 Jngibirrgis
1623 3981 1755 4063 dictus
1771 3977 1912 4086 legiler
1989 4081 1996 4094 '

113 4097 279 4187 decem¹
295 4095 596 4202 prouinciarum
625 4097 794 4178 salutem
822 4101 864 4178 in
893 4104 1072 4181 omnium
1099 4101 1310 4185 saluatore.
1353 4100 1564 4179 Gestarum
1594 4120 1729 4174 rerum
1765 4089 1913 4172 ueritas

113 4222 229 4315 aput
256 4203 443 4294 mortales
471 4205 727 4313 longitudine
754 4228 977 4317 temporum
1007 4219 1045 4292 &
1075 4213 1292 4292 obliuionis
1338 4207 1481 4290 nubilo
1524 4204 1736 4312 deperiret.
1765 4203 1798 4281 si
1826 4227 1912 4280 non

80 4414 83 4422 ,
111 4341 214 4396 eam
244 4318 485 4422 scriptorum
513 4318 704 4406 memoria
734 4320 1013 4428 perhennaret.
1042 4325 1273 4404 innotescat
1288 4345 1385 4429 ergo
1401 4317 1655 4426 presentibus
1684 4309 1831 4419 &post
1845 4310 1909 4392 fu·

110 4427 230 4508 turis
258 4424 368 4536 quod
397 4429 473 4506 viri
502 4428 677 4536 religiosi
705 4429 842 4511 Abbas
871 4437 910 4512 &
939 4451 1163 4513 conuentus
1178 4430 1467 4513 monachorum
1482 4422 1713 4508 Noueuallis
1726 4447 1911 4503 concam-

107 4537 240 4634 bium
266 4537 560 4645 possessionum
587 4537 756 4620 fecerint
784 4571 874 4624 cum
903 4544 991 4625 viro
1020 4541 1198 4652 quodam
1238 4546 1374 4622 Acone
1402 4536 1649 4619 verendense
1678 4532 1728 4616 de
1755 4549 1909 4613 stucca·
1958 4571 1962 4580 ·

107 4645 231 4730 both
258 4647 400 4730 dantes
428 4645 557 4728 eidem
586 4677 663 4757 pro
691 4667 780 4732 toto
808 4653 951 4762 predio
979 4651 1091 4764 quod
1134 4651 1310 4733 habebat
1350 4649 1501 4731 ibidem
1555 4652 1595 4727 &
1636 4674 1712 4754 pro
1757 4641 1908 4751 prediis

105 4761 122 4840 i
161 4760 250 4839 sius
278 4759 319 4836 in
349 4757 524 4840 Linhofd
554 4788 634 4869 que
661 4761 866 4869 wlgariter
894 4764 1085 4845 dicuntur
1113 4761 1194 4845 bol.
1210 4759 1394 4873 predium
1409 4756 1615 4870 quoddam
1630 4757 1674 4836 in
1687 4753 1908 4861 Nidungia

104 4790 169 4951 db
203 4870 409 4958 mansione
436 4894 517 4978 que
545 4887 714 4950 vocatur
741 4872 950 4974 sunderht
978 4875 1210 4983 sepibus&
1238 4871 1432 4954 clausuris
1446 4871 1531 4950 siue
1560 4867 1740 4951 terminis
1768 4864 1906 4972 legali·

104 4997 186 5063 ter
217 4980 572 5088 circumscriptum.
602 4981 917 5092 superaddentes
943 4985 1229 5068 nichilominus
1257 4985 1295 5067 ei
1328 4983 1539 5091 pecuniam
1579 4993 1831 5064 numeratam
1863 4975 1906 5053 in
1966 5059 1973 5064 ,
