4362 5946
287 741 638 840 tiis7secalaribus
676 753 942 835 immiscentes
971 755 1012 834 in
1040 752 1133 844 foro
1160 757 1337 841 seculari
1360 757 1495 840 laicis
1511 751 1998 867 advocatiepat'rocinium
2021 768 2053 846 in

286 868 428 952 o'ausis
442 885 527 949 tam
552 864 848 960 criminalibus,
892 891 1015 974 quam
1034 866 1235 946 lcivilibus
1269 870 1417 976 passim
1445 885 1641 978 presure
1669 875 1909 978 presumunt
1935 873 2053 954 contra
2154 900 2156 970 g

286 982 500 1062 canonicas
514 979 773 1072 sanctiones,
808 995 977 1085 propter
998 975 1132 1086 ‘quod
1166 1003 1296 1084 grave
1324 981 1367 1060 in
1408 981 1563 1090 populo
1592 979 1825 1063 scandalum
1849 1000 2055 1089 generatur.
2093 973 2097 986 ’

223 1127 228 1142 ·
286 1093 389 1177 Cum
417 1091 541 1198 igitur
570 1115 688 1168 nemo
717 1088 891 1169 militans
920 1087 1006 1166 Deo
1035 1115 1077 1169 se
1106 1086 1252 1170 debeat
1280 1090 1732 1199 secularibuslnegotiis
1743 1093 1976 1187 immiscere,
2001 1124 2058 1175 no·

160 1255 168 1262 -
286 1203 414 1282 lentes
442 1197 678 1308 hujusmodi
706 1197 971 1280 Sacerdotum
999 1213 1041 1279 et
1068 1199 1320 1281 Clericorum
1334 1203 1586 1290 insolentiam
1608 1205 1877 1313 equanimiter
1906 1231 2057 1310 suppor-

285 1329 389 1407 tare,
419 1310 655 1392 mandamus
684 1327 882 1420 quatenus
912 1310 947 1388 si
976 1323 1035 1390 est
1064 1310 1138 1406 ita,
1183 1313 1292 1420 ipsos
1327 1316 1405 1394 nisi
1441 1313 1669 1423 propriam,
1706 1317 1769 1396 vel
1806 1315 1979 1395 Ecclesia
2004 1343 2060 1394 sue

165 1489 169 1496 .
285 1451 467 1518 causam,
496 1438 567 1527 aut
596 1421 883 1502 miserabilium
912 1447 1173 1538 personarum
1202 1421 1355 1521 fuerint
1383 1426 1606 1536 prosecuti,
1649 1441 1696 1504 ut
1727 1455 1750 1504 a
1785 1426 1857 1506 tali
1901 1451 2075 1532 presum·¹
2156 1427 2157 1436 '

285 1537 427 1644 ptione
457 1533 673 1627 desistant,
707 1532 928 1614 monitione
957 1533 1149 1641 premissa
1178 1558 1478 1642 percensuram
1493 1535 1798 1617 ecclesiasticam
1813 1531 2064 1648 appellatione

285 1641 696 1844 ffimnmmscompellas.
754 1644 903 1724 Datum
931 1641 1121 1726 Laterani
1153 1645 1262 1734 VIII.
1293 1643 1388 1729 Idus
1416 1647 1647 1754 Februarii,
1676 1648 1941 1738 pontificatus
1956 1650 2066 1730 nostri

384 1786 410 1836 ο
467 1773 628 1866 eptuno.
740 1833 746 1854 ,

293 2147 420 2258 286.
513 2149 548 2245 '⁴1³
928 2152 1079 2280 1234
1126 2150 1174 2257 d.
1225 2193 1251 2306 7
1302 2152 1449 2296 Febr.
1601 2178 1603 2182 ’
1853 2154 2067 2260 Lateran.

343 2432 346 2442 ,
370 2371 463 2438 ran.
478 2343 662 2461 'assarna
685 2369 754 2432 uns
774 2371 853 2434 aaa
867 2371 917 2434 eu
937 2373 1091 2457 sinopen
1111 2375 1122 2434 t
1143 2371 1259 2452 seam,
1280 2374 1439 2457 anasse
1459 2372 1616 2453 amaras
1637 2381 1751 2434 amane
1772 2370 1918 2437 annes
1930 2371 2073 2434 oausa-

278 2473 285 2482 ·
373 2531 376 2540 ,
420 2455 481 2537 lige
502 2455 671 2517 inlomster
692 2453 835 2554 fiirsedde
855 2455 1008 2540 capellers
1028 2457 1386 2534 sammauslrleude'med
1407 2456 1506 2523 andra
1527 2456 1654 2560 lffyl'bt·
1687 2473 1720 2528 ¹,

1487 2570 1527 2648 v1³.
1548 2585 1570 2622 r:
1595 2549 1651 2624 156.
1696 2537 1796 2640 Ama.
1815 2567 1868 2638 Ep.
1893 2540 1965 2624 52ss

331 2769 337 2783 ,
453 2709 522 2790 Ad
548 2704 738 2819 Episcopi
762 2705 967 2788 Scarensis
1001 2707 1310 2816 postulationem
1345 2707 1567 2814 Gregorius
1602 2707 1681 2814 ΙΧ.
1710 2709 1824 2800 sani,
1858 2723 1904 2785 ut
1936 2724 2075 2815 aposto-

368 2903 371 2908 ,
488 2820 576 2898 ttcae
605 2819 720 2898 sada
748 2824 989 2900 auctoritate
1015 2817 1235 2930 Episcopus
1264 2837 1405 2901 matur
1433 2824 1475 2898 ia
1506 2821 1647 2898 unione
1682 2817 1940 2926 Capellarum
1969 2817 2075 2896 Dioc-

407 3001 411 3016 .
469 2933 585 3010 ¹cesis
604 2946 774 3044 propter
801 2931 1029 3012 reddituum
1055 2935 1333 3013 tenuitatem.
1383 2931 1403 3006 ι1
1440 2994 1445 3004 .
1563 2931 1567 2939 ’

408 3109 425 3126 ··
456 3073 678 3179 Gregorius
705 3079 775 3154 &a
807 3055 1037 3156 Venerabili
1061 3076 1206 3156 Fratri
1220 3076 1243 3155 ’ἰ
1276 3133 1287 3152 .
1317 3133 1325 3152 .
1357 3073 1551 3210 Episcppo
1577 3073 1770 3199 ⁸Scareusi
1796 3070 1980 3152 Salutem
2007 3073 2074 3172 &c

456 3197 507 3294 Et
536 3232 606 3296 tua
634 3218 806 3328 supplex
834 3217 1016 3314 devotio,
1045 3231 1087 3299 et
1117 3216 1263 3304 devota
1293 3217 1534 3326 supplicatio
1570 3203 1644 3308 nas
1680 3215 1901 3312 inducunt,
1934 3235 1981 3296 ut
2011 3214 2079 3294 tuis

283 3323 558 3442 ,petitionibus
586 3330 798 3436 presertim
827 3355 907 3436 que
937 3329 1129 3410 iustitiam
1158 3329 1389 3425 continent,
1417 3327 1616 3437 quantum
1634 3323 1728 3414 'cum
1758 3327 1861 3428 Deo¹
1873 3350 2078 3434 possumus

291 3436 523 3520 annuamus.
554 3439 614 3520 Ex
644 3455 760 3547 parte
788 3437 985 3548 siquidem
1015 3455 1086 3524 tua
1115 3435 1194 3520 fuit
1224 3440 1477 3552 propositum
1515 3466 1652 3520 coram
1696 3435 1843 3530 Nobis,
1887 3436 2003 3546 quod
2031 3449 2081 3516 tot

291 3552 334 3652 in
363 3551 520 3630 Diocesi
548 3567 620 3628 tua
649 3548 841 3658 Cappelle
858 3551 1101 3650 consistunt,
1117 3550 1228 3660 qued
1245 3545 1413 3662 propter
1434 3546 1919 3656 tenuitatemreddituum
1936 3573 2081 3627 earum·

290 3661 384 3745 dem
412 3655 652 3770 Cappella'ni
675 3659 894 3740 'existentes
926 3663 969 3742 in
997 3663 1053 3742 eis
1088 3679 1297 3770 nequeunt
1339 3655 1489 3745 exinde
1509 3663 1743 3756 sustentari,
1780 3675 1951 3767 propter
1979 3651 2082 3766 quod

291 3775 431 3885 pauci,
461 3787 532 3850 aut
560 3771 664 3849 nulli
693 3771 951 3879 reperiuntur
980 3771 1134 3868 idonei,
1177 3774 1250 3882 qui
1294 3773 1421 3853 velint
1447 3801 1587 3853 earum
1632 3769 1838 3879 obsequiis
1881 3767 2081 3877 applicari.

291 3887 430 3988 Quare
460 3883 538 3962 fuit
566 3883 683 3962 nobis
712 3907 762 3960 ex
790 3901 907 3989 parte
938 3899 1009 3963 tua
1036 3882 1245 3964 humiliter
1272 3885 1562 3991 supplicatum,
1592 3899 1636 3962 ut
1666 3878 1835 3962 uniendi
1850 3906 1936 3975 eas,
1966 3891 2082 3986 prout

293 3995 513 4101 sectmdpnt,
542 3995 673 4074 Deum
701 3991 888 4100 expedire
916 3991 1083 4090 videris,
1113 3993 1315 4084 licentiam
1338 3995 1414 4090 tibi
1433 3993 1660 4075 concedere
1675 3991 1947 4100 dignaremur.
1970 3989 2085 4068 dicet

294 4109 431 4216 itaque
459 4105 558 4185 unio
585 4103 853 4185 Ecclesiarum
882 4103 935 4186 ad
964 4104 1043 4185 loci
1072 4106 1340 4186 Diooesanum
1368 4105 1568 4216 pertineat
1600 4107 1711 4184 iuxta
1746 4103 1962 4182 canonicas
1992 4100 2084 4178 San-

296 4219 665 4324 stiones,=propter
695 4214 808 4328 quod
838 4218 953 4297 unire
981 4213 1195 4328 Cappellas
1224 4217 1330 4323 ipsas
1358 4243 1407 4295 ex
1438 4213 1572 4304 allicio
1586 4229 1659 4294 tuo
1674 4235 1828 4324 posses,
1844 4214 1943 4324 quia
1957 4225 2086 4290 tamen

296 4317 581 4423 auctoritatem
604 4343 785 4420 nostram
813 4325 924 4420 adici¹
946 4325 1177 4435 postulasti,
1195 4325 1207 4416 J
1220 4341 1281 4412 ut¹
1295 4322 1473 4418 officium
1495 4338 1616 4426 'tuum
1645 4324 1825 4430 liberius,
1851 4321 2086 4433 'exequaris,

298 4439 538 4527 auctoritate
567 4439 811 4545 presentium
839 4436 1039 4517 licentiam
1067 4424 1143 4516 tibi
1172 4437 1429 4520 concedimus
1457 4437 1713 4544 postulatamt
1749 4434 1877 4517 Nulli.
1891 4460 1992 4542 ergo
2020 4439 2085 4512 &a

296 4549 402 4628 hanc
430 4549 617 4655 paginam
646 4565 782 4634 nostre
811 4547 1079 4632 concessionis
1106 4544 1326 4655 infringere
1356 4554 1428 4628 &a
1460 4547 1596 4660 Siquis
1618 4563 1752 4630 autem
1781 4551 1855 4628 &a
1888 4549 1979 4626 Dat.
2015 4546 2086 4624 La·

298 4656 1035 4746 uranivll.1dasFebruar.Anno
1069 4655 1259 4776 Septima.
1300 4757 1302 4767 .
1423 4687 1431 4693 ·
