4398 5958
945 409 1446 556 artat-

344 631 506 726 Clarum
534 655 608 736 per
637 624 829 710 Swetiam
857 629 1101 736 constitutos
1130 627 1311 738 dilectis,
1339 632 1448 712 inter
1477 629 1555 710 alia
1572 621 1768 710 contineri
1781 621 1920 714 dicatur
1944 661 2065 748 expret-

341 773 396 841 se,
425 740 571 850 utqui
600 739 724 821 habet
740 767 866 821 unum
893 737 1021 820 filium
1049 739 1250 838 heredem,
1279 740 1500 832 secundum
1528 741 1562 822 si
1590 741 1763 821 uoluerit
1789 742 1898 824 saciat
1915 747 2066 834 sibichri·

340 871 461 949 stum,
490 849 701 932 dimidium
729 849 933 933 bonorum
961 879 1132 931 suorum
1153 853 1328 934 Ecclesie
1356 851 1639 962 relinquendo,
1665 863 1708 931 'et
1737 854 1805 962 qui
1830 853 2068 958 duostertiun,

340 983 382 1046 et
409 967 478 1066 sic,
494 963 693 1070 deinceps.
731 963 814 1066 Qui
843 989 942 1043 uero
970 961 1148 1057 nullum,
1178 965 1254 1072 ipsi
1284 963 1459 1044 Ecclesia
1487 965 1520 1042 si
1550 963 1724 1042 uoluerit
1759 967 1886 1043 omnia·
1906 993 1967 1047 sna
1989 969 2066 1052 bona

338 1073 559 1184 relinquat,
589 1101 673 1162 non
693 1071 892 1166 ‚obstante
912 1071 1234 1170 contradictione
1248 1073 1430 1172 fratrum,
1445 1073 1511 1156 uel
1526 1101 1710 1154 sororum
1731 1090 1798 1152 aut
1812 1075 1962 1157 aliorum
1981 1083 2067 1162 etian

339 1186 677 1297 propinquorum.
724 1181 1010 1291 impediuntur
1052 1182 1169 1265 etiam
1199 1215 1223 1264 a
1250 1185 1380 1281 uobis,
1406 1184 1610 1292 'dictisque
1637 1180 1809 1280 Balliuis‚
1841 1204 1878 1265 et
1902 1187 2066 1271 Ministeri·

338 1296 470 1378 alib'us
497 1295 741 1402 dicti·'Regni
768 1293 929 1394 Prolati,
988 1298 1173 1376 uominus
1201 1311 1439 1378 testamenta
1469 1294 1766 1390 decedentium,
1796 1323 1872 1404 quo
1890 1295 2067 1408 areaque

337 1408 499 1518 inpios
526 1433 622 1486 usus
651 1405 704 1487 ab
732 1408 829 1515 ipsis
857 1325 1144 1488 decedentibus
1173 1407 1463 1516 relinquuntur
1492 1432 1565 1516 per
1594 1409 1702 1515 ipsos
1731 1409 1837 1486 iuxta
1863 1433 1982 1488 corum
2005 1409 2069 1489 offi-

338 1517 394 1628 cij
422 1517 604 1601 debitum
633 1519 862 1597 executioni
890 1517 1143 1615 mandentur,
1173 1531 1311 1598 nostra
1336 1539 1431 1627 que‘
1446 1533 1596 1599 statuta
1625 1515 1909 1598 extenderead
1944 1518 2068 1598 clericos

337 1629 522 1724 nitimini,
538 1629 579 1707 et
606 1628 890 1709 nichilominus
919 1630 1029 1737 ipsos
1072 1637 1276 1738 tamquam
1306 1629 1427 1708 laicos
1463 1629 1598 1739 puniri
1644 1627 1791 1722 facitis,
1820 1629 1851 1706 si
1867 1642 2002 1708 'statuta
2024 1656 2068 1707 ea·

336 1741 429 1822 dem
457 1743 540 1819 non
554 1739 783 1836 obseruant,
811 1754 964 1819 contra·
982 1737 1192 1820 canonicas
1222 1742 1457 1820 sanctiones.
1487 1742 1668 1819 Preterea
1691 1738 1942 1844 Ecclesijs'et
1966 1767 2068 1818 corun

241 1917 244 1922 .
334 1850 509 1962 prediJS,
538 1867 660 1958 atque
687 1845 1023 1959 possessionibus,
1067 1878 1148 1960 que
1184 1851 1237 1930 ab
1267 1851 1356 1958 ipso
1384 1853 1513 1960 prime
1555 1877 1626 1928 sue
1667 1847 1909 1929 fundationis
1932 1848 2067 1944 exordio,

336 1961 480 2045 eedein'
504 1960 666 2041 ecclesie
696 1960 823 2042 libera
851 1977 892 2041 et
920 1976 1106 2070 exempta
1135 1989 1156 2040 a
1194 1960 1409 2042 cuiuslibet
1442 1961 1661 2042 exactionis
1703 1987 1824 2040 onere
1852 1958 2068 2068 possidebant,

335 2077 522 2184 passima
551 2071 668 2152 uobis
697 2071 877 2169 Balliuis‚
907 2091 948 2153 et
975 2070 1302 2154 Ministerialibus
1330 2072 1592 2182 supradictis,
1621 2072 1722 2150 noui
1751 2099 1901 2168 census,
1927 2095 2066 2178 nouaque

335 2213 459 2267 onera
487 2185 770 2292 imponuntur,
799 2184 904 2263 sicut
931 2181 1083 2291 predijs
1110 2186 1375 2292 priuatorum.
1407 2185 1720 2293 Nonnumquam
1734 2179 2067 2262 etiam-redditibus

335 2297 432 2406 ipsis
460 2293 635 2401 ecclesiis
668 2310 750 2372 tam
778 2321 801 2371 a
832 2293 960 2390 uobis,
990 2323 1112 2404 quam
1141 2294 1193 2374 ab
1222 2293 1310 2375 aliis
1340 2294 1451 2375 laicis
1479 2293 1597 2374 uobis
1629 2291 1820 2373 subiectis
1848 2291 1983 2384 debitis,
1994 2292 2065 2398 quoi

335 2407 472 2488 eedem
499 2405 663 2485 ecclesie
695 2406 979 2485 consueuerint
1007 2407 1215 2514 percipere
1243 2433 1266 2484 a
1294 2420 1477 2513 tempore
1505 2406 1619 2486 cuius
1647 2407 1838 2485 memoria
1870 2430 1943 2482 non
1960 2401 2066 2491 existit,

333 2545 401 2599 eas
429 2516 720 2599 sententialiter
749 2513 799 2596 de
829 2514 937 2596 facto
963 2515 1142 2624 priuatis.
1171 2515 1258 2596 Jllis
1286 2519 1358 2626 qui
1386 2507 1528 2600 contra
1562 2513 1793 2596 huiusmodi
1835 2533 1973 2595 nostras
2006 2537 2066 2591 sen·

331 2630 477 2710 tentiae
506 2627 686 2736 prefatos
715 2625 896 2707 redditus
924 2624 1100 2735 ecelesij's
1130 2629 1358 2708 memoratis
1387 2625 1640 2736 persoluunt,
1657 2643 1809 2708 certam
1825 2655 1957 2736 penam
1980 2641 2064 2730 pecu·

137 2749 143 2756 '
207 2797 212 2810 »
334 2741 507 2852 niariam
535 2739 806 2846 imponentes,
848 2765 925 2830 nec
954 2738 1140 2848 patimini
1182 2735 1293 2847 quod
1323 2739 1367 2818 in
1396 2737 1575 2847 predijs,
1592 2738 1917 2835 obuentionibus,
1942 2735 2061 2844 alijsquc

330 2851 454 2932 rebus
483 2850 602 2929 etiam
633 2846 852 2954 longissimi
896 2849 1087 2958 temporis
1115 2851 1409 2958 prescriptione
1445 2849 1557 2930 iuxta
1600 2851 1827 2946 canonicas,
1856 2868 1894 2930 et
1919 2848 2060 2952 legiones

330 2963 574 3056 sanctiones,
604 2959 768 3039 ecclesie
803 2957 984 3068 predicte
1025 2961 1085 3040 uti
1112 2961 1284 3058 ualeant,
1314 2960 1378 3041 uel
1408 2957 1594 3068 gaudere.
1650 2958 1715 3040 Ad
1744 2962 1821 3042 beo
1849 2960 2059 3066 cognitionem

329 3100 542 3155 causarum
571 3068 779 3178 adulterij,
807 3069 996 3180 periurij,
1025 3087 1065 3152 et
1092 3070 1265 3150 aliorum
1295 3097 1462 3151 examen
1489 3070 1744 3152 ecelesiastici
1781 3071 1921 3179 judicis
1947 3069 2060 3170 enigcn·
2135 3083 2136 3088 ’

328 3181 778 3280 tium,Ordinaci0nem
806 3209 982 3291 quoque,
1012 3210 1058 3263 ac
1087 3181 1328 3264 diuisionem
1356 3181 1614 3278 decimarum,
1643 3209 1726 3291 que
1756 3181 2063 3262 suntecclesiamn

328 3291 504 3388 fabricis,
519 3308 560 3372 et
588 3320 814 3400 pauperum
842 3293 982 3374 christi
1011 3292 1150 3373 usibus
1179 3293 1370 3400 deputate
1399 3291 1517 3372 uobis
1553 3319 1629 3401 pro
1658 3289 1778 3373 libito
1793 3293 1994 3402 usurpatis,
2015 3309 2063 3362 net

236 3459 239 3464 -
326 3419 482 3499 non,et
510 3405 728 3482 sententias
757 3400 992 3484 diffinitiuas
1019 3405 1127 3484 inter
1156 3404 1278 3485 laicos
1307 3403 1359 3484 ab
1389 3403 1664 3482 ecclesiasticis
1699 3405 1907 3487 Judicibus
1933 3393 2064 3510 pronul-

327 3535 457 3625 gatas,
486 3516 529 3594 in
557 3514 687 3593 causis
714 3540 886 3622 quarum
914 3515 1093 3622 cognitio
1122 3509 1174 3594 ad
1203 3541 1271 3594 eos
1300 3531 1479 3622 spectare
1495 3513 1716 3610 dinoscitur
1732 3516 1958 3596 retractatis.
1983 3510 2064 3588 con·

325 3626 476 3735 pellitis
504 3623 669 3731 insuper
698 3651 790 3720 uos,
819 3625 858 3704 St
888 3622 987 3705 dicti
1014 3624 1169 3722 Balliui,
1199 3654 1246 3705 ac
1275 3623 1571 3721 Ministeriales,
1601 3625 1769 3705 clericos
1799 3630 1914 3708 etiam
1941 3621 2062 3706 inuitos,

324 3729 655 3818 uestrum‘sub‘ire
670 3732 874 3830 iudicium,
889 3735 932 3814 in
947 3735 1133 3814 ciuilibus
1156 3734 1297 3830 causis,
1327 3763 1499 3844 quarum
1514 3737 1710 3844 cognitio
1720 3736 1773 3816 ad
1803 3727 2060 3818 ecclesiasticum

323 3845 498 3932 iudicem
526 3847 705 3926 noscitur
734 3847 949 3954 pertinere.
979 3847 1032 3932 Et
1064 3847 1097 3924 si
1126 3843 1178 3923 ab
1207 3847 1302 3953 ipsis
1346 3847 1499 3925 clericis
1541 3847 1581 3926 in
1626 3847 1763 3957 aliquo
1808 3863 2065 3958 quantumcun·

323 3986 403 4070 quc
436 3957 580 4038 leuiter
607 3954 873 4038 offendamini
903 3954 1013 4035 bona
1041 3957 1337 4062 patrimonialia
1366 3956 1604 4036 clericorum
1632 3959 1814 4066 ipsorum
1829 3977 1967 4039 temere
1991 3947 2067 4058 capi·

322 4071 374 4151 tis
403 4085 516 4151 motu
544 4069 711 4176 proprie
737 4066 979 4164 uoluntatis,
1009 4067 1086 4146 hoc
1114 4066 1231 4146 uobis
1266 4067 1405 4164 licere,
1434 4097 1525 4148 cum
1541 4097 1760 4178 numquam
1778 4071 1904 4166 liceat,
1931 4085 2066 4146 asseren-

183 4279 186 4286 .
222 4201 225 4213 ’
321 4199 400 4278 tes,
430 4209 476 4260 ac
504 4178 688 4259 nolentes
715 4181 823 4286 ipsos
853 4206 988 4260 coram
1016 4176 1283 4263 ecclesiastico
1310 4177 1443 4258 iudice
1472 4180 1709 4276 conuenire,
1739 4183 1908 4262 incuius
1934 4173 2067 4279 loropass

320 4293 401 4374 rati
415 4305 510 4373 sunt
538 4287 662 4397 ijdem
691 4289 826 4370 clerici
840 4289 952 4370 iuxta
981 4289 1163 4369 instituta
1193 4291 1386 4370 canonica
1416 4306 1521 4371 stare
1550 4291 1639 4369 iuri.
1671 4291 1772 4370 Cum
1789 4309 1922 4372 autem
1941 4276 2066 4380 uos,uel

318 4403 446 4512 aliqui
475 4417 655 4482 uestrum
684 4401 868 4480 mulieres
897 4399 1052 4511 aliquas
1081 4400 1198 4481 uobis
1228 4402 1350 4482 uultis
1379 4400 1725 4480 matrimonialiter
1753 4403 1956 4512 copulare,
1981 4397 2008 4474 si
2025 4415 2067 4469 ct·

319 4511 412 4596 dem
439 4511 625 4592 mulieres
653 4511 697 4591 in
725 4512 803 4591 hoc
831 4528 1005 4593 renuant
1034 4510 1259 4605 consentire
1287 4540 1371 4592 non
1401 4512 1672 4604 attendentes,
1716 4513 1828 4622 quod
1857 4501 2068 4592 matrimonia

317 4623 447 4706 libera
474 4622 624 4703 debent
651 4649 749 4719 esse,
776 4621 1060 4732 qualicumque
1088 4649 1284 4704 consensu
1319 4641 1535 4729 parentum
1563 4621 1702 4702 habito
1745 4622 1968 4715 earundem,
1991 4619 2067 4724 ipsas

317 4734 468 4818 inuitas
483 4736 522 4812 &
536 4732 800 4814 reclamantes
814 4731 856 4813 in
871 4729 1013 4815 domos
1041 4734 1226 4842 proprias
1243 4731 1519 4830 introducitis,
1549 4759 1594 4813 ac
1623 4732 1783 4815 demum
1804 4736 1993 4817 uiolenter
2015 4752 2067 4830 op·

316 4843 509 4956 primitis,
537 4843 674 4954 eisque
703 4873 777 4928 uos
806 4842 1023 4926 carnaliter
1057 4844 1339 4938 commiscetis,
1381 4861 1422 4924 et
1449 4842 1602 4927 tamdiu
1644 4845 1700 4924 sic
1729 4847 1876 4928 inuitas
1919 4835 2067 4930 detinetis

317 4955 486 5056 easdem
518 4949 647 5038 donec
674 4972 877 5065 coguntur
903 4956 950 5040 in
981 4980 1056 5058 uos
1083 4963 1165 5064 per¹
1190 4951 1424 5037 uiolentiam
1456 4957 1701 5044 consentire.
1760 4962 1802 5043 Si
1831 4985 1929 5042 uero
1965 4947 2068 5064 qulffll
