4384 5946
992 324 1384 488 ,36-

290 629 468 740 Agapito
510 629 549 706 8(
590 621 808 707 Benedicto
837 617 956 734 hujus
989 626 1220 736 apostolica
1249 627 1353 710 sedis
1382 627 1582 737 episcopis
1603 623 1808 710 decremm
1835 647 1905 712 est
1958 631 2061 718 lncli·

75 751 77 758 '
211 813 212 818 Ν
268 745 373 826 ²nati
399 739 590 852 precibus
618 739 759 820 vestris
787 737 1007 845 apostolica
1037 741 1274 821 anctoritate
1302 736 1558 828 concedimus
1586 745 1625 820 8(
1653 738 1947 841 confirmamus,
1981 773 2061 828 cum

286 855 473 939 omnibus
501 849 738 960 generaliter
765 864 812 930 'ac
841 848 1064 959 specialiter
1100 850 1151 932 ad
1188 851 1358 932 eundem
1395 849 1601 958 praefamm
1645 867 1821 934 vestrum
1863 853 2060 966 archicpis-

285 983 475 1075 copatum
503 961 820 1072 pertinentibus,
850 961 1000 1042 scilicet
1027 965 1180 1060 omnia,
1209 991 1302 1074 quae
1329 963 1451 1042 vestri
1474 981 1741 1043 antecessores
1769 965 1850 1045 suis
1866 963 2059 1050 laboribus

283 1077 607 1186 adquisiverant,
648 1072 713 1154 vel
754 1073 872 1154 etiam
902 1101 1036 1154 amore
1065 1091 1221 1154 aeternae
1250 1075 1409 1184 patriae,
1437 1074 1494 1154 ibi
1528 1073 1905 1156 aCbristicolarum
1941 1076 2057 1160 lideli·

163 1235 167 1240 ·
280 1190 358 1270 bus
386 1185 529 1294 largita
556 1201 651 1264 sunt
678 1183 742 1266 vel
772 1184 1009 1294 largiuntur.
1066 1187 1167 1266 Cum
1196 1185 1274 1267 illis
1303 1187 1419 1266 etiam
1449 1188 1521 1292 qui
1548 1211 1657 1264 nunc
1684 1201 1865 1294 tempore
1889 1185 1940 1268 ad
1953 1189 2060 1272 Chri·

280 1301 332 1381 sti
359 1297 543 1381 conversi
571 1313 666 1377 sunt
694 1295 832 1393 fidem,
862 1307 1098 1405 protegente
1127 1299 1202 1378 Dei
1231 1299 1377 1405 gratia,
1406 1295 1592 1378 videlicet
1620 1296 1840 1407 Episcopos
1868 1297 1912 1378 in
1939 1303 2059 1381 omui·

279 1413 358 1494 bus
385 1407 574 1519 gentibus
602 1407 806 1487 Sueonum
833 1436 903 1489 seu
933 1411 1160 1506 Danorum,
1189 1436 1262 1489 nec
1290 1438 1374 1490 non
1402 1411 1520 1490 ctiam
1547 1409 1591 1486 in
1619 1406 1697 1488 illis
1732 1411 1934 1518 partibus,
1976 1439 2060 1521 quae

278 1540 373 1604 sunt
400 1548 425 1601 a
452 1517 702 1600 meridionali
730 1519 848 1598 Albia
873 1545 1003 1627 usque
1030 1519 1082 1601 ad
1117 1517 1286 1602 fluvium
1322 1523 1449 1618 Pene,
1493 1523 1533 1600 8(
1572 1517 1623 1601 ad
1666 1518 1833 1601 fluvium
1876 1520 2060 1630 Egidose,

264 1635 333 1715 ¹ita
361 1651 407 1714 ut
435 1633 512 1713 sub
539 1647 670 1712 vestra
698 1647 1005 1741 vestrorumque
1033 1659 1309 1715 successorum
1352 1631 1746 1738 Hammaburgensis,
1774 1631 1960 1714 Ecclesiae
2001 1663 2059 1722 ar

276 1745 624 1854 chiepiscoporum
651 1761 808 1822 maneat
836 1759 1051 1850 potestate,
1079 1743 1143 1822 vel
1171 1742 1368 1854 quicquid
1396 1761 1530 1825 vestro
1560 1741 1709 1824 laboris
1737 1747 1970 1840 certamine,
2004 1745 2060 1828 di·
2153 1831 2157 1838 ,

274 1856 369 1938 vina
395 1855 552 1936 favente
581 1855 726 1961 gratia,
755 1855 806 1935 ab
836 1881 971 1935 errore
999 1854 1176 1962 perfidiae
1204 1856 1287 1935 siue
1316 1855 1523 1934 hominum
1538 1854 1623 1935 siue
1638 1853 1818 1937 locorum
1833 1854 1884 1936 ad
1907 1857 2062 1965 religio·

273 1971 381 2049 nemi
395 1967 660 2047 Christianam
692 1967 899 2075 acquirere
928 1967 1113 2074 potestis,
1142 1965 1259 2046 vobis
1287 1965 1509 2074 vestrisque
1538 1967 1834 2047 successoribus
1850 1986 2060 2075 perpetua·

271 2081 366 2162 liter
394 2075 631 2174 tenendum,
660 2077 947 2158 inuiolabiliter
974 2094 1110 2157 tenere
1146 2104 1361 2157 censemus.
1429 2079 1481 2156 Et
1524 2078 1688 2186 iusuper
1731 2076 1984 2158 decernimus
2023 2084 2061 2160 8(

273 2189 470 2275 sancimus
497 2189 653 2269 nullum
683 2188 1026 2297 archiepiscopum
1055 2189 1119 2268 vel
1163 2189 1446 2270 Coloniensem
1488 2187 1551 2266 vel
1595 2189 1717 2269 alium
1759 2189 1982 2297 quemlibet
2022 2192 2060 2271 in
2168 2244 2169 2294 3

272 2322 405 2385 vestra
433 2300 594 2382 dioecesi
622 2299 744 2380 ullam
773 2301 849 2380 sibi
877 2299 1079 2381 vindicare
1092 2355 1095 2358 -
1108 2317 1353 2406 potestatem.
1412 2301 1604 2402 Quinimo
1633 2306 1672 2380 8(
1714 2301 1812 2407 ipsis
1852 2308 1893 2381 8(
1937 2303 2061 2382 omni·

271 2415 349 2500 bus
377 2412 541 2495 omnino
571 2410 781 2492 suademus
810 2411 1033 2493 cultoribus
1073 2427 1214 2492 vestrae
1242 2412 1445 2519 religionis
1473 2410 1536 2492 vel
1564 2407 1809 2516 adjutorium
1846 2418 1886 2492 8(
1929 2411 2061 2494 solati·
2166 2500 2170 2515 1

274 2553 341 2608 nm
368 2525 484 2607 vobis
513 2524 555 2603 in
582 2525 770 2604 omnibus
798 2522 1094 2618 administrent,
1123 2542 1321 2632 quatenus
1349 2551 1426 2632 pro
1454 2524 1581 2630 gratia
1608 2521 1727 2630 hujus
1757 2521 1943 2605 beneficii
1980 2523 2061 2632 ple·

92 2737 95 2744 Ι
183 2628 186 2640 ’
263 2663 363 2720 nam
406 2635 614 2744 percipere
651 2632 871 2715 mercedem
908 2663 930 2712 a
972 2631 1136 2714 domino
1179 2651 1418 2716 mereantur.
1490 2633 1780 2736 Quamobrem
1806 2635 1945 2716 omnia
1974 2663 2063 2746 quae

269 2749 451 2860 prolicua
479 2745 653 2826 ecclesiae
682 2745 908 2854 probantur
936 2747 1121 2842 existere,
1150 2751 1190 2826 8(
1216 2746 1361 2826 divinis
1389 2772 1471 2825 non
1500 2744 1741 2850 impugnant
1776 2747 2060 2855 praeceptioni·

269 2863 347 2944 bus
376 2856 582 2941 efficienda
609 2862 661 2936 8(
676 2855 908 2965 praebenda,
937 2858 1222 2964 omnipotentis
1251 2860 1325 2936 Dei
1354 2857 1589 2946 auctoritate
1626 2862 1665 2935 8(
1706 2857 1917 2938 beatorum
1964 2885 2061 2966 apo-

269 2971 466 3054 stolorum
493 2969 601 3049 Petri
628 2974 668 3048 8(
695 2967 807 3048 Pauli
836 2994 919 3048 esse
948 2997 1031 3048 non
1060 2968 1299 3049 dubitamus.
1356 2971 1408 3048 Et
1436 2967 1514 3047 hoc
1542 2985 1683 3048 nostro
1698 2965 1860 3049 decreto
1875 2968 2061 3051 decerni·

268 3109 356 3164 mus
384 3079 604 3162 secundum
631 3080 857 3187 praeminari
885 3078 1003 3159 bonae
1032 3081 1231 3160 memoriae
1260 3079 1414 3161 Nicolai
1442 3081 1560 3186 Papae
1588 3085 1628 3158 8(
1663 3079 1825 3188 Agapiti
1863 3082 1990 3188 Papae
2025 3087 2062 3162 8(

269 3191 473 3275 Benedicti
505 3193 623 3299 Papae
652 3193 896 3272 sanctionem
925 3190 1030 3297 ipsas
1059 3189 1248 3270 dioeceses
1276 3189 1684 3297 Hammaburgensem
1713 3191 1862 3270 scilicet
1892 3199 1935 3272 8(
1966 3194 2061 3274 lire·

202 3321 224 3397 J
267 3330 441 3388 mensem
470 3325 555 3384 non
583 3301 682 3384 duas
705 3300 775 3382 sed
803 3329 924 3382 unam
952 3327 1036 3380 esse
1064 3307 1102 3380 8(
1138 3303 1284 3382 vocari.
1356 3302 1528 3381 Omnem
1556 3328 1735 3409 quoque
1777 3301 2060 3386 adversantem

265 3417 331 3498 vel
359 3413 695 3496 contradicentem
724 3429 846 3523 atque
874 3413 950 3520 piis
992 3412 1140 3492 nostris
1183 3411 1343 3510 studiis,
1387 3411 1571 3521 quolibet
1614 3409 1735 3492 modo
1778 3413 2060 3513 insidiantem,

266 3526 524 3609 anatliematis
553 3552 743 3604 mucrone
772 3523 1034 3630 percutimus,
1064 3540 1348 3632 perpetuaeque
1376 3522 1539 3603 ultionis
1567 3548 1679 3600 reum
1708 3521 1909 3608 diabolica
1949 3545 2060 3608 sorte

266 3638 528 3745 dampnamus
556 3652 602 3715 ut
630 3634 788 3714 culmen
815 3632 1078 3742 apostolicum
1101 3661 1211 3714 more
1244 3631 1584 3741 praedecessorum
1611 3649 1842 3713 nostrorum
1871 3663 2061 3718 causam·

264 3777 344 3860 que
373 3749 449 3829 Dei
477 3773 554 3856 pro
582 3762 745 3855 aspectu
773 3745 964 3841 zelantes,
994 3745 1045 3824 ab
1083 3744 1256 3825 adversis
1291 3743 1384 3825 hinc
1428 3744 1521 3825 inde
1564 3745 1787 3824 muniamus
1828 3744 2063 3853 apostolica

263 3865 398 3971 itaque
427 3857 661 3938 auctoritate
689 3855 1019 3938 Haluersoetensis
1049 3855 1232 3936 Ecclesiae
1256 3861 1295 3934 8(
1324 3853 1710 3937 Hildeneshcmensis
1739 3862 1779 3935 8(
1815 3857 2062 3942 Bodarbru·

262 3974 395 4054 nensis
423 3974 463 4050 8(
504 3967 721 4049 Mindensis
762 3972 802 4045 8(
843 3965 1052 4047 Ferdensis
1097 3968 1361 4047 Ecclesiarum
1404 3965 1615 4073 Episcopis
1650 3968 1814 4074 insuper
1858 3961 2062 4075 jubemus

263 4101 383 4196 atque
412 4107 631 4174 monemus,
660 4091 805 4158 utros
834 4077 876 4156 in
905 4078 1090 4157 omnibus
1119 4077 1325 4185 adjuvent,
1355 4077 1544 4185 quatinus
1560 4077 1812 4159 Sacerdotale
1827 4081 2059 4164 ministeri⁴

257 4223 327 4276 um
356 4192 516 4302 explere
544 4197 582 4270 8(
611 4189 830 4268 animarum
860 4187 970 4268 lucra
998 4187 1162 4268 domino
1192 4189 1284 4269 Jesu
1300 4189 1460 4268 Christo
1475 4187 1629 4269 facilius
1645 4189 1850 4297 acquirere
1866 4193 2060 4291 valeatis,

258 4307 373 4387 vobis
402 4300 685 4385 adminiculum
717 4301 940 4409 prebentes
962 4301 1012 4379 in
1040 4301 1235 4380 omnibus.
1294 4299 1359 4380 Sic
1387 4317 1537 4395 tamen,
1567 4316 1613 4379 ut
1641 4329 1727 4396 eos,
1742 4328 1846 4410 quos
1861 4301 2064 4414 adquiri-

174 4504 177 4512 ,
255 4416 324 4514 tis,
367 4421 406 4497 8(
450 4441 553 4524 quos
581 4410 752 4508 habetis,
781 4437 854 4519 per
883 4413 1051 4518 gratiam
1080 4412 1173 4508 Dei,
1203 4411 1424 4519 adquisitos
1452 4427 1587 4490 vestro
1617 4430 1930 4522 vestrorumque
1965 4445 2092 4518 suc·⁸
2178 4445 2179 4452 ¹

255 4552 458 4609 cessorum
484 4523 844 4631 archiepiscopatui
872 4521 1072 4629 subjectos
1101 4547 1333 4630 permanere
1361 4520 1611 4602 decernimus
1640 4524 1851 4604 a·Christo
1885 4543 2066 4610 tantum
2177 4617 2180 4639 1

253 4635 484 4748 percepturi
512 4621 719 4743 praemium
746 4633 1076 4719 remunerationis
1105 4630 1444 4741 quemadmodum
1481 4631 1706 4714 Christiana
1748 4662 1794 4714 ae
1837 4661 1942 4717 vera
1992 4669 2070 4721 eos

254 4748 374 4832 docet
401 4746 553 4852 religio.
611 4747 690 4839 lte,
718 4743 857 4826 docete
885 4769 1022 4824 omnes
1051 4761 1198 4851 gentes,
1257 4743 1397 4854 Itaque
1425 4744 1609 4853 quamvis
1646 4745 1695 4826 ad
1742 4744 2069 4852 praedicandum

116 4900 119 4918 ·
250 4861 438 4970 gentibus
458 4856 499 4935 in
528 4855 765 4963 supradictis
796 4853 894 4936 locis
921 4856 1100 4984 episcopi
1129 4856 1209 4934 sint
1251 4857 1487 4952 consecrati,
1531 4871 1650 4964 atque
1696 4855 1833 4965 plnres
1876 4859 1926 4937 in
1979 4863 2068 4941 illis

134 4967 139 4976 ’
249 4971 433 5082 partibus
461 4963 749 5066 constituendi,
776 4981 910 5048 tamen
938 4964 1235 5048 lormidandum
1265 4969 1325 5049 est
1353 4967 1396 5049 in
1421 4981 1503 5048 tam
1538 4964 1697 5048 novella
1730 4967 2067 5057 Christianitatis
