4368 5950
169 613 287 718 ¹77·
404 709 408 718 .
540 629 546 640 ‚
763 571 1327 674 ·12'18d.1·5Juni.
1788 573 1935 681 Rom.

26 957 33 1004 l

830 349 939 410 -···'
979 365 1079 446 ΙΙ97
1191 311 1283 410 -ἶ

1613 739 1619 755 Ι

272 796 364 860 Ptfv.
384 793 542 856 Hosoarus
563 792 617 851 111.
640 789 690 849 till
712 785 890 850 irie-Buk.
913 791 923 848 i
946 788 1034 850 Lund
1056 809 1097 850 m.
1120 787 1153 849 ss.
1165 800 1212 850 att
1223 788 1360 852 anskaffa
1380 791 1479 854 lirare
1492 795 1584 874 jcmte
1635 791 1934 877 nniuge-understdd

280 878 330 940 till
352 879 539 954 Preusarnes
558 869 752 944 ornvandelse
773 870 1060 952 och-anltggaudet
1080 870 1117 930 af
1135 871 1277 948 Scholor,
1298 871 1424 935 hvaruti
1446 872 1485 935 de
1506 877 1576 938 irin
1622 876 1933 958 edningarneinkiip·

282 973 315 1021 ta
336 959 469 1034 diittiar,
490 956 560 1017 dem
583 952 775 1015 atratdrame
796 973 906 1014 annars
927 953 1068 1016 hruiade
1091 951 1183 1031 dada,
1204 954 1307 1016 hunde
1328 956 1379 1016 till
1400 953 1618 1018 Christendom
1640 960 1802 1042 uppfddas.
1874 1013 1878 1022 ,

1384 1069 1414 1122 F.
1439 1085 1459 1124 1:
1478 1069 1519 1137 la.
1539 1071 1593 1123 An.
1611 1085 1634 1122 a.
1652 1069 1704 1141 Ep.
1727 1089 1801 1140 1192.

311 1205 512 1292 Honorius
540 1201 758 1316 Episcopus
785 1204 1175 1310 SeruuslServorum
1189 1203 1279 1286 Dei.
1294 1205 1595 1286 Venerabttbus
1624 1209 1847 1304 Fratribus.
1866 1265 1935 1310 .‚.,

348 1321 651 1425 Mogentinensi
677 1317 997 1426 Arelaiepiseop0‚
1028 1337 1066 1398 et
1094 1315 1391 1423 Suffraganets
1418 1317 1526 1423 ejus,
1557 1316 1737 1398 Salutem
1763 1337 1834 1398 etc.

312 1461 361 1540 In
391 1460 552 1540 Pruscie
580 1457 766 1565 partibus
782 1555 783 1560 Ν
801 1457 979 1564 populus
1007 1473 1068 1537 est
1096 1487 1120 1538 a
1147 1453 1224 1536 lide
1260 1483 1426 1563 prorsus
1467 1454 1720 1553 exorbitans,
1768 1473 1808 1538 et
1845 1458 1939 1567 plus

149 1563 277 1684 quam'
296 1569 456 1649 bestiali
485 1565 645 1648 deditus
679 1565 848 1663 feritati,
877 1569 948 1676 qui
973 1585 1017 1647 ut
1045 1594 1092 1646 ea
1125 1565 1274 1647 faciant
1310 1594 1391 1676 que
1420 1593 1503 1646 non
1532 1570 1805 1666 conveniunt,
1831 1570 1939 1650 inter
1994 1619 1999 1632 ,

148 1683 224 1764 alia
275 1677 426 1776 multa,
470 1705 550 1788 que
593 1676 644 1758 de'
689 1678 870 1785 ipsorum
905 1677 1148 1757 immanitate
1189 1675 1394 1773 feruntur,
1445 1692 1639 1786 quoteum
1670 1705 1721 1757 ue
1759 1679 1942 1760 feminini

147 1821 264 1874 mnus
293 1789 420 1872 mater
448 1793 579 1897 pariat
606 1788 811 1896 perimunt
839 1804 976 1896 preter
1004 1815 1144 1884 unam,
1173 1803 1378 1896 tamquam
1406 1789 1580 1868 Domino
1615 1815 1665 1868 ve
1686 1791 1744 1867 'nt
1772 1792 1816 1870 in
1843 1799 1941 1898 pros

147 1905 363 2014 pagatione
391 1897 556 1982 humani
583 1899 741 2007 generis
770 1897 956 1994 obviare,
990 1900 1137 2006 passim
1166 1913 1207 1977 et
1235 1901 1321 1978 sine
1356 1896 1598 1979 verecundia
1633 1898 1941 2006 plures'eorum

148 2016 400 2124 prostituunt
426 2011 528 2090 filias
556 2025 598 2089 et
626 2035 786 2103 uxores,
820 2035 867 2089 ac
898 2011 1082 2117 captivos
1111 2009 1320 2088 immolant
1340 2007 1416 2105 diis
1430 2010 1510 2090 suis
1524 2010 1769 2118 intingentes
1785 2009 1943 2118 gladios

146 2145 185 2206 et
212 2119 374 2205 lanceas
395 2140 447 2202 ut
475 2147 710 2230 prosperam
737 2117 943 2213 fortunam
972 2119 1148 2200 habeant
1176 2121 1219 2199 in
1247 2121 1440 2227 sanguine
1475 2117 1751 2227 predictorum
1779 2139 1950 2228 gentem

147 2237 268 2316 etiam
296 2235 424 2329 illam,
455 2259 578 2342 quam
611 2229 662 2311 de
689 2229 822 2309 medio
850 2231 1031 2338 ipsoriun
1046 2231 1270 2311 mbericors
1293 2231 1611 2340 Dominus,'qui
1625 2235 1824 2312 neminem
1851 2232 1943 2314 vult

147 2347 281 2454 perire
310 2339 362 2424 ad
404 2346 649 2452 agnitionem
684 2341 865 2421 veritatis
893 2339 1082 2437 adduxit,
1117 2340 1161 2419 in
1195 2339 1461 2440 fideijnostre
1493 2358 1789 2452 contemptum,
1825 2345 1943 2426 novis

12 2489 13 2504 ¹
144 2473 185 2538 et
212 2452 539 2536 intolerabilibus
568 2450 846 2532 exactionibus
862 2451 1090 2561 inquietant
1105 2449 1364 2559 multipharia
1380 2450 1591 2532 molientes
1606 2481 1675 2533 eos
1699 2452 1750 2534 de
1763 2453 1942 2534 tenebris

144 2583 284 2646 erutos
313 2565 365 2646 ad
381 2562 569 2644 tenebras
583 2561 932 2671 persecutionibus
946 2588 1173 2643 revocare·
1203 2565 1330 2641 Porro
1368 2562 1618 2644 Venerabilis
1632 2565 1775 2644 Frater
1802 2583 1942 2647 noster

142 2680 372 2785 Episcopus
401 2675 580 2772 Pruscie,
610 2702 657 2754 ac
686 2672 771 2769 alii,
795 2672 867 2782 qui
887 2699 962 2779 per
990 2674 1066 2752 Dei
1095 2673 1266 2780 gratiam
1300 2671 1495 2782 quasdam
1531 2674 1589 2755 ihi
1624 2691 1943 2756 construxerunt

141 2788 343 2868 Ecclesias
380 2783 702 2866 abhominantes-
723 2785 968 2892 impietatem
1010 2781 1255 2890 hujusmodi,
1299 2799 1341 2862 et
1382 2797 1537 2863 eorum'
1566 2787 1638 2895 qui
1666 2785 1716 2868 de
1759 2812 1867 2866 novo
1889 2786 1943 2868 ad

142 2899 352 2979 Christum
380 2911 580 2977 venerunt
608 2895 810 3004 angustias
843 2894 1097 2991 miserantes,
1127 2910 1167 2974 et
1195 2912 1243 2976 ut
1269 2892 1420 2973 ibidem
1454 2893 1548 2975 fidei
1576 2897 1704 3003 possit
1732 2898 1940 3006 negotium

140 3010 399 3117 promoveri,
428 3022 655 3086 statuerunt
688 3007 722 3084 si
750 3022 883 3085 tamen
910 3005 989 3086 sibi
1016 3021 1238 3113 suppetant
1273 3004 1504 3102 facultates,
1548 3006 1748 3088 necandas
1776 3034 1942 3116 eompa-

26 3125 28 3133 '
140 3145 235 3200 rare
267 3116 439 3228 puellas,
469 3132 515 3196 ut
543 3113 759 3198 educantes
788 3113 947 3197 easdem
976 3143 1042 3195 eas
1076 3116 1180 3195 lucri
1223 3112 1353 3194 lacere
1382 3117 1539 3224 possint
1583 3117 1763 3216 Christo,
1806 3145 1854 3198 ac
1880 3119 1940 3201 ibi

16 3249 29 3262 ·
139 3230 274 3311 scolas
302 3232 574 3308 Prutenorum
601 3227 811 3312 instituere
839 3252 1063 3334 puerorum
1080 3227 1165 3334 'qui
1199 3241 1247 3304 ut
1275 3252 1373 3334 gens
1408 3225 1475 3304 illa
1513 3244 1777 3320 convertatur
1812 3226 1865 3309 ad
1893 3228 1941 3310 fi·
2049 3271 2054 3278 ·

139 3339 236 3422 dem
268 3338 479 3419 addiscant
506 3336 708 3416 efficacius
737 3363 858 3445 quam
875 3335 878 3342 ’
893 3335 1046 3416 advene
1082 3335 1310 3444 predicare,
1340 3363 1387 3416 ac
1416 3336 1692 3446 evangelizare
1730 3338 1940 3422 dominum
2003 3361 2009 3376 ·

140 3452 312 3531 Jhesum
343 3450 557 3529 Christum.
591 3445 782 3526 Volentes
810 3447 931 3526 etiam
960 3449 1204 3556 Episcopus,
1238 3463 1279 3524 et
1308 3446 1374 3526 alii
1389 3445 1562 3554 predicti
1576 3448 1782 3529 subveniri
1810 3448 1940 3531 fideli·

136 3563 220 3644 bus
252 3559 457 3641 tribulatis
485 3557 649 3638 illorum
677 3555 888 3665 presertim
917 3556 1114 3637 instanter
1135 3555 1354 3664 implorant
1369 3551 1562 3638 auxilium
1592 3557 1644 3637 ad
1673 3558 1940 3642 resistendum

131 3673 316 3758 barbare
346 3670 517 3764 nationi,
546 3670 617 3777 qui
646 3665 830 3748 nondum
859 3667 1000 3747 Crucis
1028 3669 1293 3775 signaculum,
1311 3688 1569 3776 receperunt,
1605 3697 1679 3749 neo
1715 3669 1937 3780 disponunt
1982 3704 1984 3712 ’

134 3785 225 3865 suis
257 3782 435 3860 humeris
464 3778 566 3861 illud
581 3776 743 3886 affigere
771 3781 815 3860 in
843 3793 949 3856 terre
974 3776 1154 3887 predicte
1170 3777 1392 3870 subsidium
1407 3779 1652 3888 profecturi,
1679 3797 1722 3860 et
1737 3783 1808 3889 qui
1823 3783 1940 3888 signo

136 3895 290 3974 Crucis
325 3905 489 4000 accepto
524 3888 683 3997 juribus
712 3906 751 3968 et
778 3887 1042 3968 facultatibus
1083 3887 1229 3970 eisdem
1266 3916 1351 3969 non
1393 3891 1702 3997 suppetentibus
1731 3917 1816 3970 non
1845 3917 1939 4000 pos·
1993 3951 1999 3972 1

135 4022 240 4088 sunt
270 4003 417 4110 exequi
446 4017 539 4080 vota
568 4026 650 4079 sua.
681 3999 782 4078 Cum
811 3999 935 4106 igitur
963 3999 1028 4078 hic
1056 4027 1098 4078 se
1127 4027 1246 4079 eausa
1275 4001 1432 4108 ingerat
1465 4002 1633 4110 pietatis,
1664 4028 1784 4110 aqua
1799 3999 1938 4082 nullus

135 4144 181 4196 se
212 4129 350 4226 potest
378 4111 531 4216 habens
562 4109 764 4218 Spiritum
784 4108 947 4204 Domini
976 4137 1178 4189 excusare.
1209 4111 1519 4191 Vniversitatein
1535 4129 1706 4191 vestram
1729 4136 1938 4191 monemus

136 4244 180 4307 et
212 4209 471 4320 obsecra'rhus
500 4212 761 4316 in''Domiho,³
795 4212 1002 4328 ¹quatenus
1045 4221 1141 4299 viris
1170 4219 1352 4304 discretis
1383 4221 1513 4300 Deum
1543 4215 1776 4300 tinientihus
1805 4239 1937 4302 vestre

135 4333 417 4445 jurisdictioni
459 4331 662 4438 sub'ectis
693 4331 736 4409 in
764 4323 1035 4410 remissionem
1072 4332 1350 4438 peccaminum
1386 4327 1621 4438 injungatis,
1662 4347 1713 4434 ut
1738 4330 1814 4440 ipsi
1847 4359 1936 4440 pro.

136 4451 233 4530 Deo
269 4444 415 4524 Sancte
444 4362 730 4550 predicationis
758 4439 935 4522 officinm
965 4459 1210 4521 assumentes
1241 4442 1454 4528 Diocesum
1482 4458 1706 4522 vestrarum
1735 4469 1935 4550 pauperes

134 4575 180 4640 et
210 4555 367 4637 debiles
395 4554 704 4660 Crucesignatos
732 4577 822 4631 oum
852 4552 1001 4662 quibus
1029 4552 1216 4632 dammas
1245 4550 1565 4659 dispensandum,
1593 4570 1686 4632 vota
1703 4552 1937 4662 peregrina·

117 4667 268 4748 -tionis
286 4690 437 4744 eorum
466 4666 507 4742 in
535 4688 767 4774 succursum
794 4661 972 4748 fidelium
994 4659 1045 4742 de
1065 4663 1228 4742 Pruscia
1257 4661 1557 4757 commutando,
1584 4689 1770 4743 necnon
1798 4663 1935 4774 predi·

135 4774 483 4860 ctossefficaciter
518 4792 707 4858 moneant
741 4790 783 4852 et
801 4771 1028 4868 inducant,
1050 4790 1096 4852 ut
1110 4771 1251 4852 saltem
1278 4787 1445 4879 accepto
1473 4771 1595 4852 calice
1624 4771 1790 4854 salutari
1816 4776 1937 4855 retri—
2067 4799 2073 4808 ·

135 4889 277 4970 buant
303 4867 459 4998 aliquid
487 4879 564 4982 illi,
594 4884 665 4993 qui
694 4909 769 4992 pro
798 4882 854 4966 eis
889 4882 1061 4966 tradidit
1085 4885 1359 4993 semetipsum,
1401 4879 1637 4966 accedentes
1679 4881 1730 4966 ad
1772 4887 1935 4998 Pruseic
1996 4943 2001 4954 ,
2038 4953 2045 4964 .
