4362 5946
701 413 1210 562 ,-esaL-

120 678 223 780 nitur
247 670 412 779 moion}
441 687 486 754 vt
514 673 587 784 qui
613 686 783 782 propter
811 671 931 761 deum
960 676 1204 780 &sanctam
1247 669 1452 752 ecclesiam
1492 674 1635 756 maiori
1670 685 1893 784 oneramur
1922 700 1925 710 ’

118 781 205 868 cuia'
219 791 258 865 ὃς
286 777 576 880 sollicitudine,
591 785 716 862 maius
744 777 860 862 adeo
889 787 928 862 81
962 780 1126 865 ecclesia
1140 777 1364 864 subsidium
1378 783 1606 893 percipiant
1633 791 1673 866 8(
1698 786 1897 892 honorem

4 965 6 972 ,
116 897 216 978 Cum·
240 896 366 1003 igitur
393 895 498 974 sicut
527 892 644 1000 plene
670 893 860 972 nouimus
881 890 1071 972 redditus
1109 893 1285 971 canonic
1311 893 1489 1000 magistri
1527 892 1608 976 heu
1628 894 1895 1005 lynoopensis

118 1006 293 1088 canonici
321 1031 443 1116 quam
472 1002 522 1084 de
552 999 798 1112 patrimonio
826 1020 972 1084 nostro
995 997 1113 1084 &lde
1135 1001 1253 1082 bonis
1281 1011 1354 1112 pel·
1369 1020 1451 1085 nos
1465 1003 1669 1113 acquisitis
1696 1006 1895 1114 jn'eccle·
1943 1053 1945 1060 ,

117 1118 167 1197 sia
194 1114 431 1223 lyncopensl
460 1113 628 1193 fecimus
656 1114 757 1194 adeo
787 1128 928 1194 tenues
956 1131 1049 1194 sunt
1078 1118 1118 1192 dt
1146 1112 1283 1208 exiles,
1312 1112 1426 1223 quod
1459 1110 1511 1194 de
1538 1115 1636 1223 ipsis
1663 1141 1746 1196 non
1761 1133 1895 1225 potest
1964 1191 1968 1202 .

117 1223 274 1308 comode
305 1225 538 1320 sustentari,
569 1223 687 1304 nobis
714 1221 822 1330 jdern
851 1225 1039 1332 magister
1066 1222 1271 1304 humiliter
1300 1223 1564 1331 supplicauit,
1597 1241 1643 1306 vt
1669 1225 1747 1306 sibi
1774 1255 1897 1337 super

116 1337 186 1418 hoc
213 1333 429 1442 prouidere
458 1351 628 1442 paterna
658 1332 929 1416 sollicitudine
958 1360 1188 1414 curaremus
1216 1333 1410 1415 Nolentes
1425 1334 1607 1441 igiturvt
1633 1334 1743 1418 diua
1769 1338 1896 1418 eccu-

115 1447 167 1526 sia
193 1463 363 1553 propter
390 1444 595 1530 defectum
624 1445 906 1554 temporalium
936 1431 1085 1524 diuinis
1112 1442 1251 1527 officiis
1272 1443 1537 1526 defraudetur
1552 1442 1746 1528 decimam
1774 1461 1896 1557 qutun

116 1559 155 1638 in
180 1555 343 1637 ecclesia
374 1555 425 1635 de
453 1555 567 1636 slaku
596 1555 850 1664 episcopatus
879 1557 1009 1635 nostri
1036 1557 1200 1642 nomine
1228 1555 1456 1638 obturemus
1473 1553 1532 1635 do
1551 1557 1739 1638 mandato
1769 1563 1894 1640 &ro
1922 1597 1932 1616 .

5 1697 6 1700 ¹
116 1667 262 1747 luntate
292 1696 337 1747 ac
367 1665 532 1756 licencia
562 1665 801 1746 venerabilis
831 1667 957 1774 patris
986 1666 1140 1772 dominj
1168 1665 1346 1749 villelmi
1359 1667 1425 1750 dei
1459 1667 1594 1771 gracia
1624 1667 1807 1776 episcopi
1833 1697 1896 1748 sa·

114 1778 282 1860 binensis
311 1777 531 1886 apostolice
559 1774 663 1856 sedis
692 1775 811 1884 legati
840 1776 968 1858 eidem
1004 1777 1173 1856 canonic
1205 1776 1392 1858 duximus
1420 1776 1465 1884 jn
1492 1791 1735 1885 perpetuum
1776 1805 1899 1859 anun*

115 1886 312 1984 ctendam,
341 1903 560 1966 statuentes
591 1904 636 1966 vt
664 1887 749 1994 ipse
779 1893 818 1966 8ι
846 1887 909 1994 suj
938 1913 1184 1967 successores
1220 1887 1395 1968 debcant
1437 1885 1630 1971 decimam
1656 1890 1785 1997 ipsam
1812 1889 1898 1968 siue

113 1997 428 2080 contradictione
457 1997 590 2106 aliqua
621 1995 837 2103 possidere.
868 1995 1008 2078 datum
1038 1997 1226 2105 lynoopie
1255 1999 1314 2078 ΙΙΙ
1341 1997 1421 2080 kal.
1451 1997 1673 2082 decembris
1687 1999 1897 2081 resultes
2034 2077 2037 2082 ,
2077 2075 2085 2088 .

114 2124 178 2188 tus
204 2108 359 2216 dominj
388 2107 620 2215 jnnocencij
649 2135 753 2214 pape
782 2109 919 2220 quarti
948 2136 1056 2189 anno
1084 2110 1239 2220 quinto.
1549 2176 1552 2187 .
1602 2177 1605 2185 .
1868 2175 1870 2182 .

117 2497 225 2642 347
452 2407 455 2414 '
534 2467 542 2588 ᾗ
759 2497 1080 2638 124'7d‘2
1130 2497 1252 2602 Dec.
1586 2494 1919 2648 Skenninge.'

190 2717 266 2782 Ptfl.
287 2718 439 2798 Legaten,
461 2715 541 2778 Bisk.
562 2717 729 2780 Wrnnsnus
751 2715 789 2777 at*
804 2715 920 2778 Sabina
945 2715 1023 2777 Brel‘
1039 2713 1239 2778 till'Prioren
1260 2713 1321 2777 och
1349 2674 1695 2780 predum-bradone
1722 2722 1732 2779 i
1770 2717 1899 2802 Sigtum

215 2799 374 2862 ·rdrande
391 2799 435 2876 4ο
455 2796 566 2880 dagars
587 2797 661 2858 allat
681 2798 731 2859 lb'r
752 2798 840 2873 dun,
860 2817 926 2860 som
957 2799 999 2880 pia
1022 2798 1162 2884 dunghp
1186 2799 1299 2864 ,Muta
1330 2798 1626 2880 Himmelssttrdsdag
1657 2798 1719 2862 och
1749 2821 1768 2883 7
1800 2800 1898 2886 dtgts

242 2883 376 2946 dercster
398 2891 477 2943 sumt
496 2881 538 2966 ps
558 2879 694 2963 kyrkans
713 2879 946 2960 invigningsdag
968 2881 1082 2941 besdks
1109 2877 1471 2946 Proditus-Bridama
1491 2881 1707 2966 klosterlyrla
1728 2887 1739 2944 i
1761 2882 1896 2964 Sigtuno

1419 2991 1441 3014 ·‘
1483 2972 1763 3064 *optineri
1807 3019 1810 3026 ·

273 3131 508 3222 Vunsnuus
537 3125 791 3210 miseratione
819 3128 957 3210 divina
992 3093 1223 3213 Sabinensis
1250 3131 1474 3319 Episcopus
1507 3131 1751 3241 spostolicae
1784 3129 1898 3214 Sedis

111 3245 287 3350 Legatos
307 3231 510 3353 religiosis
539 3239 636 3319 viris
667 3240 797 3318 Priori
829 3254 870 3318 et
899 3238 1093 3320 fratribus
1121 3239 1275 3321 ordinis
1303 3266 1386 3347 prae
1418 3241 1612 3322 icatorum
1641 3239 1692 3321 de
1720 3243 1898 3327 Sictunia

106 3351 339 3461 Upsalensis
367 3349 546 3431 dioecesis
575 3347 742 3433 salutem
772 3349 816 3429 in
844 3350 1007 3429 nomine
1038 3351 1131 3429 Jesu
1161 3350 1318 3431 Christi.
1347 3349 1461 3430 Licet
1476 3351 1509 3432 is
1523 3348 1574 3436 de
1603 3350 1718 3458 cujus
1732 3379 1897 3441 munere

107 3466 220 3543 venit
261 3477 307 3541 ut
348 3462 425 3540 sihi
455 3489 478 3542 a
507 3463 587 3542 suis
616 3457 804 3540 fidelibus
832 3457 976 3539 devote
1005 3487 1049 3538 ac
1078 3460 1260 3540 hilariter
1288 3463 1505 3557 serviatur,
1542 3460 1593 3543 de'
1619 3460 1897 3566 habundantia

106 3573 272 3683 pietatis
300 3598 381 3650 suae
409 3599 500 3680 quae
529 3571 671 3650 merita
698 3568 925 3677 supplicum
954 3567 1129 3666 excedit,
1155 3567 1206 3649 'et
1234 3585 1329 3650 vota
1358 3570 1510 3678 majora
1551 3572 1749 3655 retribuat
1777 3563 1898 3683 quam

107 3683 271 3779 valeant
300 3680 540 3788 promereri:
570 3678 856 3760 nichilominus
883 3695 1015 3758 tamen
1045 3681 1251 3788 cupientes
1285 3681 1453 3762 reddere
1488 3680 1687 3790 populum
1715 3698 1897 3798 accepta·

105 3791 233 3874 bilem
262 3789 445 3887 domino,
473 3791 623 3870 Christi
652 3788 788 3870 fideles
804 3788 855 3868 ad
872 3788 1201 3895 complacendum
1217 3793 1252 3872 ei
1268 3789 1510 3902 quibusdem
1526 3793 1709 3874 illectivis
1720 3792 1899 3901 premiis,

104 3902 371 4010 indulgentiis
385 3900 573 3990 videlicet
588 3913 628 3979 et
643 3901 958 3993 remissionibus,
975 3900 1202 3981 invitamus.
1265 3903 1321 3980 Ut
1336 3903 1461 4010 igitur
1477 3902 1640 3984 ecclesia
1654 3919 1786 3986 vestra
1800 3931 1896 3982 con·
1983 3941 1987 3951 ·

103 4014 222 4123 gruis
236 4012 460 4093 honoribus
476 4010 778 4120 frequentetur,
793 4011 977 4091 omnibus
992 4037 1085 4090 vere
1101 4012 1390 4121 poenitentibus
1405 4031 1445 4093 et
1459 4011 1670 4110 confessis,
1685 4014 1756 4125 qui
1771 4013 1896 4094 eccle·

102 4127 213 4204 siam
237 4124 363 4230 ipsam
394 4123 435 4199 in
464 4120 567 4200 festo
589 4121 870 4228 assumptionis
899 4121 1027 4199 Reatae
1041 4122 1209 4230 virginis
1225 4149 1315 4224 oum
1344 4140 1495 4232 septem
1524 4120 1666 4204 diebus
1694 4125 1896 4232 sequenti-

101 4235 206 4329 bus,
236 4249 276 4311 et
304 4233 346 4312 in
377 4231 502 4341 ipsius
530 4231 705 4311 ecclesiae
735 4228 1000 4312 dedicationis
1030 4229 1094 4310 die
1124 4261 1213 4312 cum
1242 4231 1457 4312 devotione
1486 4235 1775 4313 et·reverentia
1802 4235 1927 4320 visi,

100 4345 303 4438 taverint,
331 4359 452 4422 unam
480 4367 664 4422 carenam
692 4342 744 4434 do
786 4340 942 4422 dierum
984 4339 1125 4419 conlisi
1167 4339 1217 4422 de
1245 4343 1337 4421 Jesu
1366 4343 1516 4425 Christi
1558 4341 1842 4424 misericordia·
1857 4359 1897 4422 et

98 4452 400 4564 Apostolorum
428 4452 580 4531 meritis
610 4451 725 4531 annis
754 4450 919 4561 singulis
935 4450 1211 4558 indulgemus.
1242 4453 1331 4531 Dat.
1362 4453 1576 4561 Schening.
1604 4456 1641 4548 Δ.
1659 4455 1796 4535 Nonas
1816 4451 1894 4533 De·
2032 4469 2034 4476 '

99 4564 281 4646 octubris
310 4559 454 4644 Pontis.
484 4559 638 4642 domini
666 4562 892 4643 innocentii
920 4564 1049 4779 lpraeS
1065 4563 1133 4782 JV.
1164 4559 1284 4639 Anno
1314 4565 1471 4671 quinto.

144 4921 174 4995 r)
197 4915 297 4977 neca
317 4909 378 4974 oet
398 4910 419 4988 4
439 4907 574 4991 sanante
596 4910 672 4972 saer
687 4907 759 4972 mss
780 4907 1020 4989 noumgenz
1040 4907 1303 4970 ”collaudemus
1323 4906 1394 4972 mea
1417 4875 1834 4990 murmurmurmur
