4406 5966
848 463 1391 586 1-682-

284 715 366 799 que
396 677 515 767 uobis
542 681 699 766 tribuit.
727 707 805 793 pro
833 708 951 793 posse
980 699 1121 766 nostro
1149 684 1376 766 retribuere
1410 686 1653 767 curabimus.
1684 683 1805 768 Unde
1832 677 1918 767 tam
1946 691 2087 793 ceteris¹

283 796 336 880 ad
366 793 594 904 exemplum
625 793 820 876 bonitatis
850 821 973 904 quam
1001 795 1099 876 mihi
1129 794 1182 877 ad
1209 793 1433 877 subsidium
1469 795 1619 879 salutis.
1649 796 1909 878 concedimus
1936 791 2081 882 sorori·

284 909 372 988 bus.
401 919 496 988 octo
514 905 707 1015 octingas.
735 908 779 986 in
807 904 958 988 riseber
987 933 1019 986 e.
1049 905 1139 988 1111.
1168 907 1359 1014 octingas.
1389 908 1432 987 in
1461 909 1690 1007 sneuerwi.
1721 905 1791 988 IX.
1821 911 2015 1018 octingas.
2044 915 2083 992 in

282 1016 499 1099 liuelstaht.
528 1018 580 1102 II.
607 1018 800 1126 octiugas.
830 1019 875 1099 in
901 935 1099 1129 gilbergh.
1141 1016 1281 1096 uillam
1310 1015 1516 1127 quandam
1544 1020 1660 1100 iuxta
1696 1018 1878 1100 herebro
1906 1049 1988 1131 que
2016 1049 2084 1103 uo-

283 1145 401 1212 catur
430 1128 666 1237 lotetphorp
695 1126 844 1209 ibidem
873 1127 1008 1208 locum
1036 1125 1266 1208 molendiue
1294 1133 1334 1209 &
1378 1126 1670 1210 dimidietatem
1698 1134 1890 1216 exomni
1923 1149 2085 1241 captura

284 1241 456 1350 piscium
484 1243 566 1349 que¹
591 1240 769 1350 pertinet
797 1236 850 1320 ad
879 1267 968 1320 ana.
996 1241 1040 1320 in
1054 1238 1263 1338 mosebui.
1295 1240 1365 1323 Vl.
1407 1241 1613 1350 Octingas.
1649 1239 1732 1323 duo
1769 1243 1811 1321 in
1845 1246 2035 1352 ruuinge.
2070 1246 2084 1324 l

285 1351 491 1462 octingam
518 1351 562 1432 in
588 1351 811 1460 piscatione
841 1348 1140 1432 wermclandie.
1594 1422 1599 1428 .
2035 1391 2043 1398 ·

426 1464 511 1564 Qui
539 1489 640 1542 uero
667 1461 741 1541 has
757 1460 845 1570 deo
873 1458 1028 1541 dicatas
1056 1480 1257 1543 terrarum
1286 1458 1595 1570 appenditiones
1622 1460 1812 1570 improbo
1827 1491 1928 1544 ausu
1947 1465 2090 1545 irrum-

286 1597 382 1680 pere
411 1573 680 1682 presumserit.
713 1575 937 1695 nostran&
965 1572 1140 1652 filiorum
1169 1598 1351 1652 meorum
1386 1587 1737 1681 atqueparentum
1753 1573 1930 1654 ultiones
1943 1601 1987 1655 se
2003 1603 2090 1684 pas-

287 1709 426 1766 surum
457 1683 635 1767 sciat&
664 1681 729 1764 dei
757 1698 880 1793 atque
910 1684 1091 1763 omnium
1119 1697 1353 1764 sanctorum
1379 1683 1785 1764 excommunicationi
1816 1683 2037 1766 subiaceat.

686 1823 734 1887 Pe
753 1823 931 1892 frinsidnnt
952 1823 1055 1888 linem
1075 1822 1115 1887 de
1135 1822 1337 1890 Vermelund.
1440 1822 1560 1905 sigillet
1580 1824 1684 1887 linnes

210 2303 213 2312 y
294 2139 428 2268 824.
647 2137 649 2140 ’
927 2141 1446 2251 1180mdmae-1202

372 2363 489 2428 Bmem
509 2363 588 2426 Iun
609 2362 649 2424 la
669 2359 748 2424 Bref
763 2361 812 2426 till
831 2361 1035 2444 Lagmannen
1055 2363 1067 2424 i
1087 2363 1292 2429 Wermeland
1313 2363 1421 2426 omsin
1432 2359 1552 2426 andeli
1568 2357 1734 2442 suntet,
1757 2335 1951 2442 som-gissus
1972 2361 2082 2427 tilllli-

424 2447 555 2526 mga
575 2445 700 2509 Hom
1731 2524 1769 2578 A.
1787 2525 1814 2579 3.
1830 2544 1860 2582 u.
1880 2544 1905 2581 ιε
1925 2529 1951 2582 5.

456 2661 498 2741 B.
527 2659 591 2742 dei
648 2659 752 2740 racia
781 2657 867 2742 dux
894 2687 1095 2743 sueorum.
1140 2661 1237 2769 legis
1266 2661 1387 2742 latori
1415 2662 1474 2740 .A.
1505 2661 1730 2769 ceterisque
1766 2656 1850 2766 dei·
1875 2663 2018 2743 amicis
2046 2664 2085 2742 in

290 2768 580 2852 wermelandia
608 2690 860 2880 degentibus.
890 2772 1060 2854 salutem
1084 2780 1129 2855 ‘&
1157 2772 1387 2853 amiciciam.
1431 2768 1694 2852 Notificamus
1716 2769 1904 2850 omuibus
1921 2799 2084 2882 prosen-

289 2878 400 2962 tibus
429 2885 468 2962 &
497 2878 642 2963 futuris
670 2882 790 2963 huius
817 2899 924 2964 terre
953 2885 1105 2966 incolis.
1139 2911 1200 2963 me
1228 2881 1384 2963 dedisse
1417 2897 1616 2992 perpetuo
1648 2879 1760 2961 dono
1801 2883 2018 2964 sororibus
2046 2886 2085 2965 iu

289 2989 487 3072 risebierh
514 2992 769 3076 manentibus
796 3008 922 3074 totam
951 3014 1107 3103 partem
1135 3021 1258 3104 quam
1287 2991 1447 3100 possedi
1476 2995 1516 3072 in
1533 2991 1756 3099 piscatione
1786 2991 2017 3075 salmonum
2046 2997 2086 3074 iu

289 3098 576 3200 wermelaudia
608 3099 765 3185 decad
808 3103 1001 3186 honorem
1028 3105 1125 3188 mihi
1167 3118 1300 3184 autem
1342 3101 1395 3183 ad
1437 3117 1616 3212 eternam
1659 3097 1986 3184 retributionem.
2045 3105 2084 3184 si

289 3212 380 3402 puis
407 3236 507 3291 uero
535 3212 768 3320 ignotorum
796 3215 861 3297 uel
890 3234 1089 3297 notorum.
1117 3215 1223 3296 hane
1250 3211 1302 3296 ab
1336 3215 1392 3294 eis
1420 3211 1581 3293 aulerre
1616 3227 1786 3293 conatus
1815 3211 1955 3294 fuerit.
1987 3216 2085 3295 iram

320 3322 357 3401 ei
384 3328 424 3402 &
450 3319 672 3404 uindictam
700 3325 880 3408 omnium
896 3343 1138 3422 ¹sanctorum
1166 3325 1243 3406 sibi
1271 3325 1479 3435 acquirere
1506 3351 1583 3434 pro
1612 3339 1725 3404 certo
1752 3324 1865 3423 sciat3
1896 3326 2051 3407 Volete.

401 3461 449 3526 Pl
469 3462 642 3530 indesidem
663 3465 769 3532 littera
788 3467 828 3534 de
848 3468 1044 3546 termelaud3
1066 3467 1138 3532 med
1158 3487 1260 3530 annau
1281 3465 1385 3530 bande
1405 3487 1475 3530 raas
1495 3465 1581 3528 ffers.
1664 3462 1786 3546 sigillet
1806 3466 1981 3528 bortfallet.

114 3915 118 3932 .
175 3995 177 4000 ,
293 3825 428 3935 825.
995 3867 1396 3976 1191-1192.

371 4045 461 4110 Ptsv.
482 4045 662 4112 Csnesrmus
683 4045 753 4112 Ins
773 4015 946 4130 Belalluing
966 4069 1019 4110 om
1039 4049 1265 4131 undersbbniug
1285 4047 1347 4112 och
1367 4023 1848 4129 usgdrundehumvidaSvcnslra
1863 4049 2088 4134 Drottniugeu,

423 4138 499 4190 utun
518 4131 661 4196 siwende
681 4133 723 4217 ps
743 4142 788 4196 ett
806 4127 905 4196 un'der
925 4131 1068 4215 siukdom
1089 4133 1170 4215 giort
1189 4133 1265 4229 lb'lle
1286 4141 1333 4194 att
1352 4131 1424 4213 iugi
1445 4131 1455 4192 i
1476 4130 1602 4210 kloster,
1623 4129 1721 4194 bordc
1739 4131 1785 4192 till
1796 4135 1842 4194 siu
1862 4132 1978 4196 Gemst
1999 4135 2089 4197 iter*

424 4211 536 4275 stilles.

473 4309 478 4322 ·
1750 4293 1786 4349 K.
1804 4299 1825 4347 l.
1843 4308 1868 4346 a:
1887 4295 1950 4368 877.

457 4429 706 4513 Cnnnsmnus
734 4429 807 4511 111.
842 4431 1086 4513 Karissimus
1121 4431 1163 4509 in
1192 4429 1364 4510 Christo
1397 4428 1501 4508 filius
1543 4441 1681 4509 noster
1710 4427 1756 4508 R.
1785 4429 1872 4507 Rex
1914 4429 2093 4512 illustris

289 4537 516 4622 Sueuorum
543 4541 580 4621 A
611 4537 803 4623 ostolntui
838 4553 979 4646 nostro
1020 4541 1145 4623 literis
1178 4543 1220 4620 &
1265 4539 1412 4619 nuntio
1452 4536 1658 4619 humiliter
1700 4539 1928 4646 nuntiauit,
1972 4542 2092 4650 quod

289 4675 382 4729 eum
410 4669 511 4732 esset
537 4677 560 4732 a
591 4650 770 4735 olescens
797 4655 838 4730 &
865 4647 1012 4732 dilecta
1040 4678 1144 4734 uxor
1171 4648 1258 4758 ejus
1291 4647 1527 4759 juueuoula,
1558 4657 1706 4728 ¹mutua
1751 4645 1830 4728 lide
1857 4666 1960 4728 voto
1989 4680 2094 4732 con·

289 4757 477 4841 uehendi
505 4759 672 4868 legitimi
699 4760 943 4844 matrimonii
970 4788 1012 4843 se
1039 4761 1351 4872 adstringentes‚
1386 4758 1558 4840 invicem
1587 4785 1823 4839 consensum
1850 4785 1994 4858 suum,
2025 4791 2093 4844 ac·
2182 4767 2183 4772 ‘

290 4867 458 4952 cedente
485 4871 694 4953 voluntate
720 4873 958 4970 Parentum,
986 4897 1168 4954 arrarum
1201 4871 1419 4954 donatione
1462 4869 1772 4954 roboraucrunt.
1805 4869 2094 4953 Postmodum

289 5003 388 5058 vero
415 4979 532 5064 clarae
558 4984 758 5066 memorie
786 4983 835 5064 N.
863 4987 981 5064 Patre
1007 5009 1082 5065 suo
1110 4982 1162 5063 nb
1190 4982 1362 5062 inimicis
1389 4981 1541 5076 occiso,
1570 5007 1662 5061 eum
1689 4981 1780 5088 [per
1794 4976 2003 5062 bellorum
2019 4983 2093 5066 ad·
2181 5023 2183 5056 t

291 5089 537 5194 versitatem]
564 5095 745 5208 undique
772 5109 1044 5207 premeretur,
1078 5097 1118 5174 &
1144 5091 1285 5175 habito
1314 5119 1406 5178 oum
1440 5089 1624 5176 hostibus
1664 5091 1747 5173 suis
1774 5114 2000 5198 congressu
2028 5095 2091 5179 vi·
