4362 5946
823 453 878 482 ...-
989 411 1068 518 357
1172 455 1236 476 ...

128 660 217 713 mus
247 631 463 731 Ecclesias,
492 650 533 724 et
562 661 752 744 personas
780 634 1065 715 ecclesiasticas
1094 635 1136 712 in
1169 637 1308 744 Regno
1341 635 1477 724 ‚Suetie
1514 635 1755 716 constitutas
1783 636 1827 716 in
1844 631 1929 718 ¹sua

129 738 345 825 coufovere
375 747 545 842 iustitia,
575 764 616 826 et
643 775 666 825 a
698 743 965 853 malignorum
999 744 1227 824 incursibus
1270 742 1500 840 defensare,
1543 746 1798 846 mandamus,
1825 775 1929 857 qua-

129 869 249 934 tenus
280 855 451 964 prefatis
471 858 589 964 Regi,
617 873 658 936 et
691 856 795 935 Duei
825 872 968 935 contra
997 852 1305 962 perturbatores
1336 857 1461 964 ipsius
1491 856 1620 963 Regni
1641 857 1813 940 viriliter
1828 861 1925 940 assi·

129 967 255 1062 statis,
285 969 340 1047 ita
369 967 482 1078 quod
511 967 633 1050 iidem
661 983 797 1047 vestro
823 966 1023 1047 mediante
1052 966 1202 1047 auxilio
1231 984 1370 1046 tenere
1398 966 1560 1046 valeant
1602 971 1645 1048 in
1678 971 1789 1077 pacis
1835 970 1928 1079 pul·

131 1075 360 1160 chritudine
389 1097 539 1159 terram
554 1106 685 1176 suam,
714 1095 754 1157 et
782 1105 856 1159 nos
884 1066 1141 1158 devotionem
1170 1094 1345 1158 vestram
1374 1077 1572 1185 possimus
1600 1078 1746 1168 exinde
1774 1081 1817 1162 in
1846 1082 1929 1162 Do-

130 1190 243 1272 mino
270 1190 561 1272 commendare.
594 1191 696 1274 Dat.
713 1190 867 1276 Perusii
894 1189 1008 1270 XlI⁰.
1036 1189 1129 1270 Kal.
1158 1188 1412 1271 Novembris.
1444 1191 1564 1269 Anno
1595 1190 1772 1273 Decimo.
1944 1193 1947 1208 '

8 1507 29 1642 f
133 1581 288 1727 397„
607 1608 613 1621 ’
779 1585 927 1688 1252
976 1579 1024 1684 d.
1075 1521 1309 1686 aaOct.
1566 1580 1575 1591 ’
1697 1583 1958 1729 Pcrugia.'

218 1803 308 1866 Pafv.
331 1804 525 1864 [unocanrrus
548 1799 618 1862 {Va
639 1803 717 1864 Bref
734 1804 781 1865 till
802 1803 957 1886 Bislopen
977 1803 988 1863 i
1010 1789 1184 1885 Liulrilpiu'g
1208 1800 1279 1863 med
1300 1800 1632 1882 gibermals-tillstlnd
1663 1790 1805 1865 stirme
1826 1805 1837 1863 i
1857 1803 1929 1880 riade
2050 1785 2057 1802 ⁰

268 1885 319 1948 led
340 1885 515 1967 besltgtade
536 1905 690 1971 personer.

217 2001 219 2008 ·
448 1969 454 1982 ’
1638 1965 1673 2023 K.
1696 1983 1722 2021 c.
1742 1977 1798 2040 ¹79·

459 2104 716 2206 [ottocente'os
749 2109 869 2215 Papo
897 2104 1107 2214 (loct-tos,
1142 2101 1334 2214 Episcopo
1364 2105 1605 2214 Lincopensi.

304 2244 507 2323 Carissimi
540 2247 581 2324 in
611 2245 771 2326 Christo
801 2245 873 2325 filii
901 2246 1031 2324 nostri
1061 2243 1309 2326 Waldemari
1346 2247 1464 2353 Regis
1500 2245 1682 2340 illustris,
1718 2271 1766 2324 ac
1793 2243 1935 2329 abacti
1989 2235 1994 2242 ⁴

136 2357 211 2465 filij
241 2356 398 2436 Nobilis
426 2358 503 2436 viri
531 2358 736 2438 Benedicti
763 2359 887 2436 Ducis
916 2356 1044 2469 Regni
1075 2356 1236 2450 Sueciae,
1266 2369 1314 2434 ac
1341 2357 1471 2462 Regni
1499 2354 1678 2437 eiusdem
1694 2370 1804 2435 recta
1831 2355 1932 2436 fides

135 2473 181 2551 in
212 2471 339 2548 Deum
368 2469 587 2549 &sincera
617 2468 783 2548 deuotio
811 2469 855 2546 in
885 2466 1102 2546 Ecclesiam
1137 2457 1313 2546 sanctam
1351 2467 1453 2564 eius,
1498 2494 1593 2573 erga
1622 2465 1714 2547 illos
1742 2465 1785 2544 in
1812 2465 1933 2546 nobis

135 2596 274 2660 mouet
304 2580 451 2658 intimae
480 2581 683 2659 charitatis
712 2579 920 2672 affectum,
964 2577 1036 2685 qui
1078 2576 1190 2684 quo'd
1221 2577 1272 2657 ad
1303 2578 1482 2686 ipsorum
1525 2578 1694 2657 salutem
1723 2583 1763 2656 &
1791 2602 1934 2685 pacem
2017 2639 2021 2650 .

137 2689 401 2800 profuturum
430 2689 626 2785 creditur,
657 2691 774 2770 nobis
803 2705 991 2800 suggeret
1021 2715 1102 2766 non
1132 2687 1369 2796 negandum.
1401 2692 1460 2768 Ex
1484 2707 1599 2796 parte
1615 2685 1813 2796 siquidem
1829 2716 1931 2796 prae·

136 2801 339 2883 dictorum
369 2800 487 2910 Regis
517 2807 554 2880 8(
585 2802 706 2881 Ducis
734 2802 811 2881 fuit
848 2799 965 2879 uobis
1009 2799 1215 2879 humiliter
1257 2799 1547 2908 supplicatum,
1576 2817 1620 2878 vt
1653 2825 1746 2879 cum
1774 2799 1933 2882 Nobilis
2026 2869 2032 2880 .

137 2915 214 2992 Vir
244 2913 412 2996 Carolus
441 2932 560 2993 natus
588 2913 791 3020 quondam
823 2911 996 3016 Sistrugi
1026 2938 1151 3016 nepos
1180 2912 1391 3018 utriusque
1409 2911 1594 2992 Nobilem
1623 2905 1829 2989 mulierem
1850 2911 1968 2990 He·-

137 3025 272 3104 lenam
302 3042 434 3103 natam
463 3021 667 3130 quondam
697 3024 804 3102 Petri
833 3021 883 3102 dc
915 3022 1160 3117 Jorchastat,
1188 3022 1446 3130 quaedietum
1463 3018 1656 3124 Carolum
1669 3036 1818 3128 quarto
1839 3048 1932 3127 gra-

135 3137 197 3218 du
226 3133 585 3242 consanguinitatis
614 3134 811 3242 contingit
840 3132 988 3212 ducere
1018 3134 1156 3236 cupiat
1184 3135 1227 3212 iu
1248 3160 1432 3230 uxorem,
1462 3139 1501 3214 &
1522 3159 1594 3240 per
1609 3133 1935 3213 coniunctionem

134 3249 259 3332 huius
288 3246 413 3324 multa
442 3243 549 3323 bona
579 3244 708 3325 eidem
738 3247 878 3348 Regno
908 3243 1123 3350 prouenire
1154 3241 1342 3323 dicantur
1371 3244 1602 3324 curaremus
1631 3244 1676 3323 in
1711 3244 1788 3323 hac
1817 3259 1933 3349 parte
2012 3271 2014 3280 ’

135 3355 450 3438 misericorditer
479 3355 720 3462 dispensare.
765 3357 849 3436 Nos
877 3353 1002 3462 igitur
1043 3354 1312 3449 attendentes,
1354 3354 1468 3464 quod
1495 3355 1599 3434 sicut
1626 3383 1650 3435 a
1678 3353 1756 3436 fide
1800 3353 1960 3463 dignis¹

135 3467 537 3573 accepimus,·ipsius
566 3468 695 3573 Regni
724 3495 795 3573 per
823 3465 902 3544 hoc
938 3493 1016 3572 pax
1047 3470 1085 3543 &
1114 3465 1386 3573 tranquillitas
1428 3482 1690 3573 procuratur,
1734 3465 1935 3547 dictorum

136 3581 261 3685 Regis
290 3584 328 3655 8<
357 3579 479 3657 Ducis
509 3573 696 3683 precibus
725 3576 925 3669 inclinati,
960 3577 1219 3692 praesentium
1247 3576 1323 3657 tibi
1358 3577 1599 3658 auctoritate
1628 3579 1933 3674 committimus,

135 3706 186 3771 vt
215 3717 306 3768 cum
337 3688 432 3796 ipsis
462 3689 610 3767 Carolo
639 3693 679 3766 8<
707 3688 858 3766 Helena
890 3683 1001 3794 quod
1032 3712 1115 3766 non
1145 3686 1331 3767 obstante
1360 3687 1647 3795 impedimento
1691 3689 1933 3797 consangui-
2038 3779 2042 3789 ι

135 3801 279 3900 uitatis
292 3797 521 3878 huiusmodi
537 3827 576 3876 se
607 3797 656 3878 ad
687 3800 857 3880 in'uicem
887 3798 1232 3878 matrimonialiter
1260 3798 1451 3906 copulare
1480 3799 1657 3892 valcant,
1693 3799 1933 3878 auctoritato

135 3927 278 3992 nostra
307 3910 577 4022 disponentes.
611 3911 756 3995 Datum
786 3908 938 3988 Perusii
966 3908 1036 3987 XI.
1067 3906 1264 3989 Calendas
1293 3909 1556 4007 Nouembris,
1584 3912 1706 3989 Anno
1736 3907 1927 3994 decimo,
2048 3994 2050 4007 ,

145 4229 281 4446 388.
409 4230 416 4238 ι
780 4302 927 4407 1252
978 4300 1026 4405 d.
1074 4276 1146 4406 23
1193 4297 1308 4406 Oet.
1700 4232 1932 4446 Perugia
1976 4417 1978 4422 ,

223 4521 313 4584 Psfv.
335 4521 529 4583 lauocmrrus
551 4521 623 4583 tta
646 4521 723 4582 Bref
739 4521 779 4605 pal
800 4522 864 4583 Tre
884 4520 1048 4584 manaders
1067 4519 1322 4603 syndalb'rlatelse
1343 4519 1393 4582 lta·
1413 4521 1551 4602 Kooung
1580 4521 1782 4599 Watnruar,
1815 4521 1933 4582 Bmoru

280 4605 358 4665 lanu
378 4603 440 4666 och
461 4603 529 4666 dess
550 4604 660 4666 Gema!
682 4605 831 4666 lucarano
852 4603 933 4664 ili-an
955 4603 1016 4665 den
1035 4602 1097 4684 <lag
1116 4602 1156 4666 de
1176 4602 1302 4665 erbum
1321 4603 1424 4666 denna
1445 4602 1614 4666 skrifvelse.

1356 4717 1389 4776 F.
1410 4733 1440 4774 r:
1457 4717 1518 4774 noa.
1535 4698 1650 4774 Arato.
1667 4713 1719 4787 Ep.
1739 4733 1797 4790 ¹97·

274 4891 280 4898 ·
310 4794 532 4937 Innocentii
557 4857 628 4936 IV.
660 4858 885 4966 apostolicae
912 4857 1075 4952 litterae,
1105 4854 1244 4963 quibus
1272 4857 1336 4937 W
1331 4911 1343 4934 .
1378 4854 1464 4954 (W
1458 4843 1696 4949 aldemario)
1726 4835 1866 4958 Regi,
1883 4855 1922 4936 B

342 4967 553 5072 (Ber-gero)
583 4968 693 5046 Daci
718 4966 871 5048 Soetiae
899 4983 1022 5078 atquc
1047 4969 1083 5050 I.
1099 4965 1383 5077 (legeburgae)
1411 4967 1538 5052 Ducit
1559 4969 1692 5058 onr-t
1710 4963 1835 5078 pleno
1862 4948 1935 5050 ob·
