4362 5946
838 511 897 566 ,-
1002 473 1120 555 sm
1178 477 1285 538 ·-·-
1341 446 1347 460 ’

10 723 14 732 ’
134 694 363 776 inherentes
414 681 702 774 contrahendo
743 689 1019 801 sollempniter
1067 693 1322 792 matrimonio
1368 685 1435 772 uel
1498 687 1633 790 ublice
1677 693 1926 788 concubinas

134 800 326 884 habendo
353 803 398 885 in
425 804 548 885 sacris
576 801 788 884 ordinibus
822 803 1043 884 constituti.
1081 802 1240 883 'Curam
1270 829 1433 914 quoque
1466 716 1669 892 babentes
1705 805 1925 912 animarum
1968 899 1970 902 ,

134 913 380 995 nullasedis
407 911 627 1024 apostolice
650 913 953 1022 dispensacione
981 928 1161 1022 optenta.
1190 913 1424 996 Jnoleuerat
1438 913 1562 993 eciam
1577 911 1925 1030 consuetudoque
1985 957 1990 962 ·

134 1025 277 1132 pocius
303 1026 447 1106 merito
481 1022 560 1106 dici
596 1039 757 1134 poterat
792 1025 1039 1134 corruptela,
1081 1020 1194 1134 quod
1236 1023 1429 1105 defuncto
1472 1022 1679 1127 sacerdote
1719 1027 1792 1110 filii
1839 1031 1925 1113 eius
1974 1081 1978 1088 ,

1 1221 2 1230 Ν
133 1134 202 1226 uel
231 1133 509 1218 deficientibus
537 1135 627 1215 filiis
655 1137 819 1243 cognati
853 1135 1121 1244 proximiores
1149 1137 1193 1215 in
1221 1133 1410 1217 omnihus
1438 1133 1656 1216 mobilibus
1685 1166 1777 1246 que.
1795 1139 1955 1248 possi·-

132 1243 258 1328 debat
292 1246 458 1327 ccclesia
486 1243 766 1328 succedebant.
797 1274 855 1328 ex.
875 1274 959 1358 quo
987 1246 1230 1356 sequebatur
1244 1245 1357 1357 quod
1370 1224 1533 1326 eccle'sie
1548 1247 1670 1329 nimia
1684 1268 1923 1356 paupertate

133 1372 334 1465 perpetuo
362 1372 654 1466 premerentur.
686 1363 725 1438 8(
756 1376 927 1466 propter
953 1356 1033 1450 hoc
1060 1356 1289 1481 allegabant
1321 1355 1549 1484 sscepdotes
1569 1357 1688 1485 'qnod
1716 1358 1830 1478 nulla
1858 1389 1923 1484 ras
1975 1453 1985 1486 1

134 1469 253 1553 cione
282 1483 473 1577 poterant
500 1469 698 1549 sustinere
726 1471 812 1550 sine
841 1469 1129 1550 coniunctione
1158 1495 1204 1549 ae
1232 1469 1453 1548 ministerio
1481 1467 1703 1549 mulierum.
1731 1471 1921 1579 interpo-

133 1595 257 1658 nente
285 1581 411 1686 igitur
439 1577 606 1660 domino
635 1577 748 1659 ihesu
776 1581 926 1660 christo
956 1594 1120 1659 auctore
1149 1581 1257 1687 pacis
1285 1579 1471 1659 uniuerse
1485 1577 1597 1658 orbis
1624 1579 1860 1662 mirabiliter
1876 1585 1924 1665 ’8ο
2043 1584 2048 1594 ’
2078 1580 2081 1588 ’

132 1686 369 1770 notabiliter
396 1704 531 1797 partes
550 1715 654 1787 snas,
683 1689 859 1797 perfecta
892 1706 952 1770 est
979 1717 1061 1799 pax
1089 1705 1182 1799 post
1210 1689 1356 1770 multos
1383 1703 1579 1770 tractatus
1593 1714 1697 1799 quos
1711 1690 1813 1771 inter
1826 1697 1922 1801 par*

131 1813 195 1878 tes
224 1797 437 1880 habuimus
465 1799 516 1881 de
545 1815 766 1908 spontanea
781 1801 963 1909 parcium
985 1800 1206 1882 uoluntate.
1236 1797 1391 1880 Deinde
1404 1814 1497 1908 post
1512 1798 1808 1908 aliquantulum
1821 1805 1922 1883 'tem-

132 1909 258 2018 poris,
287 1907 453 1990 domino
481 1906 784 2020 archiepiscopo
813 1912 1015 2020 upsalensi
1042 1917 1081 1992 8(
1109 1910 1374 2018 suffraganeis
1402 1910 1488 1990 eius
1523 1910 1573 1991 ad
1607 1913 1786 1993 nostram
1820 1915 1921 2021 'pre·

129 2019 309 2100 sauciam
338 2023 584 2116 conuocatis,
613 2021 750 2101 habita
795 2020 950 2102 laribus
977 2019 1120 2104 diebus
1148 2021 1275 2104 multa
1306 2019 1586 2132 disputacione
1607 2026 1646 2101 8(
1660 2020 1921 2104 deliberacio-
2019 2098 2022 2108 .

130 2157 189 2208 ne
215 2131 363 2240 quibus
392 2130 576 2228 interfuit
604 2133 729 2212 eciam
757 2051 842 2212 <iux
872 2160 946 2242 per
974 2159 1094 2242 quem
1109 2130 1194 2215 fere
1221 2130 1398 2213 totaliter
1426 2132 1581 2239 regitur
1594 2149 1703 2214 terra
1717 2131 1797 2228 illa,
1826 2161 1919 2243 pre·

131 2255 247 2321 sente
261 2269 439 2352 quoque
468 2241 635 2350 legifero
664 2257 783 2342 terres
799 2250 838 2323 8(
865 2243 1000 2324 multis
1028 2243 1114 2323 aliis
1142 2244 1296 2352 magnis
1324 2249 1364 2324 8(
1391 2240 1573 2322 discretis
1587 2243 1686 2322 uiris
1714 2269 1770 2351 ac·
1788 2271 1919 2326 sacer·

126 2349 299 2432 dotibus
328 2353 464 2434 multis
493 2351 543 2434 de
585 2353 754 2434 oonsilio
797 2359 837 2432 8(
864 2354 1075 2435 uoluntate
1118 2351 1215 2434 dicti
1258 2352 1549 2461 archiepiscopi
1575 2358 1614 2434 8(
1642 2349 1919 2462 suffraganeo·
1976 2429 1981 2441 ,

107 2490 224 2542 «rum
240 2463 336 2559 eius,
364 2465 421 2543 sic
449 2462 637 2546 duximus
664 2465 1011 2577 auctoritateque
1039 2463 1309 2573 fungebamur
1335 2463 1556 2572 apostolica
1583 2461 1854 2562 statuendum,
1870 2481 1917 2546 ut
1944 2492 1953 2506 ⁸

129 2572 271 2652 nullus
299 2570 484 2682 deoetero
513 2577 556 2655 in
583 2601 698 2656 sacro
726 2574 869 2656 ordine
896 2577 1148 2674 constitutus,
1162 2603 1328 2658 uxorem
1356 2575 1526 2684 accipiat
1554 2575 1620 2655 uel
1648 2573 1918 2657 concubinam

131 2683 299 2792 publice
325 2712 396 2765 seu
412 2686 709 2768 cohabitantem
738 2686 884 2767 babeat
904 2693 944 2767 8(
972 2690 1005 2769 si
1033 2702 1173 2769 contra
1201 2683 1281 2768 hoc
1308 2683 1456 2766 iactum
1476 2683 1616 2782 fuerit,
1631 2687 1827 2794 mouerint
1849 2685 1916 2767 ille
1998 2715 2010 2724 ·

129 2794 319 2875 mulieres
346 2823 388 2875 se
416 2797 677 2877 anathematis
706 2798 873 2902 uinculo
901 2797 1126 2879 innodatas.
1156 2795 1198 2876 Si
1226 2824 1307 2908 qua
1335 2795 1573 2877 antemium
1601 2811 1660 2877 est
1674 2794 1914 2893 concubina,

130 2904 201 2983 uel
229 2933 334 2986 uxor
362 2904 413 2986 de
441 2907 568 3004 sacto,
598 2907 691 2989 licet
720 2935 791 3017 per
806 2912 912 2989 viam
940 2908 1242 3017 dampnacionis
1270 2905 1471 3004 incedant,
1500 2921 1633 2986 tamen
1646 2905 1939 3000 infraannunr¹
2006 3003 2007 3006 p

129 3018 563 3110 excommunicacionis
590 3018 795 3100 uinculum
824 3045 907 3098 non
933 3021 1154 3102 incurrant.
1182 3015 1253 3100 sed
1280 3019 1314 3098 si
1341 3015 1456 3098 linito
1484 3043 1594 3098 anno
1614 3044 1699 3098 non
1726 3021 1914 3127 separeri-
2038 3035 2042 3046 '

128 3141 202 3204 tur
229 3127 407 3224 omnino,
435 3130 625 3210 mouerint
653 3157 695 3209 se
724 3129 983 3212 anathematis
1016 3129 1183 3211 uinculo
1211 3127 1436 3210 innodatas.
1465 3133 1507 3209 8(
1533 3146 1704 3228 caueant
1745 3130 1816 3239 qui
1858 3130 1921 3209 sic.

128 3261 201 3318 eas
227 3236 444 3332 habuerint
471 3267 524 3320 ne
552 3242 903 3322 excommunicatis
931 3241 1102 3322 ulterius
1129 3241 1371 3350 participent
1398 3240 1442 3321 in
1469 3239 1652 3349 peccit'o,
1688 3240 1784 3349 qnia
1810 3241 1946 3319 sicut-

129 3347 221 3428 iure
248 3350 441 3428 canonico
470 3365 530 3429 est
557 3377 789 3459 expressum
817 3350 957 3433 eodem
984 3350 1149 3434 uinculo
1184 3350 1416 3458 ligarentur.
1445 3351 1633 3461 Exceptis
1660 3353 1914 3462 quinquage-

126 3459 256 3537 nariis
284 3457 559 3542 sacerdotibus
587 3466 632 3569 8(
653 3460 822 3546 feminis.
882 3465 925 3544 ui
952 3464 986 3544 si
1014 3461 1133 3544 fidem
1161 3460 1347 3543 dederint
1375 3464 1415 3540 8(
1441 3459 1519 3543 sub
1539 3487 1684 3569 magna
1712 3487 1816 3571 pena
1843 3487 1914 3567 pe·
1967 3557 1972 3564 ⁵
2067 3551 2071 3560 ,

54 3642 57 3646 ,
127 3570 327 3650 cuniaria·
342 3571 601 3678 promiserint
628 3574 819 3682 episcopo
847 3491 899 3654 dle
926 3571 1156 3653 omnimoda
1199 3570 1447 3653 continentia
1477 3573 1517 3650 8(
1544 3569 1657 3681 quod
1692 3573 1914 3680 numquam

127 3681 176 3758 in
204 3677 343 3782 eadem
372 3679 495 3761 domo
522 3681 588 3762 uel
617 3683 694 3763 sub
721 3681 863 3763 eodem
891 3697 1012 3763 teoto
1027 3683 1144 3764 simul
1179 3681 1394 3778 dormiant,
1423 3683 1576 3792 poterit
1603 3709 1672 3764 eos
1700 3684 1912 3791 episcopus

8 3837 13 3846 =
126 3791 164 3870 si
193 3792 230 3870 ei
258 3790 408 3871 bonum
436 3797 476 3873 8(
503 3806 636 3873 tutum
664 3789 889 3889 uidebitur,
918 3793 1122 3874 sustinere.
1158 3791 1231 3882 filii
1259 3809 1394 3873 autom
1422 3791 1584 3874 illorum
1619 3793 1691 3902 qui
1725 3793 1911 3874 deaetero

3 3926 8 3935 ·
125 3900 229 3982 tales
257 3927 404 3982 uxores
431 3902 497 3983 uel
526 3901 771 3984 concubinas
800 3905 1048 4013 acceperint,
1090 3903 1156 3984 uel
1185 3904 1256 4012 qui
1290 3919 1383 4011 post
1418 3929 1569 3984 annum
1596 3897 1788 3983 nascituri
1816 3903 1911 3978 s'unt
1967 3983 1972 3990 ,
2048 3931 2052 3938 ·

123 4011 182 4092 de
209 4011 284 4091 biis
312 4013 385 4121 qui
420 4014 496 4094 iam
529 4012 627 4092 tales
669 4014 858 4121 optinent
886 4014 1090 4112 mulieres,
1118 4013 1241 4094 nichil
1284 4012 1509 4121 percipiant
1551 4011 1603 4094 ab
1644 4013 1833 4093 intestato
1858 4006 1933 4120 de.

123 4120 314 4231 hiisque
343 4139 625 4229 patereorum
661 4123 727 4204 uel
769 4124 944 4220 eeclesia,
961 4123 1203 4233 possidebat.
1249 4128 1288 4206 8(
1329 4125 1363 4204 si
1405 4125 1647 4230 acceperint,
1676 4123 1764 4229 ipso
1800 4118 1910 4200 laeto

104 4233 370 4312 sentenciam
414 4235 842 4321 excommunicacionis
883 4238 1123 4340 incurrant..
1147 4234 1233 4314 Jllis
1275 4250 1407 4315 autem
1453 4234 1525 4342 qui
1567 4232 1646 4312 iarn
1678 4236 1765 4312 nati
1792 4244 1909 4325 sunt,

121 4341 196 4424 uel
223 4341 301 4450 qui
323 4341 427 4423 inira
456 4371 606 4428 annum
620 4361 837 4426 nascentur
866 4343 916 4426 de
929 4346 1164 4427 mulieribus
1179 4371 1260 4453 que
1287 4345 1365 4422 iam
1379 4346 1485 4421 'cum
1513 4339 1789 4440 sacerdotibus
1816 4337 1911 4420 lieet
1957 4443 1963 4452 ι

122 4451 442 4561 dampnabiliter
470 4453 737 4536 demorentur.
780 4455 921 4563 jugum
962 4455 1012 4537 de
1040 4483 1150 4536 nouo
1190 4482 1274 4535 non
1303 4454 1554 4562 imponimus.
1597 4448 1667 4533 sed
1709 4466 1909 4532 contesta-

121 4590 220 4644 mur
239 4589 317 4643 eos.
347 4570 386 4645 8(
427 4565 461 4644 si
488 4564 560 4646 lilii
588 4591 671 4646 non
699 4582 928 4674 supersunt,
968 4564 1172 4674 cognatos,
1200 4559 1312 4672 quod
1355 4562 1577 4646 mortaliter
1604 4560 1841 4668 peccabunt,
1870 4563 1910 4638 8(

121 4673 310 4781 rapinam
337 4678 378 4752 8(
406 4673 559 4756 furtum
602 4677 872 4772 committunt,
900 4678 934 4757 si
962 4677 1013 4758 de
1040 4673 1260 4756 hereditate
1298 4671 1516 4760 sacerdotis
1552 4672 1617 4752 uel
1646 4671 1809 4754 ecclesie
1833 4669 1909 4752 'ali-

121 4783 230 4893 quid
244 4785 480 4892 acceporint.
511 4791 552 4864 8(
580 4787 655 4866 nisi
696 4788 929 4883 restituant,
958 4785 1034 4866 deo
1062 4779 1318 4892 reconciliarj¹
1350 4801 1434 4865 non
1476 4795 1656 4890 possunt
1686 4785 1761 4862 Per
1789 4795 1908 4862 testa·

121 4909 308 4974 mentum
337 4909 471 4976 autem
497 4916 667 5003 possunt
690 4898 918 4978 sacerdotes
946 4896 1053 4979 licite
1089 4894 1318 5005 relinquere
1360 4895 1426 4974 cui
1468 4893 1611 5000 placet,
1639 4893 1673 4972 si
1718 4889 1819 5000 quid
1861 4915 1918 4968 erc

119 5001 348 5086 hereditate
376 5005 442 5084 uel
469 5007 638 5088 artificio
668 5023 737 5086 aut
765 5006 948 5088 doctrina
983 5033 1054 5088 seu
1095 5033 1143 5086 ex
1173 5003 1282 5086 dono
1308 5005 1365 5084 eis
1408 5001 1528 5099 facto,
1559 5000 1908 5108 contemplacione
