4404 5960
151 599 160 634 p
196 611 199 632 Ι
330 605 336 610 ,
1134 605 1145 619 .

32 670 37 679 ·
154 639 164 728 l
250 654 443 737 umulier
471 681 547 764 per
575 650 678 736 duos
706 667 829 734 testes
859 650 1046 750 idoneos,
1073 667 1116 733 et
1142 649 1222 734 fid'e
1249 649 1396 760 Quos
1430 651 1632 760 probauit-¹
1659 651 1838 765 legitime
1864 657 1928 742 di·

140 729 165 858 ll
270 767 439 850 militem
466 791 635 848 cumea
661 792 735 876 per
763 764 888 845 verba
915 763 970 845 de
995 765 1174 872 presenti
1215 761 1517 844 matrimonium
1560 769 1820 852 connexisse.
1874 773 1929 858 Et

141 867 164 980 ll
253 878 361 978 idem
390 877 502 960 miles
529 893 675 960 contra
703 890 824 958 testes
852 876 974 984 ipson
1003 873 1068 956 vel
1104 875 1259 958 dictum
1300 874 1600 958 matrimonium
1626 879 1750 962 nichil
1778 907 1829 962 en
1857 881 1938 964 adv

141 990 163 1100 a}
271 981 443 1072 'duxeris
470 986 795 1098 reprobandum,
823 989 920 1098 quia
952 1002 1085 1068 tamen
1112 985 1320 1097 quandam
1341 985 1680 1072 consuetudinem
1721 990 1931 1076 inductam
1965 1037 1968 1046 ·
1998 985 2006 996 ’

141 1088 162 1166 ³³
253 1104 355 1207 ranis
381 1099 550 1210 allegat,
579 1097 910 1208 videlicetquod
937 1097 1088 1181 sufficit
1102 1100 1195 1180 sibi
1208 1095 1260 1180 ad
1274 1096 1936 1209 reprobationem·prsruissorum,-

157 1189 162 1310 ξ
272 1222 365 1293 curn
393 1210 532 1293 eadem
560 1211 674 1292 Tova
703 1211 1002 1292 matrimonium
1030 1211 1192 1292 minime
1219 1227 1477 1292 contraxerat
1499 1211 1674 1320 probare
1700 1234 1852 1324 septem
1866 1232 1929 1297 te·

10 1415 11 1425 Ν
139 1317 162 1430 ξ
281 1323 536 1431 juramentis,
565 1322 678 1433 quod
707 1325 830 1432 super
859 1322 938 1404 hoc
967 1322 1052 1403 fieri
1082 1320 1229 1404 debeat
1269 1317 1459 1402 edoceri¹
1501 1349 1546 1402 er
1586 1343 1746 1405 nostras
1775 1326 1929 1410 litteras

10 1447 11 1456 ‘
139 1435 162 1540 ²}
259 1433 357 1515 lasti.
387 1436 473 1516 Nos
499 1435 634 1545 itaque
663 1433 950 1514 consultationi
977 1450 1049 1513 tue
1082 1433 1270 1516 duximus
1312 1349 1655 1542 respondlmdum,
1693 1437 1808 1548 quod
1836 1467 1929 1520 cnm
2072 1473 2076 1480 ’

11 1571 12 1584 ¹
139 1545 162 1648 Εξ
259 1547 467 1656 egativam
493 1573 579 1626 non
607 1547 659 1626 sit
686 1543 840 1626 directa
869 1542 967 1626 lacti
1001 1544 1194 1654 probatio
1220 1545 1372 1627 directe
1400 1571 1448 1624 ac
1475 1545 1652 1654 legitime
1693 1548 1928 1656 probationi

156 1676 162 1778 ξ
256 1686 295 1736 m
324 1655 600 1767 predictorum
627 1657 818 1765 probatio
846 1655 1078 1764 hujusmodi
1105 1659 1301 1766 pretextu
1334 1655 1461 1763 ipsius
1501 1659 1803 1740 consuetudinis
1842 1665 1942 1742 non'
2014 1727 2019 1734 .

11 1760 16 1876 ζ
139 1785 163 1892 „f
252 1769 307 1850 tit
338 1770 489 1848 Danum
517 1770 701 1877 Anagnis
730 1767 799 1847 lX.
829 1765 1037 1849 Kalendas
1054 1770 1256 1878 Augusti,
1285 1765 1546 1848 Pontificatus
1559 1771 1690 1852 nostri
1703 1772 1825 1852 Anno
1838 1771 1928 1852 XII.

720 2143 1306 2291 assa-annes.
1500 2303 1502 2310 p
1614 2141 1623 2160 ·
1729 2093 1994 2312 sapon

160 2242 305 2765 [sss.
326 2384 510 2450 Arsinna
531 2381 603 2446 ths
624 2379 738 2449 idrbud
760 2383 809 2443 idi·
830 2382 956 2445 Prester
972 2355 1022 2446 'att
1042 2381 1173 2467 prediis
1193 2380 1254 2444 och
1274 2383 1405 2444 liirrdtta
1426 2353 1649 2464 Begrulnirigar
1669 2381 1725 2445 der
1746 2383 1784 2445 de
1805 2341 1833 2469 ej
1853 2405 1932 2450 voro

147 2479 154 2564 ξ
264 2467 529 2551 meins-prester,
545 2465 769 2552 ‘upphal’vande
789 2453 898 2568 ullus
912 2487 950 2528 en
970 2465 1060 2528 rssv.
1083 2467 1278 2530 lnsommrm
1300 2463 1371 2528 ths
1392 2463 1513 2576 stadga‚
1534 2485 1602 2527 eom
1623 2464 1729 2528 unam
1748 2466 1866 2534 sidant.
1999 2547 2007 2562 ἢ

62 2633 69 2656 ᾗ
590 2595 594 2606 ’
1559 2577 1795 2652 Anda&

13 2695 23 2726 ⁸
56 2665 68 2794 ξ
147 2651 175 2796 ἷ;
225 2677 232 2776 l
297 2656 541 2766 Atnxnnosn
570 2685 784 2793 episcopus
812 2709 953 2763 seruus
969 2677 1179 2763 seruorum
1199 2678 1275 2762 dei.
1305 2681 1618 2764 Venerabilibus
1632 2680 1825 2765 fratribus
1852 2687 1931 2764 Ar·
1994 2684 2000 2690 ’

55 2790 67 2851 t
148 2774 175 2916 {lt
227 2797 405 2904 isiacopis
434 2783 475 2874 tr
501 2796 713 2904 episcopis.
747 2797 803 2876 Ac
828 2794 995 2874 Dilectis
1009 2793 1099 2873 filiis
1126 2791 1364 2874 ahhatihus.
1393 2792 1619 2886 Prioribus.¹
1642 2795 1828 2876 Decanis.
1854 2796 1932 2876 Ar·
2109 2781 2139 2808 ²

132 2945 159 2988 e
161 2953 243 2989 .....
246 2909 394 2989 aconis.
425 2904 786 3018 Archipresbiteris
800 2911 855 3005 j&
884 2904 971 3004 aliis
999 2903 1257 3020 ecclesiarum
1284 2903 1459 3013 prelatis.
1488 2909 1528 2985 ἃ
1562 2907 1705 2987 ceteris
1747 2908 1931 3016 personis
1967 2973 1971 2978 .

132 3016 408 3100 ecclesiasticis
434 3033 520 3099 tam
547 3012 805 3126 secularibus'
818 3019 939 3128 duam
955 3015 1223 3126 ‘regularibus
1249 3015 1529 3128 cuiuscunque
1544 3015 1713 3100 Ordinis
1737 3019 1804 3098 uel
1833 3041 1932 3126 pro·

133 3127 318 3213 fessionis
346 3132 521 3211 existant
549 3129 729 3211 salutem
749 3134 789 3208 St
826 3127 1088 3238 apostolicam
1121 3125 1456 3208 benedictionem.
1512 3129 1596 3210 Nec
1637 3129 1844 3212 insolitum
1869 3144 1932 3210 est
1988 3137 1999 3160 ⁸

132 3269 209 3323 nec
236 3269 390 3324 nouum
419 3257 465 3321 vt
499 3269 545 3320 ea
581 3269 662 3352 que
704 3269 778 3350 per
819 3240 1134 3349 occupacionem
1175 3237 1241 3319 uel
1282 3237 1559 3321 festinanciam
1600 3241 1719 3339 liunt,
1762 3268 1840 3350 pro
1881 3267 1932 3322 eo

135 3377 220 3462 quo
253 3377 435 3459 congrue
470 3350 791 3436 deliberacionis·
824 3352 958 3434 limam
990 3367 1256 3458 pretereunte
1299 3351 1342 3430 in
1383 3352 1660 3460 propensioris
1696 3350 1932 3436 considera·

133 3465 261 3572 aionis
291 3464 509 3546 reducatur
545 3489 736 3544 examen:
753 3481 801 3569 vt·
824 3465 997 3559 rectiora
1011 3466 1067 3550 ,&
1094 3460 1322 3559 elimaciora
1350 3490 1423 3572 per
1465 3463 1735 3544 attencionem
1777 3461 1934 3578 plenio-

39 3651 45 3661 .
132 3574 190 3654 ri's
232 3571 491 3657 discussionis
532 3573 729 3654 emanent.
753 3575 880 3654 ¹Sane
926 3570 1102 3683 quedam
1143 3571 1197 3652 ab
1241 3573 1462 3681 apostolica
1480 3573 1486 3584 '
1504 3570 1598 3655 sede
1637 3590 1824 3684 ‚tempore
1872 3571 1932 3655 ie·

11 3675 21 3698 ⁸
132 3683 222 3767 licis
245 3684 546 3768 recordacionis
574 3685 595 3762 J
599 3685 811 3794 onocencij
839 3711 943 3795 pape
976 3685 1113 3792 quarti
1149 3682 1462 3792 predescessoris
1504 3689 1632 3767 nostri
1676 3688 1808 3767 littere
1836 3713 1932 3795 pro·

133 3813 355 3879 cesserunt.
387 3796 432 3905 jn
461 3795 612 3907 quibus
639 3798 727 3925 ipse
767 3796 966 3881 uniuersis
1005 3794 1203 3904 religiosis
1245 3795 1522 3914 cuiuscunque
1564 3797 1822 3906 professionis
1864 3794 1931 3878 uel

134 3901 306 3990 Ordinis
335 3905 516 3991 districte
545 3907 588 3987 in
616 3924 769 3991 uirtute
797 3905 1032 3997 obediencie
1062 3907 1308 4015 iniungebat.
1341 3925 1385 3988 ut
1399 3907 1665 4016 parochianos
1680 3907 1831 3994 alienos
1846 3903 1931 3990 die·

131 4017 215 4124 hus.
246 4016 469 4102 dominicis.
503 4017 569 4128 uel
598 4016 753 4102 festinis
781 4047 864 4101 non
894 4019 1121 4126 reciperent
1149 4015 1200 4100 de
1229 4033 1364 4100 cetero
1392 4020 1437 4099 in
1464 4021 1547 4102 suis
1574 4021 1749 4130 ecclesiis
1775 4046 1845 4100 seu
1875 4016 1958 4128 0⁸.

134 4129 301 4218 ratoriis
328 4146 478 4213 temere
507 4127 558 4210 ad
589 4128 741 4212 diuina.
784 4157 859 4216 nec
887 4130 996 4239 ipsos
1029 4127 1323 4214 vitatenus-ad
1367 4131 1633 4238 penitenciam
1674 4129 1933 4213 admitterent

132 4241 224 4331 siue
252 4268 419 4325 suorum
448 4240 615 4350 licencia
643 4239 896 4324 sacerdotum
938 4268 1014 4322 nec
1055 4241 1112 4321 eis
1155 4237 1411 4350 predicarent
1439 4241 1483 4322 in
1511 4243 1592 4324 suis
1625 4241 1801 4324 ecclesiis
1841 4257 1934 4327 ante

131 4351 344 4456 illissarum
374 4349 625 4462 sollempnia.
655 4379 733 4462 pro
761 4352 911 4467 quibus
939 4347 1150 4434 audiendis
1177 4353 1448 4462 primaparte,
1467 4349 1547 4436 diei
1561 4352 1683 4436 iidem
1698 4353 1934 4464 parochiani
2072 4437 2076 4452 ,

135 4480 439 4562 consueuerunt
467 4468 507 4544 &
537 4461 689 4546 debent
717 4464 760 4544 in
788 4465 871 4558 suis
899 4461 1075 4546 ecclesiis
1103 4463 1333 4545 conuenire.
1374 4491 1449 4546 nee
1477 4492 1680 4547 sermones
1707 4465 1827 4547 etia'm
1854 4464 1934 4549 sol·

136 4571 319 4684 lempnes
347 4573 527 4657 iacerent
555 4573 624 4655 illa
652 4574 763 4656 hora.
821 4575 901 4658 Sed
929 4603 1005 4656 nec
1041 4575 1093 4690 ad
1129 4573 1421 4684 predicandum
1449 4574 1501 4658 ad
1528 4575 1742 4686 parochias
1783 4576 1935 4690 alienas

133 4684 377 4786 accederent
402 4687 480 4768 nisi
509 4683 639 4770 essent
669 4685 722 4768 ab
750 4715 890 4768 eornm
918 4683 1196 4768 sacerdotibus
1229 4687 1401 4768 inuitati.
1444 4687 1508 4768 vel
1543 4688 1679 4770 saltem
1710 4689 1786 4770 nisi
1813 4716 1854 4772 se
1881 4685 1942 4778 ad

131 4793 179 4890 id
207 4793 413 4879 humiliter
433 4814 628 4908 ¹peterent
648 4803 690 4880 dr
718 4799 954 4910 optinerent
983 4795 1152 4880 admitti
1178 4826 1255 4904 nec
1282 4823 1329 4878 ea
1368 4795 1433 4879 die
1462 4825 1543 4910 qus
1560 4797 1818 4895 'diocesanus
1850 4799 1936 4912 epi-

126 4977 542 5121 Wodstemd
563 5039 746 5106 nunnoni
764 5040 931 5134 al‘UBiskop
943 5039 1034 5104 Lus
1055 5041 1066 5102 i
1087 5037 1194 5104 stus
