4382 5964
1035 457 1283 542 -.6'aa
1382 419 1452 530 {-

48 774 51 811 ¹
198 659 201 666 ’
319 651 560 764 ¹flandriam
615 673 784 762 muter
832 678 1077 762 monasterio
1121 693 1167 763 et
1215 609 1409 793 horphli
1455 677 1510 762 Jn
1557 657 1709 790 neges
1730 677 1901 764 doceis.
1953 669 2092 814 legam

344 817 466 875 vnum
492 785 699 873 Marcham
725 790 896 900 argenti.
930 789 992 874 De
1020 788 1090 874 illa
1130 792 1254 874 eciam
1296 791 1486 904 pecema-
1509 789 1700 876 volumus
1726 789 1839 903 quod
1884 789 2092 883 Mmuutur

343 927 437 984 rusa
465 918 605 984 nostra
632 915 824 1010 argentea·
849 918 1054 1013 querunt
1095 903 1364 1016 impignorata
1404 904 1588 1016 parisius.
1629 903 1818 992 volumus
1839 905 1994 988 eciam..

258 1045 262 1054 ·
343 1013 538 1122 magistro
564 1013 710 1095 Boecio
735 1011 812 1130 quj
837 1029 900 1126 est
925 1009 987 1102 Ju-
1005 1016 1119 1103 curia
1147 1013 1199 1102 de
1214 1015 1379 1100 <eadem
1389 1017 1562 1128 pecuum
1589 1074 1601 1097 .
1712 1074 1724 1098 .
1752 1077 1762 1099 .
1790 1013 1995 1097 minantur

343 1141 432 1206 tum
460 1125 570 1210 libre'
591 1124 839 1236 parisienses.
881 1150 959 1238 pro
985 1121 1127 1212 debito
1152 1180 1365 1212 ......
1391 1122 1557 1210 vlruldis
1595 1151 1711 1238 quas.
1747 1129 1793 1210 G.
1819 1125 1878 1210 lla
1910 1130 2093 1238 recepimus

342 1236 395 1319 de
422 1237 595 1346 pecunia
621 1233 730 1319 dicte
758 1233 933 1324 dominc.
961 1237 1015 1324 Et
1040 1235 1094 1324 de
1120 1234 1284 1326 residuo
1302 1298 1313 1321 .
1328 1296 1340 1326 ,
1355 1237 1613 1350 ..sexaginta
1640 1237 1746 1322 libre
1758 1263 1990 1348 peristeram
2010 1241 2094 1349 apud

342 1343 966 1462 ...dequibus
992 1346 1209 1439 medentur
1247 1345 1483 1439 Thomtano
1509 1350 1711 1432 canonico
1738 1351 1961 1459 lincopensi
1984 1351 2094 1461 viginti

323 1458 443 1541 libre
485 1459 722 1567 parisienses
755 1517 769 1546 ,.
798 1517 849 1540 ..
884 1459 1094 1569 continget
1134 1457 1293 1542 dictum
1333 1459 1609 1552 'l'horstanum
1728 1521 1738 1546 .
1773 1462 1940 1571 triginta
1967 1519 1976 1540 .
2001 1520 2011 1545 .
2033 1519 2043 1540 .
2065 1522 2096 1546 ..

341 1569 478 1652 residu
503 1628 516 1656 ,.
623 1627 633 1649 .
663 1632 672 1651 .
701 1567 933 1678 succedentj
976 1571 1058 1658 sibi
1096 1569 1149 1652 ln
1188 1570 1331 1660 eadem
1402 1572 1582 1661 robanda
1610 1589 1854 1656 aeternetur.
1883 1573 1981 1654 Jtem
2011 1573 2096 1655 nolu·

340 1706 429 1762 mus
456 1683 670 1796 pecuniam
699 1707 778 1791 que
820 1677 1015 1770 mittenda
1045 1697 1106 1770 est
1130 1744 1144 1772 ,.
1173 1743 1184 1764 .
1210 1743 1222 1774 ,
1251 1744 1260 1764 .
1290 1683 1371 1774 1111
1427 1682 1543 1766 ndriu
1574 1743 1584 1766 .
1613 1747 1623 1769 .
1651 1745 1664 1774 ,.
1692 1746 1702 1767 .
1730 1747 1739 1768 .
1768 1685 1863 1766 iseri
1891 1742 2095 1768 .......

304 1784 310 1796 ”
338 1792 406 1872 uel
435 1793 566 1880 miuus
595 1792 793 1912 parisien„
821 1790 1018 1886 fratribus
1032 1795 1160 1878 sancti
1173 1795 1336 1882 victoris
1353 1798 1526 1916 parisius
1547 1819 1625 1911 pro
1648 1849 1652 1860 ·
1658 1797 1836 1914 pitancia
1865 1854 2024 1878 .....
2046 1819 2094 1878 uc
2144 1861 2145 1868 .

341 1903 561 1992 Residuum
580 1919 717 1992 autem
737 1903 780 2016 ,ei
807 1902 909 2016 quid
937 1901 1063 1996 fuerit
1088 1907 1199 1998 'inter
1227 1905 1280 1999 f,
1308 1967 1321 1999 ,.
1352 1964 1362 1987 .
1391 1953 1412 1994 .·
1430 1907 1561 1989 alares
1588 1968 1598 1990 .
1627 1969 1638 1990 .
1663 1964 1677 1993 ..
1706 1969 1718 1989 .
1745 1970 1758 1994 .
1788 1933 1870 1991 .es
1898 1906 2095 2020 parisinae

339 2013 554 2096 aurelianis
583 2008 804 2097 diu'idatur.
844 2015 948 2105 Jtem
977 2016 1180 2110 decem&
1209 2032 1315 2102 octo.
1343 2017 1399 2099 lb.
1426 2045 1501 2127 arg
1528 2081 1537 2102 .
1566 2079 1616 2110 ..
1644 2074 2094 2101 .............

338 2143 399 2207 est
426 2124 539 2238 quod
565 2123 619 2213 de
649 2187 659 2208 .
690 2185 699 2205 .
731 2184 741 2206 .
772 2125 781 2206 .
809 2126 919 2208 erint
945 2152 1021 2236 per
1052 2125 1105 2216 ha
1137 2125 1281 2237 ujunm
1324 2128 1579 2238 capellanum
1619 2147 1804 2213 nostrum
1840 2125 1955 2238 apud
1989 2127 2094 2210 liona-

338 2237 437 2319 chos
463 2233 750 2350 Sistersienses.
776 2237 831 2326 ,Jn
857 2236 1004 2319 dozam
1021 2239 1075 2330 ι111
1102 2157 1301 2334 dandria,
1318 2300 1327 2322 .
1342 2241 1521 2350 legamus
1549 2301 1559 2322 .
1586 2301 1597 2330 ,
1626 2301 1636 2322 .
1665 2301 1675 2323 .
1702 2256 1832 2326 ..vestes
1861 2255 1974 2328 nostr
1997 2297 2007 2322 .
2029 2299 2038 2320 .
2060 2299 2093 2319 ..

336 2352 425 2429 siue
452 2347 656 2456 deposicie
684 2343 796 2458 apud
823 2346 967 2430 iratres
994 2347 1268 2460 predicatores
1297 2351 1468 2440 Massilie
1496 2354 1585 2438 siue
1606 2377 1715 2462 'quae
1755 2350 1968 2440 nobiscum
1993 2347 2092 2432 uste

316 2469 427 2540 'mus
459 2487 531 2568 per
560 2517 729 2542 .....
758 2473 1019 2554 executorum
1062 2461 1312 2572 pauperibus
1354 2461 1510 2546 clericis
1544 2461 1771 2576 largiantur
1803 2461 1970 2580 Capella
1991 2477 2091 2544 auten

337 2587 476 2672 nostra
505 2599 598 2653 cum
627 2570 742 2654 libris
768 2568 922 2679 capelle
948 2585 992 2665 ,et
1015 2572 1284 2666 sermonibus.
1313 2590 1453 2656 nostro
1481 2575 1702 2662 successori
1715 2589 1956 2662 reseruetur.
1978 2571 2026 2654 ,111
2036 2597 2091 2680 qua

332 2679 490 2811 ¹capella
505 2699 601 2762 sunt
617 2745 626 2763 .
644 2740 653 2763 .
671 2742 681 2763 .
697 2679 840 2763 calices
855 2684 1036 2792 argentei
1050 2711 1100 2766 ex
1114 2683 1263 2806 quibus
1289 2743 1302 2774 ,.
1331 2747 1342 2769 .
1372 2745 1381 2766 .
1412 2743 1422 2768 .
1452 2687 1576 2795 eligat
1602 2700 1643 2768 et
1670 2685 1744 2766 reli
1804 2713 1875 2766 um
1912 2711 1984 2794 pro
2007 2681 2090 2763 altari

209 2867 238 2884 .,
337 2795 487 2876 vicarie
515 2819 638 2904 quam
661 2795 717 2876 ¹Jn
745 2809 888 2885 nostro
913 2819 1075 2886 recessu
1100 2793 1383 2905 mandaujmus
1397 2799 1483 2879 fieri
1512 2795 1746 2878 reseruabit
1795 2795 1895 2878 libia
1923 2856 1933 2876 .
1960 2855 1969 2874 .
1996 2855 2004 2875 .
2029 2853 2037 2873 .
2058 2849 2088 2871 ..

338 2967 347 2986 .
377 2959 426 2988 .-.
456 2965 466 2985 .
500 2913 531 2986 .’
537 2902 862 3026 predicatoribus
930 2969 939 2988 .
969 2965 979 2986 .
1010 2967 1019 2987 .
1044 2969 1057 3002 ,.
1084 2903 1234 2993 eisdem
1261 2907 1467 3000 reddatur.
1495 2911 1744 2998 Executores
1764 2908 1888 2989 huius
1915 2907 2030 2990 noemi
2052 2919 2089 2982 te

335 3018 522 3097 stamenti
548 3015 831 3122 ,constituimus
856 3015 1026 3110 clericos
1052 3018 1506 3110 nostros‘lreumundum
1529 3017 1580 3101 de
1602 3017 1734 3100 Visbu
1763 3073 2089 3100 ..........

335 3129 588 3236 prepositum
615 3144 659 3207 et
686 3123 939 3235 capellanum
961 3145 1154 3223 nostrum
1180 3127 1374 3223 beronem
1402 3146 1587 3212 curatum
1614 3129 1667 3213 de
1695 3129 1825 3237 hysbi.
1873 3131 1962 3211 Hoc
1995 3141 2089 3207 arcu

272 3317 276 3322 ,
333 3252 395 3318 est
422 3253 606 3321 nostrum
633 3237 820 3326 ¹altimum
844 3255 1131 3337 testamentum
1155 3245 1199 3332 ‚a
1226 3241 1519 3331 nosuaultima
1534 3242 1723 3326 uoluntas
1737 3239 1851 3352 quod
1880 3299 1891 3322 .
1920 3299 1931 3322 .
1957 3255 1996 3322 et
2005 3259 2089 3348 quan

336 3405 780 3432 ............
806 3350 1087 3444 ¹sinonuale.
1121 3355 1956 3444 ....,...........testamenti.
1989 3347 2090 3432 Scitin

248 3505 253 3514 ·
336 3458 526 3541 uolumus
553 3458 666 3572 quod
694 3461 831 3557 ,ualeat
855 3459 955 3560 Jure
979 3462 1265 3560 codicillorum
1290 3464 1359 3560 uel
1387 3491 1439 3576 ep
1469 3527 1478 3546 .
1510 3526 1520 3546 .
1554 3527 1563 3548 .
1590 3464 1668 3546 uel
1684 3463 1853 3546 alterius
1958 3525 1967 3546 .
1993 3521 2002 3542 .
2030 3515 2088 3582 ··:

335 3629 542 3652 ......
564 3571 721 3663 ‘ultime
767 3571 991 3672 ¹stoluntatis
1023 3573 1954 3684 11111111··’1.·······.··’8131111
1997 3583 2088 3650 num

335 3683 583 3790 appensione
624 3680 1080 3788 Ι1111111111111111ιαί01111
1121 3687 1430 3814 precedencium
1478 3687 1720 3770 firmitatem.
1777 3687 1929 3769 Actum
1960 3677 2089 3772 meite

323 3794 385 3873 'Jn
435 3793 612 3904 quadam
671 3815 830 3874 camera
885 3794 1113 3896 Jniirmarie
1137 3860 1152 3898 ,·
1176 3860 1190 3896 ,.
1215 3860 1229 3896 ,.
1257 3861 1268 3886 .
1296 3861 1306 3882 .
1330 3837 1346 3884 ·.
1375 3860 1385 3882 .
1414 3859 1424 3882 .
1453 3859 1462 3882 .
1487 3860 1501 3894 ,.
1531 3861 1540 3881 .
1569 3798 1683 3880 Beati
1707 3797 1749 3878 vi
1776 3859 1787 3880 .
1817 3855 1828 3879 .
1856 3855 1869 3890 ,.
1900 3791 2090 3886 isfuefflssl

333 3905 469 3986 clerici
493 3965 506 4001 ¹.
536 3963 545 3986 .
576 3963 585 3983 .
613 3962 622 3982 .
650 3931 674 3984 a
701 3903 812 3986 dicto
840 3900 1006 3986 domino
1036 3909 1232 4019 episcopo
1270 3907 1462 4002 ,dominus
1489 3928 1606 4026 pater
1647 3908 1830 4018 rogerius
1857 3903 2089 3999 Jnfirnaiu.

333 4013 459 4098 frater
486 4012 733 4109 Bertrandus
767 4015 943 4125 ymberti
985 4020 1207 4121 1110111111,ρ
1238 4081 1248 4104 .
1279 4078 1289 4103 .
1322 4083 1333 4106 .
1361 4083 1372 4104 .
1398 4082 1411 4116 ,.
1438 4081 1489 4121 ,.,
1516 4078 1680 4106 .....
1709 4083 1723 4114 .·
1752 4081 1761 4103 ·
1791 4079 1802 4101 ·
1829 4075 1842 4110 ,ι
1870 4009 2090 4115 heumussdll

261 4133 265 4140 ’
334 4185 623 4208 ........
649 4187 662 4222 Ν.
692 4185 701 4206 .
730 4187 740 4206 .
769 4188 808 4226 .J
809 4187 969 4224 .....
969 4127 996 4211 d
1001 4155 1053 4211 uo
1076 4129 1223 4232 frames
1250 4129 1522 4243 predicatores
1551 4130 1604 4214 de
1630 4130 1846 4246 mouceplo
1871 4125 2045 4242 finujdus
2065 4135 2091 4200 tl

334 4235 501 4320 Olauus.
534 4254 578 4328 et
593 4238 696 4318 Bero
709 4240 953 4350 capellanus.
983 4239 1034 4324 de
1062 4241 1184 4324 husbi
1210 4243 1456 4370 lincopeneis
1483 4242 1654 4346 diocesis
1678 4301 1692 4338 .
1723 4303 1734 4324 .
1763 4243 1777 4324 .’
1801 4305 1811 4326 .
1837 4303 1851 4336 ,.
1880 4301 1890 4325 .
1920 4227 2092 4356 ,111111111-

333 4375 460 4431 mus.
490 4409 500 4428 .
529 4367 567 4446 ι,
570 4407 895 4435 .........
924 4354 1159 4434 onicatuum
1194 4355 1403 4465 prouincia
1432 4359 1472 4438 &
1501 4351 1801 4466 iorchalqnerij.
1844 4351 1925 4446 hiis
1952 4341 2092 4448 interiit

225 4565 230 4572 .
333 4459 418 4566 Quj
458 4457 650 4553 mandato
693 4477 735 4544 et
773 4477 920 4573 rogatu
960 4465 1063 4564 ,dieti
1102 4463 1258 4563 domini
1287 4467 1468 4578 episcopi
1495 4525 1504 4548 .
1536 4525 1545 4546 .
1576 4527 1585 4550 .
1616 4526 1625 4550 .
1654 4466 1797 4575 scripsi
1824 4479 1865 4548 et
1894 4466 2007 4573 signo
2031 4475 2092 4538 uri

330 4571 498 4682 signaui.
553 4570 778 4674 ]G·-†⁰÷L.
960 4590 965 4598 ’
1309 4587 1312 4594 “
1641 4582 1645 4589 ’

574 4711 629 4778 Ee
648 4713 754 4799 stycis
775 4713 813 4779 ai
828 4711 996 4804 Bislopens
1013 4715 1116 4802 sigili,
1137 4720 1148 4783 i
1168 4718 1351 4803 mirigrr'int
1371 4735 1439 4802 vax,
1461 4719 1503 4807 pt
1527 4717 1585 4803 gri
1606 4713 1805 4802 silkessnodd,
1826 4715 1931 4782 finces.
