4370 5950
982 433 1378 531 ..ss-

287 659 444 742 oaeteris
489 681 593 737 snus
640 668 702 736 est
743 651 792 736 Τ.
835 655 1095 766 praesentium
1137 653 1263 754 lator,
1303 683 1426 768 quem
1467 671 1532 738 tot
1574 657 1757 768 pericula
1798 663 1973 761 itineris,
2015 681 2075 747 tot.
2173 695 2174 746 s

288 769 545 854 difficultates
559 763 613 848 ad
647 793 720 848 vos
754 765 1023 874 perueniendi
1057 795 1144 848 non
1171 785 1477 866 exterruerunt,
1505 797 1582 850 nec
1610 773 1888 872 retinuerunt,
1902 777 2070 885 compel-

287 883 397 966 lente
424 887 466 964 8(
492 879 713 987 instigante
742 879 875 975 illum,
901 893 1061 961 tantum
1091 877 1273 960 laborem
1302 883 1522 978 insumere,
1543 880 1667 980 ferna,
1681 912 1772 993 quae
1787 884 1839 966 de
1858 889 1976 969 vobis
1990 887 2070 972 vhi-

286 1021 367 1106 que
401 1007 604 1072 terrarum
639 988 895 1072 diffunditur.
957 992 1053 1071 Non
1085 989 1274 1102 equidem
1322 1021 1461 1074 rerum
1495 994 1652 1102 inopia,
1695 1023 1781 1077 non
1824 997 2000 1078 abiectio
2031 1006 2072 1081 8(
2162 995 2167 1004 ’

284 1105 419 1186 vilitas
460 1104 569 1184 inter
609 1129 721 1199 suos,
756 1103 936 1182 euomuit
970 1102 1084 1182 illum
1119 1103 1342 1184 interram
1370 1122 1564 1202 vestram,
1593 1134 1684 1185 cum
1713 1113 1753 1186 8(
1781 1109 2013 1189 Canonicus
2039 1111 2072 1190 S.

286 1215 493 1298 ‘Timothei
526 1215 596 1309 sit,
631 1219 671 1295 8(
705 1212 833 1294 frater
868 1211 1072 1309 Hildoini,
1099 1212 1356 1297 Vicedomini
1383 1223 1422 1296 8(
1450 1217 1648 1298 canonici
1676 1217 1715 1298 S.
1745 1219 1881 1300 Mariae
1910 1221 2104 1300 Remen-

267 1329 351 1410 sis.
416 1327 620 1436 Rogamus
655 1327 800 1434 igitur,
833 1353 886 1406 ne
921 1325 1116 1407 frustetur
1150 1353 1222 1434 spe
1249 1354 1339 1406 sua:
1368 1356 1421 1408 ne
1442 1326 1611 1437 quando
1625 1327 1791 1436 apudse
1805 1333 2075 1440 poenitens,&
2165 1343 2174 1416 i

286 1437 431 1522 dolore
458 1437 593 1519 cordis
622 1438 863 1536 intrinsecus
891 1452 1023 1518 tactus
1051 1434 1178 1534 dicat,
1207 1438 1335 1547 Perijt
1362 1467 1487 1548 opera
1502 1446 1541 1520 8(
1556 1441 1749 1547 impensa.
1804 1444 1892 1552 Ego
1906 1471 1998 1522 cum
2019 1458 2076 1522 to·
2173 1501 2174 1520 .

286 1565 333 1630 to
374 1565 581 1632 conuentu
622 1549 664 1627 B.
701 1547 875 1657 Remigij
910 1563 1043 1629 vester
1071 1575 1178 1648 sum,
1213 1556 1253 1630 8(
1285 1578 1364 1658 pro
1398 1550 1516 1632 vobis
1544 1551 1770 1631 orationem
1798 1551 2003 1634 fundimus
2031 1549 2075 1632 ad
2173 1651 2174 1654 p

285 1663 436 1758 Deum,
463 1677 509 1741 vt
536 1661 784 1740 sanctissima
813 1662 947 1742 anima
974 1675 1110 1742 vestra
1138 1659 1367 1758 thesauros,
1391 1689 1494 1772 quos
1516 1663 1559 1740 in
1572 1659 1678 1742 eoelo
1693 1665 1829 1769 posuit
1850 1691 1924 1772 per
1939 1691 2076 1743 manus

285 1799 513 1882 pauperum
547 1773 591 1851 in
617 1772 739 1854 „exitu
774 1799 858 1852 suo·
875 1773 1072 1880 reperiat,
1115 1777 1159 1851 8(
1183 1770 1302 1852 bonis
1344 1772 1488 1854 domus
1523 1773 1600 1853 Dei
1629 1771 1787 1880 repleta
1814 1803 1906 1857 cum
1934 1775 2077 1855 sanetis
2172 1779 2174 1832 l

246 1887 255 1902 '
286 1883 451 1994 Angelis
479 1897 631 1966 aeterna
650 1882 797 1966 laetitia
825 1882 1092 1992 congaudeat.
1149 1882 1304 1966 Valete.

295 2269 386 2400 43.
913 2287 930 2374 .’
991 2272 1428 2418 ulia—1178.

351 2475 483 2563 'Athos
512 2493 629 2557 Peme
650 2494 661 2557 i
683 2459 774 2559 Remi
794 2491 966 2557 Skrifvelse
986 2495 1058 2559 med
1079 2500 1189 2566 Fossa
1214 2500 1239 2575 ι)
1261 2495 1312 2558 till
1333 2493 1426 2556 Pto.
1447 2489 1630 2557 Asinum
1651 2493 1695 2556 lll
1716 2491 1787 2556 med
1808 2491 1917 2558 iiirord
1939 2491 1989 2555 llir
2003 2491 2081 2554 deu·

423 2579 529 2726 {pepp
547 2577 852 2726 gippippeffljluepge,
872 2575 1002 2641 hrilk'en
1022 2579 1131 2646 bliivit
1152 2581 1266 2728 Bislop
1286 2578 1346 2642 oclr
1366 2575 1482 2640 eruede
1502 2576 1601 2642 bland
1622 2572 1834 2659 hedningerne
1854 2579 1865 2640 i
1887 2575 2010 2640 Norden
2027 2587 2082 2637 ut·
2173 2573 2174 2586 ¹

1627 2775 1664 2833 Ι.
1682 2775 1710 2830 h.
1727 2791 1752 2830 a.
1769 2775 1829 2846 504.
1846 2775 1952 2841 11:087.

456 2909 693 2996 Alexandro
721 2913 850 3024 Papcc
876 2914 1027 2994 Petrus
1054 2914 1190 2995 Abbos
1217 2915 1259 3000 S.
1285 2913 1476 3021 Remigij.

459 3057 559 3158 Qvae
593 3055 637 3138 in
672 3053 926 3138 euidenti&
959 3056 1173 3140 manifesto
1212 3075 1308 3139 sunt
1341 3084 1457 3156 vera,
1494 3084 1536 3136 se
1565 3057 1653 3166 ipsa
1682 3050 1928 3165 loquuntur,
1956 3051 2083 3160 seipsa

292 3163 408 3248 nullo
444 3165 638 3248 adiuncto
674 3165 922 3248 adminiculo
957 3184 1171 3250 testantur.
1238 3172 1339 3274 Quae
1374 3186 1510 3252 autem
1565 3168 1789 3250 remotione
1818 3165 1916 3260 loci,
1941 3162 2083 3248 ¹euolu-

292 3279 405 3358 tione
433 3279 646 3386 temporis,
674 3276 739 3358 vel
768 3278 984 3362 cuiuslibet
1013 3280 1287 3388 implicatione
1317 3279 1501 3390 caliginis
1530 3277 1783 3388 profundum
1809 3277 1952 3358 tenent
1972 3276 2084 3382 igno·

293 3391 456 3484 rantiae,
497 3416 590 3470 cum
618 3389 678 3467 rei
707 3389 882 3496 publicae
916 3393 1148 3497 poposcerit
1184 3391 1355 3488 utilitas,
1383 3392 1461 3474 sub
1491 3390 1580 3470 luce
1608 3389 1754 3470 volunt
1782 3385 1924 3468 videri.
1982 3385 2083 3465 Hine

294 3517 374 3596 est,
402 3515 520 3608 pater
548 3499 813 3597 sanctissime,
842 3499 957 3610 quod
986 3501 1091 3581 lator
1121 3503 1391 3610 praesentium,
1421 3503 1464 3581 in
1494 3503 1649 3612 gremio
1678 3516 1827 3580 nostrae
1848 3495 2085 3578 humilitatis

294 3610 541 3705 coalescens,
577 3609 760 3691 habitum
788 3611 995 3722 religionis
1023 3642 1047 3693 a
1075 3614 1195 3694 nobis
1224 3615 1267 3693 in
1296 3615 1541 3693 monasterio
1570 3611 1746 3705 Cellensi
1774 3610 1969 3716 suscepit,
1997 3605 2085 3690 diu·

294 3750 376 3832 que
404 3720 462 3800 ibi
490 3719 617 3802 vbera
644 3723 730 3801 vini
758 3723 925 3804 meliora
952 3753 1119 3833 sugens,
1148 3727 1191 3805 in
1219 3725 1351 3804 virum
1379 3723 1661 3832 Episcopalem
1690 3722 1822 3831 gratia
1848 3721 1927 3805 Dei
1942 3744 2087 3825 coope-

291 3849 410 3914 rante
438 3829 622 3942 profecit.
679 3831 838 3912 Reuera
866 3861 968 3942 opus
996 3842 1036 3913 8(
1063 3863 1166 3915 onus
1195 3835 1368 3916 iniuncti
1396 3833 1518 3940 oflicij
1547 3833 1812 3943 amplectens,
1834 3858 1928 3936 non
1944 3855 2089 3914 aurum
2155 3863 2171 3882 x

293 3942 423 4025 robur
445 3970 573 4025 suum
608 3970 786 4051 ponens,
824 3971 900 4024 nee
929 3943 1070 4024 obrizo
1100 3944 1258 4040 dicens,
1286 3943 1434 4025 fiducia
1462 3971 1562 4026 mea.
1618 3945 1776 4047 Quaerit
1803 3943 1912 4022 enim
1940 3968 1964 4020 a
1992 3935 2086 4020 sede

294 4055 529 4164 Apostolica
564 4073 735 4134 mortem
764 4082 838 4163 per
867 4071 1056 4152 mortem,
1084 4057 1181 4164 quia
1209 4063 1248 4137 8(
1277 4055 1321 4134 in
1349 4055 1494 4136 itinere
1523 4083 1607 4164 quo
1628 4056 1788 4162 pergit,
1816 4068 1989 4132 mortem
2015 4049 2088 4128 mi-

295 4183 418 4246 natur
446 4180 578 4262 aestas,
607 4171 646 4247 8(
674 4165 897 4276 Imperialis
925 4182 1122 4280 potestas,
1150 4174 1189 4248 8(
1217 4193 1339 4278 quam
1368 4166 1569 4276 exposcit,
1598 4167 1632 4245 si
1661 4165 1905 4261 obtinuerit,
1919 4177 2089 4242 mortem

273 4305 277 4312 ·
1431 4298 1434 4306 '
1615 4297 1617 4302 ·
1696 4281 1891 4385 importat

383 4523 410 4596 ι)
441 4521 548 4583 Denne
578 4519 677 4584 Folle
707 4517 792 4582 hade
817 4517 930 4580 blifrit
955 4517 1053 4581 Mami
1073 4518 1084 4578 i
1106 4518 1206 4582 (lellcs
1226 4519 1286 4582 och
1306 4521 1402 4584 sedan
1422 4521 1434 4582 i
1456 4521 1564 4598 Remi,
1585 4519 1635 4584 dit
1654 4519 1719 4582 han
1739 4539 1829 4604 synes
1855 4515 1962 4600 attolit
1984 4513 2094 4581 Abbot

378 4603 498 4679 Prrm
519 4603 700 4685 blefsedan
721 4603 758 4664 uf
774 4601 879 4665 Lunds
900 4599 1114 4686 lule-Biskop
1135 4601 1232 4668 Essm
1254 4604 1422 4668 liirordned
1443 4605 1494 4668 till
1515 4605 1629 4688 Bislop
1650 4607 1661 4666 i
1682 4604 1815 4686 Sverige
1836 4603 1914 4666 eller
1934 4595 2091 4668 Estland,

378 4705 444 4748 som
464 4684 506 4746 da
526 4686 674 4770 miriades
695 4688 745 4750 till
767 4685 905 4768 Sverige.
926 4685 984 4748 lsr.
1007 4683 1036 4746 J.
1057 4684 1212 4750 sirmondi
1233 4689 1330 4752 Noter
1349 4689 1399 4752 till
1419 4687 1508 4750 desse
1529 4689 1609 4752 Bref
1624 4690 1636 4750 i
1657 4687 1698 4750 K.
1720 4686 1762 4764 h.¹
1774 4701 1804 4748 a:
1825 4683 1897 4766 613,
1919 4683 2001 4749 11115
2016 4679 2096 4744 Bou

378 4769 549 4948 uhggppp
567 4765 1098 4938 grppgaptlapmppggsnggfflme
1124 4851 1222 4915 Folle
1246 4873 1357 4936 genom
1376 4863 1422 4917 ett
1443 4853 1575 4938 synhart
1594 4851 1732 4937 tryeisel
1753 4849 1811 4914 hos
1836 4849 1968 4914 Vastov.
1990 4851 2002 4912 i
2021 4847 2098 4912 Vit-

378 4934 487 5015 Aqurl.
517 4955 541 4996 s.
567 4931 624 4996 163
654 4937 763 5003 blitvit
790 4937 917 5002 iPttv.
942 4936 1129 5016 Mutunus
1148 4939 1224 4998 lllts
1245 4939 1338 5001 Bulla
1359 4939 1411 5001 till
1433 4940 1495 5000 ella
1517 4937 1737 5016 Christtrogna
1758 4938 1770 5000 i
1792 4934 1962 5020 Daumrk
1981 4929 2098 5002 tallnd

379 5017 488 5098 Iulio,
508 5015 549 5082 di
571 5018 666 5088 likrtl
689 5019 730 5086 li
748 5019 784 5086 h.
809 5034 846 5083 rr
866 5015 925 5086 621
942 5035 1001 5090 uto
1019 5037 1062 5084 ,ao
1083 5022 1095 5084 i
1114 5040 1241 5114 saunrna¹
1253 5023 1348 5091 Bulla
1369 5021 1430 5088 har
1450 5020 1592 5109 tydligen
1614 5019 1720 5085 Falco.
