4368 5950
979 415 1047 462 ,·-
1161 374 1271 455 188‘
1344 419 1403 440 -

325 605 450 734 164.
654 699 658 706 .
777 685 781 694 ,
954 604 1416 710 Πιό--Ιυα

396 823 564 910 Bytesbref
580 822 694 886 mellan
714 823 838 908 llydala
859 823 978 885 kloster
997 834 1077 885 samt
1101 824 1215 908 Hegge‚
1238 825 1373 886 Gudlast
1392 826 1452 886 och
1475 827 1630 910 Thorgt'it,
1653 827 1856 908 Bnmssb‘ner„
1868 831 1970 894 brilla
1982 835 2072 900 erbdl.

446 909 478 971 lo
502 907 680 970 bemmanet
701 905 825 988 Hisinge
846 927 887 966 m.
908 927 951 967 m·
971 917 1036 968 mot
1057 907 1149 969 deras
1168 907 1363 991 fademejord
1386 910 1396 968 i
1417 912 1484 970 llas.
1839 955 1842 962 .

1631 989 1675 1011 ’λ
1726 1029 1961 1084 Λ.3.ι.ιει3.

481 1153 740 1240 Notilicamus
768 1158 953 1239 omnibus
982 1159 1125 1238 uicinis
1155 1161 1302 1240 nostris
1329 1159 1400 1269 qui
1429 1158 1615 1239 habitant
1643 1161 1685 1240 in
1714 1161 1835 1252 astho
1872 1165 1970 1244 lilios
1995 1165 2074 1246 bru·

313 1271 430 1354 nonis
457 1270 500 1348 in
527 1271 622 1349 nesi.
652 1268 783 1378 heggi.
814 1265 1020 1377 gutfaster.
1075 1269 1316 1375 Thorgotus.
1342 1269 1558 1351 nobiscum
1586 1269 1630 1352 id
1658 1289 1717 1352 est
1758 1300 1849 1352 cum
1891 1276 2075 1357 monachis

207 1427 213 1438 =
312 1379 536 1462 noueuallis
564 1380 730 1458 firmiter
758 1377 896 1460 fecisse
925 1381 1168 1487 emptionem
1197 1398 1314 1462 terre.
1342 1408 1418 1462 nos
1446 1383 1682 1489 suscipimus
1709 1383 1993 1490 patrimonium
2003 1384 2075 1465 illo·

314 1519 405 1570 rum
436 1491 480 1569 in
507 1491 604 1568 nesi.
639 1491 716 1597 ipsi
744 1505 981 1598 receperunt
1009 1492 1052 1569 in
1081 1490 1244 1597 hisingir
1272 1497 1312 1572 &
1339 1519 1539 1574 accessum
1576 1490 1638 1572 ad
1664 1491 1803 1571 siluam
1839 1495 1938 1574 citra
1978 1496 2076 1602 palu·

314 1601 406 1684 dem
433 1627 582 1708 pascua
611 1629 787 1710 gregum.
818 1597 1140 1708 carpentationes
1169 1601 1392 1683 domorum.
1424 1603 1655 1682 incisionem
1677 1604 1889 1710 lignorum.
1913 1613 1950 1687 ὃς
1964 1607 2077 1685 omnia

56 1711 67 1722 “
200 1803 201 1814 Ν
315 1713 534 1794 necessaria
564 1710 757 1791 siluarum
785 1711 843 1790 ibi
871 1711 948 1791 illis
976 1710 1188 1792 debentur.
1218 1714 1303 1794 sine
1329 1713 1554 1820 calumpnia
1582 1720 1621 1794 8r
1649 1711 1888 1801 offensione.
1925 1717 1975 1794 Hi
2001 1733 2077 1796 sunt
2158 1777 2159 1794 a

315 1838 435 1904 testes
464 1823 535 1931 qui
563 1840 765 1929 presentes
794 1839 920 1901 erant.
950 1821 1126 1903 Karolus
1141 1823 1362 1932 episcopus.
1392 1823 1621 1931 Willelmus
1650 1823 1786 1904 abbas.
1816 1825 1964 1932 Theluj
1992 1827 2078 1907 lilius
2157 1799 2159 1884 l

315 1934 528 2042 gunnonis.
556 1929 733 2014 Bolester
761 1933 931 2014 uillicus.
960 1938 999 2013 Sc
1027 1960 1162 2012 omnes
1192 1936 1453 2041 parrochiani.
1475 1933 1526 2014 de
1553 1934 1665 2027 frdal.

387 2145 392 2148 ,
437 2077 580 2141 Brelvets
600 2073 796 2138 diverslrlllt
817 2085 931 2136 carta
952 2075 1244 2156 testimonialia.
1267 2082 1302 2135 tr
1322 2075 1362 2158 pd
1385 2073 1615 2138 boksttfvemas
1634 2074 1748 2138 halfva
1761 2074 1836 2159 bdjd
1849 2063 2079 2162 alllipptldralt

310 2167 399 2249 tjena
427 2161 478 2224 till
499 2160 587 2260 beris
608 2179 661 2220 om
680 2157 735 2221 det
754 2167 831 2218 utari
850 2156 964 2221 trifvel
985 2158 1025 2242 pa
1045 2176 1163 2220 samma
1183 2167 1366 2243 pergament
1385 2157 1503 2220 skrifna
1521 2177 1591 2222 men
1612 2157 1785 2222 srdnakildn
1805 2157 1905 2222 andra
1937 2155 2078 2244 exempla·

316 2257 380 2310 ms
400 2241 681 2388 hvggrprtffiim
703 2321 841 2406 hysinge.
1750 2360 1751 2363 =

825 2437 948 2517 sigillet
969 2437 1009 2520 pl
1031 2447 1342 2522 pergamentum,
1363 2438 1446 2504 Tab.
1468 2439 1496 2499 3.
1518 2454 1568 2500 nto
1589 2435 1618 2499 5.
1644 2529 1647 2536 Α

329 2807 453 2912 165.
554 2838 557 2848 “
1008 2765 1423 2910 1216-41220.
1641 2741 1645 2749 Ι

399 3027 491 3088 Rislo
540 3027 624 3088 Cara
650 3025 853 3110 iLinliiping
873 3026 924 3088 till
946 3028 1141 3107 Lsgmannen
1161 3023 1219 3086 och
1242 3025 1448 3087 innevtname
1468 3027 1479 3086 i
1500 3021 1592 3088 (lstbo
1613 3025 1747 3092 rb'rande
1767 3049 1805 3090 en
1825 2979 1953 3113 Nydala
1986 3025 2084 3088 kloster
2158 3083 2159 3112 p

451 3110 500 3171 till
524 3111 592 3191 ὅτίς
612 3107 862 3190 qvamltgenbet.

1822 3223 1969 3303 aas

453 3383 458 3389 ·
483 3355 534 3436 Κ.
565 3356 630 3437 dci
658 3358 791 3465 gracia
821 3355 1081 3463 Lincopensis
1109 3354 1272 3437 ecclesie
1302 3355 1526 3464 Episcopus
1554 3373 1595 3437 et
1630 3355 1782 3437 domini
1811 3359 1843 3435 J.
1874 3361 1981 3469 regis
2009 3382 2086 3439 can·

318 3465 499 3550 cellarius
527 3471 604 3572 mei
633 3466 800 3572 legifero
829 3469 1051 3576 ceterisque
1080 3466 1181 3558 asto
1212 3467 1534 3549 inhabitantibus
1569 3469 1745 3548 Salutem
1779 3485 1819 3548 et
1847 3468 2086 3551 benedictio·

317 3573 407 3662 nem
439 3583 497 3658 Dc
524 3579 810 3659 beneuolencia
838 3575 973 3660 nostra
1003 3603 1258 3687 nequaquam
1286 3577 1441 3658 faciatis
1470 3604 1541 3680 ros
1569 3576 1756 3658 dubitare
1770 3579 1840 3659 sed
1855 3581 2087 3690 vbicumque

310 3691 499 3773 'locorum
527 3717 647 3799 super
675 3691 851 3797 negociis
880 3690 1020 3768 vestris
1050 3706 1089 3767 et
1116 3688 1355 3770 utilitatibus
1382 3690 1500 3769 nobis
1527 3686 1801 3796 judicaueritis
1829 3693 1977 3772 scitote
1991 3697 2088 3771 nosa

319 3801 440 3883 modo
468 3803 571 3879 sicut
600 3818 762 3880 actenus
790 3798 1115 3879 beneuoleneiam
1148 3827 1243 3904 erga
1273 3828 1344 3877 vos
1372 3799 1599 3879 obseruare.
1625 3799 1884 3910 ‘Conquestus
1907 3821 1971 3883 est
1985 3801 2088 3883 nobis

317 3913 441 3994 frater
471 3914 552 3991 Wi.
582 3905 747 3991 dilectus
788 3910 910 3990 abbas
953 3907 1175 3988 noueuallis
1218 3908 1330 4017 quod
1372 3908 1535 4017 quidam
1564 3911 1728 3990 suntin
1766 3927 1903 3994 vestro
1932 3937 2087 3994 numero

317 4029 389 4136 qui
417 4015 613 4104 diabolice
642 4021 919 4129 inspiracionis
948 4021 1140 4098 instinctu
1156 4021 1303 4098 comoti
1319 4039 1557 4126 presumunt
1577 4047 1645 4101 eos
1666 4021 1890 4129 inquietare
1923 4042 1965 4103 et
1994 4021 2088 4106 solli·

317 4138 441 4218 citare
470 4161 590 4242 super
617 4117 792 4242 q'uodam
823 4129 1053 4210 molendino
1082 4128 1351 4236 calumpniam
1379 4131 1629 4238 imponentes
1657 4131 1716 4239 jta
1741 4132 1856 4241 'quod
1870 4134 2089 4242 predictum

316 4243 589 4327 molendinum
618 4243 669 4324 ad
698 4245 760 4322 sui
789 4243 1005 4321 utilitatem
1035 4237 1220 4320 edificare
1249 4267 1331 4318 non
1359 4259 1528 4349 possunt
1555 4241 1667 4350 quod
1695 4257 1829 4322 tamen
1857 4263 2089 4326 constateoa

315 4357 404 4546 pire
431 4357 620 4464 empticid
648 4369 687 4434 et
717 4354 895 4459 legaliter
923 4369 963 4430 et
990 4351 1128 4458 precio
1157 4344 1341 4457 plenario
1369 4349 1584 4462 acquisisse
1607 4353 1689 4433 Nos
1723 4381 1819 4433 vero
1847 4383 1945 4436 cum
1973 4352 2090 4439 omni·

346 4494 392 4545 us
420 4467 593 4547 ecclesiis
621 4492 670 4543 ex
699 4465 882 4561 iniuncto
924 4462 1040 4541 nobis
1069 4459 1212 4542 officio
1245 4491 1382 4544 sumus
1420 4463 1623 4545 debitores
1651 4463 1729 4542 illis
1757 4478 1891 4546 tamen
1929 4487 2090 4576 quarum

316 4573 549 4658 fundatores
575 4591 615 4670 et
643 4573 871 4655 defensores
899 4599 1035 4652 sumus
1063 4575 1318 4681 propensiori
1346 4573 1480 4656 studio
1508 4591 1693 4654 tenemur
1719 4574 1940 4683 prouidere
1971 4575 2091 4658 samti-

315 4713 403 4768 mus
422 4687 566 4796 ‘itaque
595 4703 639 4767 vt
667 4687 700 4765 si
728 4715 809 4795 qua
839 4681 1100 4766 ecclesiastica
1128 4685 1371 4766 secularisue
1399 4713 1572 4795 persona
1587 4713 1655 4768 eos
1677 4683 1729 4766 de
1749 4703 1882 4770 cetero
1897 4687 1952 4768 de
1968 4683 2090 4797 predi·

314 4813 383 4881 cto
395 4795 625 4876 molendino
637 4797 895 4906 presumserit
910 4796 1135 4905 inquietare
1150 4814 1220 4878 aut
1234 4798 1500 4907 calumpniari
1520 4793 1697 4878 secundo
1719 4811 1759 4878 et
1780 4799 1906 4881 tercio
1923 4820 2090 4880 courmo-

313 4909 489 4992 nitauisi
503 4904 698 4991 destiterit
711 4938 761 4992 ex
775 4909 1012 4991 auctoritate
1026 4909 1221 5018 principis
1235 4910 1511 5020 apostolorum
1524 4909 1630 5020 petri
1645 4923 1687 4990 et
1714 4909 1827 5021 pauli
1852 4935 1931 4996 nec
1960 4919 2091 4998 nonet
