4370 5950
819 419 876 454 ,-
992 351 1114 482 137”
1179 421 1236 454 -2
1320 377 1329 387 “

119 624 222 715 quas
249 596 430 709 populus
459 621 510 677 er
538 592 754 677 devotione
782 621 860 705 pro
887 595 1183 678 sustentatione
1210 621 1436 706 pauperum
1470 595 1641 710 praefato
1657 595 1747 682 loco
1762 603 1922 692 mittere

119 712 344 795 consuevit.
405 709 513 814 Quia
540 734 639 787 vero
667 733 753 788 non
781 705 990 788 sufficiunt
1017 734 1092 816 per
1119 733 1161 788 se
1188 706 1277 786 loca
1299 711 1435 790 omnia
1463 711 1696 808 circumire,
1724 709 1802 794 sibi
1830 715 1923 798 Cle·

119 828 245 919 ricos,
274 814 522 916 sacerdotes,
551 817 692 916 laicos,
721 817 843 898 etiam
865 816 1008 915 rudes,
1037 845 1123 904 non
1150 817 1378 928 religiosos,
1407 820 1478 904 sed
1515 822 1559 902 in
1586 823 1780 933 nequitiis
1807 852 1924 908 exer·

118 939 269 1019 citatos
299 947 528 1027 assumunt,
557 956 699 1010 eorum
727 929 963 1039 pectoribus
991 932 1123 1010 crucis
1150 929 1423 1012 characterem
1442 932 1706 1041 imponentes.
1737 937 1923 1048 Cumque

121 1047 228 1160 gulae
257 1050 298 1124 δι
325 1043 516 1125 ebrietati
543 1039 791 1139 deserviant,
819 1069 862 1122 se
889 1040 1006 1123 valde
1039 1041 1276 1122 inhonestos
1291 1044 1334 1124 in
1348 1041 1436 1124 aliis
1451 1043 1729 1144 ostendentes,
1758 1047 1923 1131 Clarum

122 1168 162 1242 &
192 1153 394 1269 populum
421 1152 605 1265 graviter
631 1151 922 1252 scandalizant,
957 1181 1051 1233 cum
1080 1153 1157 1262 ipsi
1185 1152 1277 1233 laici
1317 1155 1573 1264 prioratuum
1607 1153 1832 1265 fungantur
1860 1159 1927 1260 clf

122 1271 244 1366 ficiis,
273 1274 313 1348 dr
340 1283 424 1347 tam
452 1264 619 1345 Clericis
646 1291 769 1378 quam
796 1262 1075 1350 sacerdotibus
1103 1259 1415 1374 praeponantur3
1445 1272 1486 1346 &
1513 1294 1598 1348 non
1612 1267 1743 1347 solum
1758 1271 1926 1379 Episco-

124 1385 189 1496 pis
218 1377 498 1462 inobedientes
526 1377 723 1476 existunt,
751 1403 894 1458 verum
922 1377 1042 1457 etiam
1070 1375 1267 1488 quasdam
1302 1379 1592 1477 immunitateS,
1633 1395 1830 1490 tanquam
1871 1383 1925 1464 ab

124 1493 349 1604 apostolica
378 1489 471 1571 sede
499 1488 578 1568 sibi
606 1487 804 1585 indultas,
833 1504 1084 1599 praesumunt
1106 1490 1184 1572 sibi
1212 1504 1363 1570 temere
1383 1489 1611 1572 vendicare.
1641 1491 1745 1572 Cum
1759 1493 1867 1592 enim
1882 1494 1927 1575 in

124 1605 306 1718 quadam
348 1599 524 1682 Ecclesia
567 1599 797 1708 baptismali
832 1601 889 1680 eis
917 1628 941 1680 a
969 1617 1043 1680 tuo
1072 1600 1366 1710 praedecessore
1410 1603 1554 1682 collata
1581 1601 1749 1713 quidam
1791 1632 1927 1714 nuper

122 1717 360 1830 percutiens
388 1711 584 1792 vicarium
611 1710 880 1809 sacerdotem,
910 1712 1038 1824 ipsam
1053 1713 1272 1802 Ecclesiam
1287 1714 1494 1823 sanguinis
1508 1711 1706 1795 effusione
1722 1712 1934 1810 foedasset,
2008 1785 2012 1790 .

124 1856 258 1938 usque
302 1825 354 1906 ad
396 1823 765 1906 reconciliationem
793 1822 931 1905 divina
958 1820 1110 1904 ibidem
1139 1823 1383 1904 interdixisti
1413 1824 1544 1904 officia
1580 1825 1788 1908 celebrari.
1845 1825 1928 1910 Sed

124 1939 392 2020 nihilominus
421 1934 498 2044 ipsi
541 1931 679 2014 divina
708 1935 750 2015 in
779 1962 827 2015 ea
869 1933 1003 2014 officia
1045 1933 1313 2018 celebrarunt.
1356 1935 1596 2019 Sacerdotes
1639 1937 1807 2047 insuper
1848 1965 1947 2019 un·2

125 2050 345 2160 decunque
378 2048 584 2126 venientes
612 2042 664 2125 ad
692 2073 779 2142 eos,
808 2044 859 2127 de
887 2073 1064 2160 quorum
1103 2047 1223 2127 etiam
1261 2061 1568 2129 conversatione
1598 2053 1637 2129 St
1666 2047 1927 2131 ordinatione

123 2163 243 2243 nulla
271 2156 473 2241 certitudo
502 2153 669 2265 prorsus
697 2155 884 2254 habetur,
914 2154 966 2237 ad
995 2155 1179 2237 divinum
1207 2153 1387 2239 officium
1414 2158 1492 2238 sibi
1515 2158 1804 2242 celebrandum
1825 2161 1929 2242 reci·

124 2277 263 2386 piunt,
294 2272 589 2379 Episcoporum
618 2295 780 2350 assensu
808 2269 972 2349 minime
1000 2263 1207 2378 requisito.
1222 2266 1323 2349 alios
1351 2270 1471 2349 etiam
1499 2269 1763 2378 Presbyteros
1786 2271 1838 2353 ab
1867 2269 1929 2378 of-¹

125 2387 222 2466 licio
252 2407 468 2490 suspensos
499 2407 573 2489 per
602 2381 826 2488 Episcopos
852 2406 947 2458 suos
975 2406 1053 2488 pro
1073 2407 1241 2459 suorum
1267 2382 1468 2488 exigentia
1491 2383 1749 2480 meritorum,
1792 2380 1930 2480 iidem,

122 2525 225 2578 cum
252 2495 334 2574 sint
363 2491 472 2586 laici,
501 2490 551 2572 ad
580 2489 714 2570 officia
742 2489 965 2570 restituunt
994 2490 1243 2601 exequenda.
1274 2490 1453 2596 Quidam
1480 2507 1676 2600 praeterea
1703 2523 1796 2575 cum
1824 2522 1929 2576 uxo-

48 2621 52 2630 '
122 2609 247 2690 ribus
274 2605 356 2684 suis
385 2604 429 2683 in
453 2601 642 2684 domibus
677 2601 855 2712 propriis
882 2618 1205 2704 commorantur,
1235 2629 1359 2713 quos,
1387 2630 1436 2683 eo
1464 2603 1578 2713 quod
1594 2605 1651 2684 eis
1679 2603 1731 2686 de
1758 2605 1841 2687 suis
1856 2603 1930 2686 ali·'

121 2717 233 2832 quid
277 2712 494 2796 conferunt
534 2714 760 2810 annuatim,
799 2714 856 2793 ita
878 2715 1145 2821 ¹emancipare
1181 2714 1454 2820 contendunt,
1501 2731 1549 2795 ut
1582 2714 1670 2796 aliis
1704 2715 1931 2798 secundum

121 2833 237 2940 leges
268 2845 386 2907 terrae
415 2823 465 2906 de
491 2824 572 2905 sibi
599 2823 771 2932 objectis
799 2821 1044 2933 respondere
1074 2825 1237 2906 minime
1273 2841 1500 2905 teneantur.
1558 2825 1710 2908 Verum
1732 2826 1829 2938 quia
1845 2829 1931 2937 pri·

120 2940 327 3050 vilegium
355 2953 533 3016 meretur
560 2936 746 3016 amittere
775 2939 848 3045 qui
958 2937 1075 3017 missa
1110 2937 1189 3017 sibi
1222 2935 1406 3017 abutitur
1442 2937 1647 3035 libertate,
1680 2937 1931 3020 fraternitati

1 3119 2 3136 t
118 3072 209 3134 tuae
242 3079 316 3159 per
346 3048 568 3156 apostolica
595 3049 744 3156 scripta
773 2965 1009 3128 mandieinus
1044 3063 1243 3158 quatenus
1271 3049 1305 3127 si
1347 3076 1451 3157 quos
1486 3048 1664 3130 Clerioos
1698 3077 1770 3131 seu
1799 3077 1932 3130 sacer·

2 3197 4 3207 ·
116 3165 251 3246 dotes
279 3176 351 3240 aut
379 3161 502 3238 laicos
531 3186 553 3238 a
583 3158 786 3267 praedictis
814 3156 1011 3254 iratribus
1039 3185 1116 3268 pro
1144 3158 1381 3266 colligendis
1417 3159 1681 3267 eleemosynis
1695 3189 1816 3242 cruce
1830 3160 1932 3242 falso

1 3268 4 3341 ἶ
115 3279 313 3386 signatos
342 3271 556 3366 inveneris,
585 3269 648 3348 his
675 3299 698 3350 a
727 3268 878 3377 quibus
906 3271 1015 3379 ipsos
1042 3273 1181 3350 missos
1197 3269 1320 3349 fuisse
1335 3273 1577 3369 constiterit,
1607 3299 1680 3380 per
1695 3289 1821 3360 totam
1836 3300 1933 3382 pro·
1977 3351 1979 3354 ,

113 3387 311 3469 vinciam
338 3397 468 3478 tuam,
511 3396 650 3460 nostra
684 3379 812 3459 fretus
847 3382 1108 3478 auctoritate,
1152 3382 1446 3461 exhortationis
1479 3381 1719 3491 hujusmodi
1752 3382 1932 3464 officium

1 3515 2 3591 ζ
111 3493 372 3593 interdicas3
402 3494 542 3572 missos
555 3493 687 3589 etiam,
716 3493 750 3570 si
779 3491 870 3571 laici
885 3490 1050 3586 fuerint,
1065 3492 1495 3574 excommunicationis
1509 3521 1703 3575 mucrone
1717 3494 1934 3603 percellas;

1 3656 2 3705 v
108 3613 148 3696 si
183 3605 347 3690 Clerici
372 3604 436 3684 vel
464 3603 696 3709 Presbyteri
711 3602 882 3698 fuerint,
898 3602 949 3682 ab
964 3601 1098 3682 officio
1117 3601 1394 3711 beneficioque
1415 3604 1648 3712 suspendas.
1678 3604 1795 3688 nullo
1815 3599 1934 3714 pron·

108 3748 189 3803 sus
224 3714 435 3828 privilegij
464 3713 659 3794 beneficio
687 3712 750 3793 vel
780 3712 1062 3842 appellationis
1090 3712 1252 3822 refugio
1281 3715 1535 3821 praevalente.
1593 3717 1674 3796 Eos
1702 3729 1833 3797 vero'
1889 3739 1935 3796 os

1 3923 2 3926 Ν
108 3835 155 3915 in
177 3825 389 3941 praedicta
418 3825 596 3906 Ecclesia
624 3824 711 3931 lege
735 3822 813 3904 tib1
841 3822 1055 3905 diocesana
1083 3824 1267 3933 subjecta
1296 3841 1389 3934 post
1417 3826 1677 3909 interdictum
1700 3845 1816 3908 tuum
1830 3743 1936 3908 dlvi-

109 3975 170 4025 na
205 3936 442 4022 celebrasse
470 3937 720 4047 cognoveris,
751 3933 933 4042 ejusdem
963 3963 1085 4045 poena
1099 3935 1376 4045 suspensionis
1390 3937 1623 4036 involuens,
1652 3939 1696 4036 in
1710 3965 1776 4034 ea,
1805 3935 1937 4022 donec

109 4050 399 4137 reconciliata
449 4047 589 4143 fuerit,
638 4045 984 4157 quemadmodum
1018 4074 1132 4128 sacra
1167 4049 1410 4158 praecipiunt
1445 4049 1650 4146 instituta,
1685 4048 1816 4129 officia
1850 4075 1938 4132 non

108 4165 351 4279 permittas
385 4158 525 4241 divina
568 4158 778 4240 celebrari.
810 4157 1072 4265 Presbyteros
1106 4161 1225 4239 etiam
1260 4186 1476 4269 suspensos
1519 4161 1571 4242 ab
1599 4161 1809 4270 Episcopis
1836 4161 1938 4260 suis,

107 4289 153 4362 &
189 4303 282 4388 per
312 4269 443 4352 dictos
473 4269 618 4352 fratres
647 4268 701 4352 ad
729 4267 864 4352 officia
897 4299 970 4370 sua
997 4287 1146 4352 temere
1174 4272 1400 4368 restitutos,
1435 4274 1478 4352 in
1506 4268 1673 4353 eandem
1707 4271 1938 4379 suspensio-

105 4393 180 4474 nis
214 4385 476 4468 sententiam
504 4398 644 4464 nostra
672 4380 810 4476 fretus¹
828 4383 1070 4464 auctoritate
1098 4381 1278 4464 reducas.
1309 4384 1417 4466 Alios
1444 4409 1542 4464 vero
1569 4411 1674 4493 quos
1702 4375 1758 4461 ad
1771 4409 1939 4491 respon·

106 4499 324 4586 dendum
353 4493 441 4576 aliis
468 4493 693 4576 secundum
722 4491 851 4602 legem
878 4510 996 4600 terrae
1025 4522 1102 4603 pro
1131 4498 1333 4604 praemissa
1363 4522 1483 4575 eausa
1498 4510 1681 4577 asserunt
1695 4519 1781 4575 non
1795 4498 1939 4594 teneri,

106 4614 336 4697 nolumus
367 4607 569 4704 excusari,
598 4608 700 4716 quin
726 4631 796 4687 eos
824 4604 877 4686 ad
896 4605 1238 4716 respondendum
1265 4607 1426 4688 sublato
1455 4604 1738 4716 appellationis
1771 4606 1942 4719 impedi·

106 4739 276 4809 mento
311 4717 542 4830 compellas.
598 4719 749 4799 Datum
776 4717 967 4800 Laterani
997 4719 1045 4800 V.
1076 4714 1174 4798 ldus
1203 4715 1453 4801 Decembris.

273 5029 337 5088 Se.
355 5024 479 5097 msam.
