4382 5964
803 503 862 526 ι-
973 455 1054 542 665
1164 441 1269 528 -’

81 655 304 828 ,((οτμ
364 753 372 820 ÷
437 695 454 813 1
729 687 1010 798 arasse
1058 630 1292 845 asang:
1362 697 1387 746 ²
1490 813 1493 856 ζ
1577 846 1582 857 ἱ
1684 693 1920 846 upaa.

85 952 92 960 ·
137 865 156 978 ,Ι
192 875 311 1004 lipsala
330 909 568 1004 Dum-Gepheis
588 887 786 998 ibtyg'illven
803 855 1010 992 ldrbemtildte
1029 909 1332 997 tilllflnuagilvaude.
1399 1007 1403 1014 ¹

1647 993 1681 1056 B.
1696 997 1784 1056 tto.

280 1131 482 1218 Omnibus
510 1145 720 1241 presentes
744 1129 900 1214 litteras
929 1131 1127 1216 audituris
1156 1131 1390 1244 Capitulum
1416 1133 1629 1243 vpsatease
1671 1131 1858 1217 salutem
1874 1136 1920 1219 in

116 1246 282 1334 domino
325 1247 478 1326 Notum
521 1242 638 1346 robis
666 1240 835 1326 facinus
862 1240 976 1353 quod
1004 1245 1048 1326 in
1076 1263 1216 1328 nostra
1245 1245 1452 1355 presencia
1480 1247 1726 1350 consumtus
1753 1246 1817 1328 vir
1845 1246 1922 1330 dos

115 1362 247 1443 minus
274 1353 755 1465 trangressores
796 1355 948 1437 electus
989 1354 1222 1466 upsalensis.
1267 1354 1538 1442 confirmatus
1568 1373 1831 1468 protestatus.
1857 1371 1922 1440 est

116 1497 255 1555 coram
282 1467 401 1548 nobis
429 1467 474 1580 in
501 1462 622 1582 bunc·
640 1464 804 1550 modum
843 1467 895 1549 Se
912 1470 1183 1576 sdregciende·
1199 1470 1281 1551 Nm
1309 1471 1400 1575 809.
1429 1469 1515 1552 Nos
1542 1469 1668 1578 igitur
1695 1465 1933 1579 capitulum

20 1668 24 1676 ,
119 1583 330 1694 vpsalense
367 1579 464 1689 quia
494 1574 687 1685 predictis
715 1579 1083 1687 protestacionibus
1117 1598 1159 1661 et
1185 1578 1568 1662 renunciacionibus
1595 1580 1853 1663 interfuimus
1881 1579 1923 1664 et'

118 1692 392 1778 consensimus
421 1685 472 1772 ad
500 1687 753 1770 euidentiam
782 1689 1004 1800 pleniorem
1032 1690 1286 1799 presentibus
1313 1689 1490 1797 sigillum
1516 1694 1711 1773 nostrum
1731 1691 1922 1776 duximus

118 1799 419 1917 apponendum.
450 1807 599 1882 Actum
613 1797 808 1909 etdatum
823 1803 933 1887 anno
947 1799 1103 1885 domini
1117 1803 1236 1887 MCC
1252 1801 1404 1882 LXXX
1424 1803 1581 1915 quinto.
1610 1803 1716 1886 Nou.
1731 1797 1918 1913 Augusti.
2021 1869 2027 1876 .
2059 1879 2061 1894 ,

126 2005 407 2172 8181(ἱ
645 1997 1340 2236 Ι(285(1Α8Αω6.Δ
1525 1987 1558 2021 '¹
1684 1991 1968 2211 Sundbyn

201 2284 339 2366 Kooung
360 2283 492 2348 Mecum
513 2281 552 2346 Its
572 2280 652 2346 Bref
674 2247 807 2346 rdrandc
837 2283 939 2368 Berge
957 2286 970 2348 i
989 2285 1165 2372 Wdrdinge
1185 2241 1235 2352 till
1255 2288 1360 2352 Bauer
1379 2285 1569 2353 Psrsmsotts
1590 2283 1656 2348 Fru
1677 2241 1828 2350 laesione
1848 2282 1922 2348 med

252 2364 503 2513 stpdiiasstpgsesapd
523 2365 647 2450 uthytet
667 2365 705 2430 af
720 2364 822 2432 denus
842 2357 921 2450 gard
932 2378 999 2432 mot
1008 2369 1123 2434 bennes
1143 2374 1154 2434 i
1177 2369 1449 2455 mergonglfvaaf
1459 2371 1532 2434 Nus
1553 2369 1762 2434 manassen
1778 2368 1923 2434 ohanna

250 2469 311 2532 gr
407 2469 428 2513 u
473 2470 516 2517 er.
604 2505 607 2512 .
1264 2505 1266 2512 ,

1560 2534 1596 2592 Α.
1610 2537 1640 2594 6.
1657 2550 1682 2592 a.
1702 2549 1725 2589 u
1743 2535 1788 2593 ³8.

208 2698 212 2714 ·
251 2671 498 2752 -Uniuersis
525 2665 882 2784 christifidelibus
925 2685 1130 2786 presentes
1173 2675 1326 2759 litteras
1369 2671 1624 2782 inspecturis.
1655 2663 1828 2784 Magnus
1856 2667 1921 2754 dei

122 2783 257 2893 gracia
285 2789 493 2864 swaorum
516 2782 800 2896 Gotorumque
828 2777 925 2868 Rex.
953 2787 1131 2871 Salutem
1159 2789 1202 2869 in
1231 2782 1396 2870 domino
1424 2783 1548 2865 lhesu
1570 2782 1731 2866 christo.
1761 2784 1924 2866 Tenere

119 2895 373 3003 presencium
395 2912 477 2975 tam
490 2893 764 3004 presentibus,
793 2898 1077 3008 quamfuturis
1106 2897 1264 3012 liquido
1280 2897 1532 2980 declaramus
1559 2892 1673 3005 quod
1707 2921 1782 2974 nos
1810 2895 1924 2977 Man·

119 3009 274 3087 sionem
301 3005 486 3086 Biaerhaer
515 3006 559 3086 in
587 3005 848 3119 Warthunge
877 3039 969 3093 eum
997 3013 1121 3122 agris,
1150 3012 1295 3122 pratis,
1324 3006 1455 3106 siluis,
1484 3005 1799 3117 piscacionibus,
1837 3031 1923 3086 mo·

120 3114 313 3215 lendinis,
346 3117 583 3199 &coloniis
612 3121 653 3198 8(
681 3121 869 3203 omnibus
897 3124 1127 3204 attinenciis
1157 3120 1374 3207 mobilibus
1403 3126 1443 3202 8(
1474 3115 1748 3200 inmobilibus.
1778 3143 1927 3227 supra··

121 3230 228 3312 dicte
256 3230 456 3308 mansioni
490 3230 761 3342 attinentibus
788 3251 912 3342 prout
941 3235 984 3340 in
1012 3238 1311 3342 presenciarum
1352 3247 1448 3313 sunt
1489 3229 1664 3310 Domine
1706 3228 1924 3338 ingiburgi

116 3343 239 3420 'uxori
267 3339 472 3429 benedicti
495 3358 649 3450 paetaers
678 3370 753 3423 sun
783 3345 906 3454 Regie
935 3347 1112 3427 lenitatis
1142 3345 1372 3440 clemencia,
1401 3343 1641 3424 auctoritate
1669 3341 1923 3448 presencium

122 3454 370 3561 assignamus
414 3477 462 3562 ac
504 3454 587 3535 suis
614 3452 833 3537 heredibus
860 3457 903 3538 in
932 3474 1174 3566 perpetuum
1221 3459 1310 3539 iure
1339 3453 1596 3566 proprietatis
1625 3449 1924 3562 possidendam.

121 3563 482 3645 commutacionem
526 3557 744 3649 memorate
788 3569 1006 3650 mansionis
1049 3593 1125 3678 pro
1161 3571 1389 3670 mansione,
1431 3563 1675 3662 stenaesaetirr
1718 3561 1858 3644 eidem.
1889 3565 1922 3644 J.

122 3703 173 3756 ex
203 3688 318 3785 parte
347 3670 501 3755 domini
531 3675 732 3774 Nieholai
752 3678 981 3789 -quondam
1023 3679 1229 3780 Michiaels
1257 3707 1344 3762 sun.
1372 3704 1451 3789 pro
1481 3675 1708 3758 donacione
1752 3689 1921 3783 propter

45 3829 82 3846 ·*
122 3788 292 3896 nupcias
319 3784 525 3895 wlgariter
553 3785 776 3892 Mobrhons
804 3790 914 3871 Giael
938 3790 1030 3898 sibi,
1043 3793 1243 3902 assignata
1271 3819 1345 3902 per
1366 3792 1508 3899 ipsum.
1538 3788 1589 3866 N.
1618 3803 1717 3866 tunc
1732 3785 1923 3868 maritum

122 3927 240 3979 suum
268 3898 318 3979 de
347 3923 546 3980 consensu
575 3889 904 4012 propinquorum
941 3927 1107 3985 suorum
1127 3901 1296 3984 iactam
1338 3901 1582 3982 ratificantes
1610 3901 1652 3978 8(
1679 3896 1924 3978 auctoritate

123 4011 233 4118 regia
266 4007 566 4106 confirmantes,
603 4011 886 4095 transferendo
914 4015 958 4094 in
988 4016 1121 4124 ipsum
1150 4020 1189 4097 8(
1218 4011 1384 4096 heredes
1425 4035 1519 4090 suos
1561 4008 1854 4116 proprietatem
1883 4011 1923 4088 &

124 4123 416 4231 possessionem
442 4120 675 4232 supradicte
702 4126 939 4222 mansionis,
967 4131 1007 4206 8(
1035 4127 1345 4207 attinenciarum
1363 4122 1511 4232 jpsius,
1537 4123 1577 4199 8(
1605 4115 1740 4201 dando
1769 4120 1807 4199 ei
1835 4117 1924 4228 ple·-¹

111 4255 220 4313 ¹nam
248 4232 479 4315 facultatem
508 4230 616 4314 dicta
645 4231 754 4316 bona
782 4233 1037 4346 possidendi,
1065 4234 1254 4346 regendi,
1288 4227 1583 4328 commutandi,
1622 4225 1846 4328 vendendi,
1870 4257 1924 4313 ac

126 4334 250 4453 prout
278 4342 355 4424 sibi
383 4349 424 4427 8(
448 4338 538 4426 suis¹
557 4342 776 4454 heredibus
804 4349 934 4430 visum
962 4346 1086 4429 fuerit
1100 4343 1327 4430 ordinandi.
1357 4341 1731 4425 ffirmatoreshuius
1759 4357 1923 4423 contra·

127 4471 224 4536 ctus·
245 4460 285 4535 8(
313 4453 585 4540 ordinacionis
612 4475 748 4539 nostre
775 4458 996 4540 secundum
1020 4458 1128 4570 leges
1145 4461 1186 4540 8(
1214 4452 1529 4541 consuetudines
1543 4451 1815 4535 Suthirmanie
1829 4453 1922 4537 Wl-

128 4567 279 4674 gariter
307 4561 428 4678 faet'aer
455 4567 692 4662 exstiterint.
737 4571 901 4650 Domini
931 4569 1144 4682 Haquiuus
1179 4565 1429 4653 Marskalkus
1456 4565 1586 4647 Tunoe
1609 4590 1701 4675 Nsun.
1717 4563 1922 4648 Karalus.

128 4675 315 4758 aestrithae
342 4671 430 4758 sun.
459 4677 664 4772 lohannes
691 4680 887 4790 Jngiwals
915 4708 1004 4766 sun.
1047 4680 1220 4774 Rericus
1261 4679 1396 4790 algoti.
1440 4675 1650 4785 Philippus
1679 4671 1730 4754 de
1758 4665 1924 4775 Ru'nbi’.

128 4784 365 4888 Nicholaus
392 4787 664 4896 lngemsmdm·
680 4817 769 4872 sun.
799 4793 940 4874 Petrrs
961 4791 1191 4900 Regmaldae
1218 4817 1307 4896 sun.
1336 4785 1521 4871 arnulfus
1550 4785 1601 4868 de
1629 4784 1802 4888 Moribi.
1833 4788 1924 4869 Dan

128 4901 254 4982 loons
282 4923 380 4977 suu.-
401 4899 506 4979 Jtam
534 4896 772 5006 Thdrgillus
799 4901 943 4982 Knuzs
970 4931 1057 4993 sun,
1086 4901 1289 5014 Birgerus
1317 4915 1571 5012 paetaerssun.
1600 4895 1826 5010 Phillippus
1853 4898 1876 4976 J
1879 4925 1924 4978 n·
2048 4993 2054 5004 .

130 5007 271 5130 giwals
299 5034 386 5088 sun.
416 5003 559 5091 Erieus
591 5024 730 5103 astons
757 5037 846 5097 sun.
874 5013 976 5105 Baro
1003 5013 1174 5124 Legifer.
1203 5040 1294 5096 cum
1322 5011 1458 5098 multis
1486 5011 1583 5096 aliis.
1641 5010 1837 5214 Jtppcuius
1863 5010 1925 5092 rei

171 5148 512 5222 wancarae·
702 5143 721 5186 ··
950 5166 1000 5181 '-
1309 5201 1422 5224 „
