4382 5964
1026 319 1121 398 ..⁵
1196 331 1280 428 654
1388 377 1445 400 .-

200 575 205 580 ’
333 572 442 638 wart
470 549 652 666 insighlli
675 551 762 637 lore
794 519 931 654 {cattas
959 549 1056 636 bref
1078 523 1225 656 'settim
1256 553 1323 636 Oc
1345 577 1435 636 war
1448 553 1584 651 lraettae
1612 549 1704 662 skip
1767 567 1810 635 t·
1829 578 1877 636 oc
1895 557 2038 641 scriwaet
2051 567 2077 645 i.

335 669 433 749 alno
459 668 576 775 aeptir
602 691 709 766 wars
736 663 874 750 haerrae
889 665 1013 760 fazllo
1042 663 1162 775 aagh.
1182 661 1213 778 ¹)
1242 668 1387 767 busan
1415 689 1542 750 arum.
1572 693 1622 750 oc
1649 681 1696 746 tu
1737 664 1918 748 cadmo.
1943 696 1985 752 oc
2006 689 2079 756 atta

337 777 452 887 tighi.
481 805 531 860 oc
559 775 649 860 faem
678 799 806 861 arum.

343 1172 476 1280 800.
747 1084 749 1088 ι
1157 1165 1323 1275 1285.

420 1393 487 1456 Fau
507 1390 669 1454 Gusrsrnu
690 1391 808 1453 Bracara
828 1391 921 1456 Jaans
942 1387 1059 1454 dotters
1079 1389 1273 1454 Testamente
1294 1369 1502 1474 utiuntiga
1522 1389 1700 1476 ltgenhetcr
1724 1388 1788 1457 och
1817 1390 1981 1478 penningar
1995 1392 2035 1456 till
2049 1415 2083 1457 u-

471 1473 805 1558 deligainriittningar.
1771 1557 1809 1612 A·
1969 1561 1993 1615 θ’

1829 1577 1856 1632 7.
1873 1575 1897 1614 a.
1916 1571 1969 1614 ιιι

508 1695 559 1776 lu
587 1691 750 1772 nomine
779 1706 917 1772 sancte
945 1696 985 1774 &
1012 1689 1225 1776 indiuidua
1259 1691 1462 1789 trinitatis,
1492 1693 1580 1802 Ego
1595 1693 1770 1777 Cristina
1799 1695 1987 1806 byrgheri
2010 1693 2086 1776 dacis

236 1812 240 1833 ¹
341 1832 543 1888 sweorum
570 1801 776 1914 quondam
806 1801 906 1896 iilia,
935 1801 1191 1912 considerauj
1220 1801 1333 1914 quod
1362 1804 1495 1884 omnia
1518 1831 1600 1916 que
1625 1805 1703 1886 sub
1730 1794 1819 1889 celo
1835 1802 2086 1890 sunternichi·

341 1920 382 2001 lo
409 1915 574 1998 condita
601 1929 714 2010 sunt,
743 1918 784 1994 &
812 1912 865 1995 ad
893 1941 1007 1994 suam
1035 1912 1212 1997 tendunt
1239 1915 1437 2024 originem
1472 1915 1712 1998 naturaliter
1754 1920 1961 2018 uniuersa,
1985 1918 2087 1998 &hoc

341 2029 470 2111 solum
502 2025 554 2110 de
583 2025 705 2121 rebus
731 2025 979 2134 tramitorijs
1009 2041 1103 2142 post
1130 2027 1254 2108 huius
1280 2029 1364 2110 vite
1391 2027 1606 2112 transitum
1634 2055 1720 2110 non
1749 2033 1922 2113 transire
1960 2027 2088 2112 dinosci

340 2157 431 2236 tur,
458 2136 571 2250 quod
598 2137 651 2220 ad
679 2139 839 2246 piatatis
867 2161 993 2248 opera
1022 2137 1335 2227 misericorditer
1362 2156 1570 2250 erogatur,
1604 2137 1707 2222 Jdeo
1735 2143 1777 2223 in
1805 2137 1966 2236 nomine
1989 2165 2088 2246 super

339 2249 553 2336 benedicte
580 2251 776 2332 trinitatis
803 2275 900 2330 sana
929 2255 969 2330 &
997 2248 1227 2348 incolumis,
1271 2250 1472 2332 derebus
1514 2249 1635 2332 michi
1663 2254 1716 2334 ab
1742 2279 1790 2334 ea
1833 2253 1927 2335 licet
1951 2251 2089 2332 inmerite

228 2431 232 2444 ,
342 2363 560 2472 largissime
591 2363 808 2458 concessis,
837 2375 1123 2452 testamentum
1151 2389 1282 2444 meum
1310 2360 1477 2449 condidi
1506 2363 1548 2442 in
1576 2362 1686 2448 hunc
1703 2364 1888 2462 modum,
1916 2365 1965 2443 Jn
1990 2360 2090 2472 primis

2139 253 2148 482 l

342 2473 551 2560 Monachis
578 2474 622 2556 in
653 2473 890 2556 alwastrum
919 2471 1031 2583 apud
1059 2501 1164 2584 quos
1192 2502 1242 2556 ex
1270 2472 1569 2562 deliberacione
1594 2473 1754 2562 diutina
1775 2503 1858 2557 vna
1873 2503 1962 2561 cum
1985 2475 2089 2557 marito
2146 2453 2148 2550 l

344 2615 432 2668 meo
465 2584 690 2697 predilecto
719 2583 887 2668 domino
914 2588 1083 2701 siggonc
1109 2586 1360 2778 ‚sepulturam
1387 2587 1537 2694 eligere
1579 2584 1724 2666 decreu
1727 2587 1762 2696 j,
1804 2589 1958 2669 curiam
1982 2583 2090 2665 dictam
2147 2585 2148 2606 ³

345 2698 515 2807 lywnaer
544 2696 793 2809 integraliter
820 2699 1002 2804 assigno,
1031 2723 1112 2778 vno
1141 2771 1145 2786 ,
1174 2713 1355 2778 umtaxat
1389 2714 1560 2806 excepto
1598 2699 1810 2787 octonario
1840 2703 1882 2784 sss
1909 2695 2021 2779 fundo
2042 2691 2090 2803 quj

123 2799 127 2807 ’
203 2814 210 2834 “
315 2809 551 2934 'mlgariter
576 2807 741 2920 tompth
780 2809 1031 2919 appellatur,
1073 2833 1178 2919 quos
1205 2837 1298 2892 cum
1323 2807 1438 2898 ,siluis
1470 2814 1511 2894 &
1536 2808 1727 2899 Omnibus
1751 2810 1833 2900 ilbi
1861 2805 2088 2900 fllllflfflllhul

344 2925 455 3004 curie
483 2937 621 3002 nostre
649 2917 803 3002 wallaer
830 2922 1034 3002 nominate
1068 2918 1405 3030 irrefragabiliter
1446 2935 1618 3002 annecto
1647 2922 1690 3000 in
1719 2939 1961 3041 perpetuum
2002 2915 2090 3036 possi·

344 3033 511 3130 dandos,
541 3034 613 3114 tali
640 3032 939 3113 nichillominus
967 3033 1175 3113 interiecta
1206 3031 1465 3130 condicione,
1497 3029 1613 3142 quod
1647 3047 1877 3150 prouentus
1905 3057 2027 3118 omnes
2047 3053 2090 3105 cn·

344 3149 402 3226 rie
432 3145 621 3253 premisse
650 3141 823 3225 fideliter
849 3144 1100 3227 &totaliter
1135 3143 1312 3241 collecti,
1356 3147 1565 3226 annuatim
1605 3147 1838 3256 semperin
1867 3141 2091 3238 desolatore

346 3255 458 3363 beatj
486 3254 679 3336 lobannis
708 3255 903 3364 baptiste,
932 3256 986 3339 ad
1012 3257 1144 3337 tocius
1159 3271 1388 3347 ¹conuentus
1400 3255 1587 3348 solatium
1602 3260 1643 3348 βι
1657 3259 1926 3354 recreacioni,
1952 3256 2092 3372 inqual-

346 3385 433 3450 tum
462 3363 627 3447 extendi
654 3365 857 3458 valuerint
884 3395 962 3477 pro
979 3367 1183 3560 pitancia
1211 3370 1478 3459 communiter
1506 3365 1788 3478 expendantur
1810 3373 1852 3458 Bc
1868 3395 1922 3456 ne
1947 3382 2092 3472 temporis

346 3476 592 3560 incertitudo
618 3475 870 3567 obliuionem
897 3507 976 3589 apu
1037 3493 1221 3590 posteros
1248 3481 1400 3588 pariat,
1428 3479 1523 3560 volo
1543 3495 1590 3569 ut
1605 3481 1931 3573 anniuersarium
1958 3491 2092 3569 nostran

347 3589 488 3672 eodem
516 3607 698 3697 tempore
725 3590 768 3667 in
796 3609 1035 3698 perpetuum
1066 3593 1176 3673 omni
1210 3607 1361 3672 semota
1406 3587 1692 3700 prepedicione
1732 3591 1992 3701 solempniter
2025 3581 2094 3666 cclc-

348 3703 505 3797 bretun,
548 3703 652 3782 Jtem
679 3699 843 3781 ecclesie
869 3701 1170 3822 'Lynkopensj,
1207 3704 1358 3783 curiam
1401 3703 1669 3798 Normaelutso,
1707 3728 1803 3782 eum
1832 3702 2012 3796 omnihus
2033 3692 2094 3773 atil
2147 3779 2148 3782 a

347 3813 520 3920 nencijs,
548 3812 619 3894 vbi
648 3838 699 3892 en
727 3829 841 3918 parte
869 3811 1022 3896 domini
1050 3813 1233 3924 episcopj
1261 3815 1332 3893 fiat
1371 3839 1499 3894 vnum
1526 3814 1670 3910 altare,
1694 3815 1736 3894 in
1765 3841 1849 3925 quo
1878 3811 1988 3919 omnj
2009 3803 2096 3914 septi·

348 3955 467 4008 mana
496 3922 686 4006 dicantur
715 3939 797 4004 tres
825 3923 960 4021 misse,
987 3924 1067 4008 due
1096 3950 1174 4034 pro
1201 3922 1421 4021 defunctis,
1448 3931 1491 4018 tc
1518 3943 1607 4006 vna
1627 3923 1678 4019 de
1706 3923 1873 4022 domina
1892 3927 1937 4020 in
1957 3919 2098 4007 sabbata

347 4037 450 4117 festo
478 4062 562 4116 non
590 4033 825 4156 inpediente
853 4033 966 4147 quod
993 4063 1068 4118 nos
1095 4061 1317 4146 procurare
1346 4033 1539 4132 debemus
1567 4038 1611 4118 in
1644 4037 1836 4124 omnibus
1878 4028 2098 4160 paramentis·

346 4149 525 4256 exceptis
552 4145 688 4246 libris,
713 4149 768 4227 Jn
796 4175 882 4258 quo
908 4147 1035 4229 eciam
1066 4149 1183 4256 omnj
1219 4148 1445 4258 septimana
1488 4146 1649 4243 dicatur
1676 4175 1756 4238 rna
1799 4151 1920 4244 missa
1966 4170 2033 4254 pro
2053 4135 2099 4218 dc

347 4259 519 4358 functis,
547 4287 623 4368 pro
648 4260 785 4346 ‚anima
810 4258 952 4354 dilecti
979 4259 1115 4366 maritj
1143 4261 1273 4340 nostri
1290 4261 1463 4357 ‘Domini
1498 4261 1693 4368 siggonis,
1731 4261 1840 4350 ,sicut
1869 4263 1914 4355 in
1943 4287 2009 4340 suo
2033 4273 2101 4331 00¹¹·

346 4376 503 4454 tinetur
528 4386 788 4468 testamento,
817 4372 923 4452 Jtem
947 4371 1119 4481 ¹singulis
1149 4371 1334 4469 claustris
1361 4374 1404 4470 in
1433 4371 1618 4480 partibus
1646 4371 1777 4480 Regni
1805 4373 1968 4466 swecie,
2005 4366 2101 4482 Ceno¹

346 4483 427 4588 hijs
455 4486 499 4564 in
527 4479 776 4576 Gothlandia
804 4486 844 4576 ἃ
870 4481 1096 4591 Fynlandia
1125 4481 1332 4580 collocatis
1353 4499 1511 4564 tanturn
1536 4483 1737 4592 exceptis,
1767 4483 1969 4564 marcham
1984 4485 2101 4586 argent

346 4618 424 4702 pro
452 4597 568 4695 vino,
597 4591 651 4675 ad
679 4593 985 4691 incontaminati
1014 4593 1110 4704 agnj
1138 4623 1215 4705 pro
1242 4593 1360 4675 nobis
1388 4596 1433 4676 in
1458 4621 1580 4686 ,cruce
1600 4594 1794 4676 immolati
1808 4593 2014 4704 sanguinis
2037 4609 2101 4668 cou

348 4703 577 4803 sectionem,
603 4708 711 4792 Jtem
735 4702 907 4794 ,cuilibet
945 4702 1136 4816 hospitali
1165 4711 1208 4790 in
1243 4707 1386 4818 Regno
1422 4707 1567 4790 swecie
1596 4703 1802 4790 dimidiam
1845 4703 2040 4790 marcham
2061 4718 2101 4775 a·
2147 4699 2148 4714 '

343 4886 618 4910 μ

389 4957 416 5030 ι)
439 4945 557 5012 Fcidalo
578 4949 663 5011 tima.
