4368 5950
810 431 867 450 -
985 387 1078 472 181⁴
1170 431 1227 502 -7

127 600 426 705 rumeiusdem
454 601 619 683 ecclesie
648 606 688 681 8ι
715 599 872 712 dominj
900 605 1105 714 gothmarj
1134 601 1274 712 generj
1301 602 1381 711 mej
1415 602 1668 686 vendendam
1710 606 1917 697 committo

16 765 18 772 ,
125 715 243 817 Quos
272 713 392 793 buius
422 714 498 794 mei
527 713 731 792 constituo
758 730 993 797 executores
1021 712 1251 820 testamentj
1279 713 1457 821 Rogatus
1500 721 1539 796 dr
1581 714 1721 795 intime
1762 742 1839 823 sup
1870 713 1918 794 li·

123 851 220 908 caus
251 839 297 904 ut
324 824 359 904 si
387 822 536 906 dictam
556 822 713 910 curiam
741 822 864 905 vendi
892 823 958 904 uel
987 823 1158 908 distrahi
1186 823 1396 932 confingat
1439 825 1620 930 precium
1648 853 1735 934 pro
1776 743 1942 934 cadim¹

123 951 336 1040 acceptum
365 934 422 1015 sic
449 930 641 1013 ordinent
673 933 896 1014 secundum
935 933 1054 1125 guod
1083 936 1128 1014 in
1170 948 1394 1041 conspectu
1422 933 1601 1013 altissimi
1643 936 1802 1016 iustum·
1835 961 1918 1016 esse

122 1045 318 1124 nouerint
354 1043 552 1124 &anime
588 1069 673 1124 mee
713 1044 839 1151 magis
867 1072 935 1125 cre
966 1044 1118 1125 iderint
1145 1042 1338 1152 expedire
1367 1043 1468 1124 Item
1496 1041 1625 1122 eidem
1654 1043 1820 1127 ecclesie
1840 1044 1919 1126 lin·
2060 1054 2070 1064 ’

122 1154 290 1264 copensi
319 1152 409 1262 lego
439 1179 577 1234 omnes
607 1151 765 1236 libellos
794 1180 904 1235 meos
933 1155 1031 1236 iuris
1072 1153 1261 1240 videlicet
1297 1150 1529 1270 gaufridum
1574 1151 1768 1242 lecturam
1810 1155 1917 1264 petri

122 1261 178 1346 de
201 1291 417 1389 sampsone
444 1289 568 1371 super
596 1260 817 1388 decretales
846 1269 885 1344 &
914 1264 1191 1356 distinctiones
1220 1262 1399 1344 eiusdem
1428 1263 1671 1366 Questiones
1707 1261 1917 1352 bartholo-

128 1403 209 1482 me]
243 1401 335 1501 cum
363 1372 567 1454 breuiaric
595 1371 790 1501 bernard]
823 1402 942 1455 casus
971 1373 1106 1502 legum
1133 1375 1350 1501 ostiensem
1384 1401 1507 1484 super
1549 1389 1739 1500 quartum
1769 1371 1933 1470 librum

120 1482 587 1706 ltttffltttltt
607 1481 883 1678 iiiiii?
892 1482 1917 1704 tlttbiltlftgl‘ttttlfttsttssllt

120 1719 189 1786 tus
218 1707 318 1794 Item
347 1703 516 1786 cuilibet
543 1703 720 1790 claustro
749 1702 993 1814 lincopensis
1021 1704 1205 1812 dyocesis
1248 1704 1338 1810 lego
1382 1732 1501 1786 vnam
1549 1730 1725 1786 marcam
1761 1702 1918 1814 argentj
2051 1730 2054 1740 ·

120 1821 162 1896 8r
189 1843 312 1924 super
340 1813 418 1898 hoc
448 1812 643 1902 fratribus
671 1814 897 1898 minoribus
932 1814 1108 1924 lincopie
1138 1843 1272 1898 meum
1320 1815 1495 1922 griseum
1537 1812 1774 1922 palifridum
1815 1815 1920 1894 Item

117 1925 289 2008 cuilibet
316 1922 509 2033 hospitalj
538 1921 716 2005 eiusdem
745 1923 926 2031 dyocesis
954 1923 1192 2006 tantundem
1232 1927 1331 2006 Item
1368 1953 1465 2032 pro.
1486 1923 1781 2033 redempcionis
1824 1951 1918 2006 cru·

120 2035 179 2120 cis
207 2063 292 2116 mee
321 2033 373 2116 ad
402 2034 657 2116 terram'XX
686 2062 842 2116 marcas
869 2037 1030 2146 argentj
1064 2038 1165 2116 Item
1194 2034 1312 2117 fratri
1340 2063 1429 2124 meo
1450 2062 1608 2144 ¹magno
1624 2032 1727 2115 duas
1740 2039 1918 2117 crateras

116 2164 331 2254 argenteas
359 2171 451 2224 cum
480 2146 537 2224 VI
565 2143 816 2250 coclearibus
845 2149 1045 2256 argenteis
1075 2146 1167 2255 lego
1195 2147 1295 2226 Item
1326 2143 1444 2254 neptj
1468 2173 1557 2234 ¹mee
1593 2162 1816 2255 margarete
1860 2143 1917 2226 le·

118 2283 176 2365 gc
204 2271 337 2336 uestes
365 2281 472 2346 meas
501 2251 686 2336 meliores
714 2283 815 2363 quas
843 2255 975 2338 habco
1004 2259 1231 2338 sorcocium
1268 2259 1446 2344 tunicam
1476 2261 1517 2366 ⁸}
1544 2255 1784 2339 mantelbrm
1813 2259 1916 2338 Item
1966 2341 1970 2350 ἱ
2011 2278 2016 2283 ·

117 2367 263 2478 nepoti
292 2392 383 2446 mcc
410 2351 556 2474 karulo
586 2364 760 2473 paruulo
788 2366 879 2478 lego
908 2366 1086 2448 balteum
1114 2393 1247 2478 mcum
1275 2383 1508 2473 argenteum
1536 2392 1629 2458 cum
1644 2365 1703 2446 VI
1723 2365 1916 2448 cocleari·

114 2473 196 2558 bus
224 2471 425 2583 argenteis
454 2475 557 2562 Item
585 2475 637 2558 dc
666 2474 754 2557 aliis
782 2476 966 2559 uestibus
994 2478 1093 2562 meis
1120 2479 1301 2559 tunicam
1335 2503 1464 2584 meam
1493 2474 1690 2580 forratam
1718 2473 1769 2557 dc
1797 2477 1915 2586 pelli·

113 2587 194 2668 bus
223 2585 461 2672 matherinia
488 2612 581 2666 cum
609 2613 738 2694 cappa
768 2614 858 2672 mea
884 2595 923 2673 &
955 2587 1121 2695 caputio
1152 2587 1242 2694 lego
1260 2588 1455 2698 magistro
1470 2583 1669 2695 stephano
1683 2583 1915 2695 skaeuingbe

111 2699 219 2781 Item
254 2696 349 2776 alias
367 2693 370 2698 ’
375 2701 510 2795 uestes
540 2723 646 2779 meas
674 2699 901 2781 scrcocium
929 2694 1117 2782 videlicet
1146 2703 1185 2778 8ι
1200 2699 1378 2796 tunicam
1394 2696 1485 2804 lego
1501 2695 1813 2803 sacerdotjmeo
1828 2697 1913 2779 lor·
1960 2710 1966 2720 “

110 2805 254 2892 cundo
282 2807 385 2886 Item
413 2805 631 2888 tabardum
659 2834 793 2892 meum
822 2807 1021 2890 forratum
1051 2807 1101 2890 de
1131 2809 1253 2893 variis
1282 2836 1375 2890 cum
1405 2805 1561 2904 duabus
1582 2808 1746 2888 summis
1773 2809 1913 2917 paruis
2006 2811 2008 2814 ’

108 2916 261 3001 viridia
289 2917 547 3024 coopertoria
575 2915 822 3004 habentibus
849 2920 940 3028 lego
969 2917 1134 3008 domino
1163 2917 1339 2998 Iohanni
1369 2916 1419 2998 de
1448 2915 1643 3016 lomaerid
1677 2934 1741 2997 ut*
1761 2919 1910 3026 iugiter
2045 2946 2059 2964 ‘

106 3030 155 3111 in
184 3026 378 3108 memoria
407 3027 580 3110 animam
608 3055 738 3111 meam
766 3029 915 3110 habeat
950 3031 1052 3110 Item
1088 3027 1239 3108 famulo
1267 3055 1357 3113 mco
1381 3028 1524 3109 beocio
1553 3026 1644 3137 lego
1679 3028 1813 3108 omnia
1856 3028 1912 3108 le·

105 3137 321 3220 ctisternia
363 3163 451 3217 mea
494 3139 593 3218 Item
636 3135 790 3218 famulo
833 3168 921 3220 meo
968 3137 1113 3219 karulo
1155 3137 1266 3219 dicto
1308 3141 1375 3248 pic
1412 3139 1501 3246 lego
1536 3142 1751 3222 somarium
1779 3165 1913 3220 meum

105 3251 217 3332 Item
261 3246 427 3328 ecclesie
472 3245 696 3354 mythaelb'y
727 3243 781 3328 ‘in
821 3248 994 3355 wythbo
1037 3249 1128 3358 lego
1171 3248 1418 3340 breuiarium
1459 3275 1593 3330 meum
1638 3253 1678 3328 8(
1713 3248 1926 3354 missalem¹

101 3357 231 3442 simul
261 3358 302 3438 in
329 3384 413 3436 >vno
441 3359 645 3440 volumine
674 3356 746 3440 tali
787 3356 867 3440 sub'
905 3360 1143 3441 condicione
1187 3358 1301 3468 qnod
1353 3358 1526 3469 quilibet
1566 3359 1753 3441 sacerdos
1786 3359 1906 3440 alteri

100 3465 332 3552 succedens
360 3469 404 3548 in
430 3467 571 3576 eadem
589 3469 764 3556 ,ecclesia
792 3481 921 3578 risque
950 3470 1002 3558 ad
1031 3469 1169 3555 decem
1197 3479 1322 3553 annos
1345 3484 1534 3550 teneatur
1569 3471 1680 3550 omni
1721 3467 1912 3551 ebdoma·
2007 3529 2008 3534 a

99 3579 159 3662 da
191 3607 314 3659 vnam
344 3579 503 3660 missam
538 3577 588 3660 dc
623 3584 796 3662 mortuis
824 3579 1026 3661 celebrare
1056 3581 1099 3660 iu
1135 3577 1358 3664 remedium
1377 3582 1529 3681 ,anime
1572 3604 1657 3660 mec
1686 3585 1725 3660 &
1753 3581 1787 3662 si
1815 3608 1911 3660 con·

98 3691 281 3800 tingcrit
322 3717 414 3769 cum
456 3717 551 3770 casu
593 3689 732 3800 aliquo
775 3718 849 3798 pre
878 3687 1038 3771 edientc
1087 3688 1189 3770 illud
1232 3690 1276 3770 in
1319 3717 1397 3769 vna
1446 3691 1668 3796 septimana
1723 3690 1911 3770 omittere
2043 3723 2049 3730 ’

97 3801 299 3910 suppleat
328 3802 372 3881 in
399 3798 589 3910 sequentj
619 3802 808 3904 Quatuor
836 3719 1045 3881 dumtaxat
1073 3797 1308 3886 ebdomadis
1329 3801 1507 3908 exceptis
1528 3827 1601 3908 per
1625 3828 1774 3879 annum
1789 3797 1910 3878 vede-

96 3912 206 3992 licet
234 3909 461 3996 ebdomado
491 3928 584 4018 post
621 3911 773 4018 palmas
814 3917 854 3990 8(
896 3909 1121 3994 ebdomada
1156 3911 1303 4018 pasche
1338 3910 1619 4018 penthecostes
1652 3915 1692 3989 8r
1720 3909 1909 3989 natiuita-

96 4023 158 4104 tis
192 4019 350 4129 dominj
379 4027 418 4100 &
446 4019 498 4102 ad
527 4021 604 4101 hoc
633 4023 683 4102 sit
711 4047 848 4108 coram
885 4019 962 4102 deo
992 4026 1031 4100 &
1060 4021 1225 4110 ecclesia
1269 4049 1395 4130 vsque
1425 4019 1478 4100 ad
1507 4018 1735 4128 predictum
1771 4019 1909 4100 termi-

94 4160 211 4212 num
239 4130 641 4240 firmiterobligatus
670 4135 749 4211 Pro
777 4131 1009 4214 huiusmodi
1041 4131 1181 4239 legatis
1211 4130 1369 4212 facilius
1385 4130 1437 4212 ad
1452 4129 1643 4210 effectum
1659 4127 1908 4211 deducendis

91 4241 250 4348 obligo
278 4243 433 4322 curiam
468 4268 594 4322 meam
630 4241 804 4348 orraryd
842 4241 1006 4350 pignorj
1041 4241 1205 4323 ecclesie
1241 4238 1466 4349 lincopensi
1502 4265 1578 4348 pro
1615 4239 1722 4318 CLX
1764 4239 1907 4320 marcis

10 4379 21 4388 ·
90 4351 261 4436 usualis
288 4369 450 4433 monete
479 4353 535 4430 ita
567 4369 702 4436 tamen
731 4368 784 4431 vt¹
805 4351 971 4434 heredes
1001 4351 1080 4459 mej
1111 4351 1217 4431 infra
1248 4379 1400 4432 annum
1431 4349 1590 4458 plenam
1626 4348 1804 4429 habeant
1833 4375 1907 4456 po·
2020 4457 2024 4462 1

87 4478 296 4546 testatem
324 4460 474 4543 dictam
500 4464 654 4543 ‘curiam
684 4461 913 4570 redimendj
943 4465 1000 4541 Vt
1023 4481 1156 4544 autem
1183 4463 1304 4542 huius
1332 4463 1410 4552 mei
1438 4457 1667 4564 testamentj
1696 4458 1905 4540 ordinacio

89 4574 295 4658 debitum
323 4574 519 4654 sortiatur
551 4572 742 4655 ellectum
772 4577 812 4652 dr
841 4573 1062 4680 plenariam
1091 4571 1320 4653 firmitatem
1357 4570 1486 4678 sigilla
1521 4567 1676 4676 dominj
1711 4573 1788 4649 mei
1819 4569 1918 4676 epi·¹

87 4685 222 4794 scopi
251 4684 506 4792 lincopensis.
536 4683 713 4793 Capituli
746 4683 910 4792 Dominj
939 4683 1136 4794 prepositi
1170 4682 1303 4763 Meum
1333 4679 1500 4788 Dominj
1537 4678 1688 4786 stenarj
1723 4679 1904 4788 Magistri

83 4793 242 4903 Boccij
272 4799 311 4874 &
340 4793 496 4901 dominj
523 4795 730 4904 gothmarj
758 4795 898 4903 generj
927 4797 1005 4876 mei
1036 4821 1110 4876 nec
1147 4820 1230 4874 non
1266 4799 1306 4874 Sc
1336 4789 1515 4872 custodis
1554 4789 1795 4897 lincopensis
1825 4790 1904 4869 Ira⁴

83 4909 173 4988 tris
208 4905 401 4986 Iohannis
428 4905 605 5013 presenti
633 4904 708 4986 leci
738 4907 886 5014 pagine
922 4907 964 4985 in
1000 4905 1098 4986 facti
1133 4902 1386 4985 cuideuciam
1422 4900 1620 5011 applicarj
1650 4915 1784 4995 actum
1811 4899 1903 4980 loco

85 5025 134 5102 sr
168 5015 242 5101 die
270 5015 518 5123 supradicto.
590 5100 591 5103 ,
