4398 5958
896 367 902 376 '
1007 299 1073 460 (-
1173 389 1262 504 aja
1356 431 1429 502 ¹..

328 640 448 710 ctam
484 617 579 726 legb
617 601 744 694 xxm
768 619 921 694 malcus
963 607 1221 700 denarios-um
1262 613 1315 700 ad
1356 613 1552 701 fabricatu
1592 613 1799 700 lundensis
1834 619 1988 706 ecclesie
2021 655 2072 714 sex

331 754 484 817 marcas
525 724 784 828 denariorum
824 721 878 806 ad
906 745 1081 810 tnensam
1122 748 1378 812 mmmuaem
1419 728 1707 814 canonicorum
1747 727 1983 814 lundensium
2015 736 2072 821 XX

327 863 483 929 marcas
510 835 772 921 denariorum
798 832 851 917 de
878 835 1002 917 rebus
1027 835 1245 924 mobilibus
1283 861 1387 950 quas
1419 840 1553 922 habeo
1580 841 1624 920 in
1652 840 1735 949 aby
1766 841 1870 922 vltra
1894 845 2073 930 munaciu-

329 983 424 1039 nem
451 969 574 1063 quam
601 947 806 1030 canmricis
833 942 1098 1046 laudensibus
1118 944 1310 1034 exhibere
1324 967 1465 1034 teneor
1491 951 1544 1035 de
1569 953 1690 1035 bonis
1704 951 1851 1036 ibidem
1876 951 1923 1034 ad
1952 975 2073 1041 susta-

305 1068 531 1151 ·tacicnem
558 1055 766 1142 cuiusdam
793 1059 1012 1174 sacerdotis
1044 1063 1132 1171 qui·
1158 1065 1339 1148 eliorum.
1370 1061 1515 1148 diebus
1541 1087 1589 1148 ac
1616 1064 1805 1148 noctibus
1831 1063 2075 1176 sollempnibus

330 1189 372 1262 δι
399 1177 554 1258 festinis
586 1169 831 1280 frequentat.
862 1171 952 1280 lego
987 1177 1027 1251 &
1054 1190 1168 1254 scoto
1195 1200 1271 1292 per
1298 1189 1513 1291 presentes.
1541 1191 1670 1258 totam
1697 1193 1846 1258 termam
1872 1177 1911 1256 in
1935 1196 2074 1292 saxtcrp.

212 1323 215 1330 ·
331 1317 410 1404 que
439 1288 529 1395 jure
557 1279 813 1365 hereditario.
843 1299 937 1391 post
962 1281 1156 1370 dilectum
1199 1287 1447 1370 auunculum
1482 1313 1616 1372 meum
1656 1287 1863 1372 dominum
1901 1287 2077 1372 thucmem

331 1400 537 1590 cristiarpg
558 1393 768 1591 <guardam
801 1393 939 1480 filium.
982 1395 1080 1480 mihi
1122 1397 1240 1482 cessit
1276 1425 1324 1484 ac
1363 1397 1618 1483 medietatem
1659 1415 1769 1478 terre
1810 1395 1950 1480 ibidem
1985 1429 2077 1510 quaa

329 1514 456 1598 habui

329 1629 469 1706 missas
495 1616 672 1703 celebret
700 1641 777 1726 pro
812 1613 1014 1702 defunctis
1040 1615 1100 1726 jta
1128 1617 1316 1702 videlicet
1342 1636 1387 1700 vt
1413 1648 1494 1703 vna
1535 1620 1602 1702 die
1644 1621 1816 1704 missam·
1843 1619 2000 1702 celebret
2020 1653 2077 1731 pm

332 1739 464 1817 anima
504 1741 622 1812 mea.'
644 1729 829 1839 sequenti
870 1726 936 1809 die
968 1755 1046 1836 pro
1088 1732 1219 1817 anima
1309 1731 1383 1818 tris
1411 1735 1488 1813 miei
1516 1732 1664 1818 dilecti.
1695 1732 1852 1814 domini
1883 1732 1897 1809 l
1933 1731 2077 1820 thorlill

332 1849 432 1931 dicti
458 1842 567 1944 billae
594 1845 635 1921 &
661 1839 916 1924 dominorum
946 1839 1135 1929 tuchonis
1162 1847 1204 1922 dr
1230 1869 1257 1921 e
1285 1841 1403 1930 bonis
1445 1844 2078 1932 auunculorum·me01um.tercia

293 1961 400 2056 ‘die
427 1983 503 2064 pro
532 1953 663 2036 anima
690 1949 836 2032 dilecte
878 1953 1016 2032 matris
1050 1980 1147 2033 mee.
1181 1949 1343 2034 domine
1382 1952 1596 2036 benedicte
1637 1971 1679 2036 et
1719 1965 1905 2036 sororum
1941 1979 2077 2044 mearum

594 1505 732 1588 omino
760 1505 955 1588 thorkillo
983 1506 1100 1594 billse.
1128 1523 1175 1588 vt
1201 1507 1630 1624 singulis-septimanis
1656 1507 1792 1594 dictus
1815 1510 1994 1591 sacerdos.
2017 1532 2077 1594 tres
2143 1499 2144 1564 j

251 2109 256 2130 ι
332 2071 599 2152 dominarum.
627 2077 865 2170 margarete.
890 2063 1027 2145 cecilie
1055 2079 1177 2174 atque
1205 2063 1383 2172 johanne
1412 2067 1465 2147 Et
1493 2065 1571 2149 hcc
1599 2063 1652 2149 ad
1680 2064 1812 2148 altare
1840 2082 1963 2154 sancte
1986 2070 2076 2146 marie
2143 2145 2144 2160 Ν

331 2177 567 2307 magdalene
595 2179 636 2257 sst
663 2175 770 2256 beati
786 2173 963 2262 nicholai
978 2174 1178 2286 incripta.
1207 2178 1240 2262 si
1269 2175 1402 2285 placet
1435 2176 1616 2286 capitulo
1637 2176 1830 2259 lundensi
1857 2181 1906 2267 Et
1932 2193 2009 2257 ante
2030 2179 2075 2256 im
2142 2163 2144 2242 l

331 2286 563 2402 cepcso'nem
595 2283 845 2393 singularum
878 2287 1087 2370 missarum
1130 2287 1224 2368 volo
1261 2293 1302 2372 ἃ
1329 2302 1466 2369 statua
1507 2285 1622 2398 thd
1648 2287 1864 2376 sacerdos.
1887 2309 2076 2368 memoratus
2143 2289 2144 2298 '

331 2393 555 2485 affectuose
582 2403 623 2478 sst
650 2396 853 2478 humiliter
880 2395 1068 2478 hortetur
1082 2399 1400 2484 'circumstantes
1428 2411 1473 2480 vt
1500 2399 1650 2507 singuli
1675 2425 1800 2487 smum
1827 2398 1956 2481 dicant
1990 2415 2075 2525 pater

333 2527 470 2597 moster
498 2537 576 2622 pro
605 2506 812 2589 animabus
839 2507 989 2698 guibus
1018 2509 1179 2591 missam
1208 2511 1486 2598 celebraturus
1515 2526 1587 2606 est,
1629 2510 1726 2592 volo
1757 2513 1894 2592 eciam.
1919 2509 2011 2621 quod
2033 2509 2075 2590 dr·
2143 2541 2144 2558 Ν

330 2642 421 2708 ctus
450 2619 647 2705 sacerdos.
675 2618 763 2702 aliis
790 2619 843 2697 tri
875 2645 922 2699 us
956 2617 1116 2701 diebus
1136 2619 1345 2706 alternatis
1386 2621 1615 2732 septimanis
1655 2621 1841 2704 celebret
1880 2618 2074 2709 missamds

184 2799 188 2807 .
331 2753 472 2819 sancta
498 2734 625 2814 maria
654 2729 704 2811 de
732 2744 872 2810 sancto
898 2730 1099 2822 michaele,
1131 2729 1181 2815 de
1209 2732 1327 2816 beata
1347 2734 1479 2814 xmaria
1509 2731 1749 2842 magdalena
1787 2735 1839 2818 de
1866 2734 1973 2823 beato
1995 2734 2073 2812 nica

334 2850 401 2930 lao
428 2844 479 2928 dc
506 2857 645 2923 sancta
671 2839 854 2921 ltaterina
882 2839 934 2926 de
962 2857 1100 2923 sancta
1130 2861 1367 2954 margareta.
1395 2869 1488 2936 cum
1518 2871 1562 2925 se
1589 2844 1667 2936 sibi
1710 2844 1886 2938 facultas
1918 2844 2071 2934 obrutae.
2142 2853 2144 2910 ἕ

332 2963 384 3044 de
413 2957 606 3068 pensione
633 2967 768 3033 autem
795 2953 951 3062 relique
977 2970 1085 3034 terre
1113 2983 1237 3066 quarn
1251 2956 1396 3038 -habeo
1424 2957 1467 3036 in
1487 2972 1663 3075 saxtorp.
1684 2957 1784 3040 volo
1798 2957 1908 3070 quod
1921 2955 1997 3038 inde
2014 2955 2069 3032 sic·

331 3073 438 3180 gulis
466 3067 582 3148 annis
610 3065 653 3144 in
680 3062 806 3144 ebore
836 3063 1023 3146 lundensi
1044 3090 1156 3147 meus
1182 3083 1327 3177 agatur
1355 3068 1724 3160 anniuersarias&
1752 3072 1880 3178 patris
1900 3070 2072 3158 meiana·

333 3183 406 3261 tris
434 3205 531 3258 mee.
560 3176 618 3285 jta
646 3171 758 3287 quod
786 3176 829 3256 in
857 3175 1024 3283 singulis
1053 3178 1340 3259 anniuersariis
1368 3176 1533 3261 dimidia
1562 3204 1696 3260 marca
1723 3179 1973 3262 denariorum
2004 3173 2074 3255 oiia

228 3363 233 3372 ,
333 3311 460 3378 ratur,
503 3299 644 3399 quam‘
666 3287 762 3368 volo
802 3285 932 3368 diuidi
973 3289 1078 3370 inter
1122 3291 1338 3371 canonicos
1379 3297 1419 3371 8<
1447 3292 1618 3371 vicarios
1646 3293 1718 3402 qui
1760 3293 1908 3402 vigiliis
1939 3287 2074 3370 &mise

335 3401 604 3484 interfuerint.
634 3409 759 3507 prout
784 3395 953 3478 domino
980 3399 1133 3482 decano
1163 3407 1203 3482 ssr
1232 3403 1412 3511 capitulo
1440 3429 1587 3512 equum
1617 3405 1749 3484 visum
1776 3403 1901 3485 luerit
1926 3404 2012 3482 Jtem
2027 3422 2075 3477 va

250 3537 259 3548 ·
335 3515 376 3596 lo
404 3510 517 3624 quod
544 3509 595 3592 de
623 3537 679 3590 ea.
705 3509 758 3592 ¹ad
790 3511 1005 3620 pitanciam
1019 3515 1309 3595 canonicorum
1323 3512 1403 3595 uie
1432 3514 1802 3596 anniuersariimei.
1834 3544 1884 3596 ex
1910 3527 2007 3623 parte
2018 3531 2075 3599 1⁰0²

333 3626 455 3707 detur
470 3621 635 3705 dimidia
649 3621 810 3700 marcha
838 3621 1098 3704 denariorum
1120 3625 1366 3734 pauperibus
1394 3625 1628 3716 scolaribus.
1658 3625 1738 3706 due
1768 3655 1841 3707 ore
1869 3625 2074 3718 denariorum

186 3735 193 3743 ’
335 3739 421 3818 aliis
449 3732 697 3846 pauperibus
725 3729 805 3816 due
832 3757 903 3811 ore
931 3732 1200 3816 denariorum.
1231 3735 1365 3845 siquid
1394 3752 1526 3826 autem
1560 3735 1766 3828 residuum
1796 3738 1919 3818 fuerit
1944 3734 1987 3817 de
2008 3754 2076 3840 peut

334 3851 448 3930 sione
466 3861 696 3926 memorata.
726 3843 820 3925 volo
845 3841 961 3954 quod
982 3843 1076 3925 inde
1092 3863 1314 3955 procurent
1328 3847 1549 3927 necessaria
1564 3850 1689 3957 ipsius
1717 3849 1855 3936 altaris
1869 3852 1964 3932 Jtem
1984 3838 2075 3924 ,ecclc

92 4049 96 4058 ,
192 4040 194 4046 ,
337 3964 393 4041 sic
423 3959 602 4040 omnium
630 3971 873 4039 samtorum.
894 3980 1080 4036 ¹marcam
1098 3955 1369 4045 denariorum.
1398 3959 1574 4051 Ecclesia
1602 3961 1731 4040 sancti
1757 3957 1942 4068 petriad
1966 3951 2077 4037 monia

339 4073 396 4152 les
424 4096 597 4150 marcam
626 4065 883 4148 denariorum
919 4065 1094 4152 Ecclesia
1121 4069 1420 4177 predicatorum
1449 4097 1620 4156 marcam
1649 4070 1916 4152 denariorum.
1945 4059 2076 4150 Ecclesit

338 4183 539 4265 minorum
568 4206 742 4258 marcam
771 4179 1030 4260 denariorum
1072 4178 1126 4260 ad
1165 4195 1354 4260 ornatum
1402 4196 1540 4260 sancte
1569 4183 1717 4262 crucis·
1741 4210 1823 4290 que
1864 4199 1922 4262 est
1959 4183 1994 4260 in
2027 4171 2077 4252 cri·

196 4369 197 4377 a
339 4310 421 4402 pta.
449 4307 629 4402 quatuor
654 4315 810 4369 marcas
834 4287 1097 4378 denariorum
1126 4292 1301 4400 Singulis
1312 4291 1591 4386 vsacerdotibus
1606 4291 1873 4375 lundensibus
1903 4279 2077 4400 parrochiis

340 4400 671 4492 deseruientibus.
718 4427 831 4479 oram
859 4398 1117 4488 denariorum
1147 4403 1322 4492 Ecclesia
1353 4402 1486 4511 dalby.
1517 4403 1556 4482 Il
1584 4425 1734 4484 marcas
1763 4400 2006 4494 denariorum
2028 4394 2077 4472 Eu

338 4513 459 4594 clesie
474 4511 742 4619 tumaetborp.
772 4511 811 4589 ll
839 4539 992 4594 marcas
1032 4513 1290 4600 denariorum
1318 4514 1492 4605 Ecclesia
1521 4511 1777 4624 krysetharp.
1807 4541 1973 4596 marcam
1992 4505 2079 4589 deua-

261 4661 265 4668 ·
341 4627 494 4706 riorum
524 4622 697 4704 Ecclesia
725 4620 1010 4706 waemundelei
1034 4652 1205 4719 marcam
1241 4622 1499 4715 denariorum
1542 4625 1718 4709 Ecclesie
1758 4631 1923 4734 santorp
1949 4635 2079 4708 marcam

342 4735 599 4826 denariorum
630 4731 805 4824 Ecclesia
832 4731 1071 4820 helmstathe
1099 4737 1141 4817 in
1166 4733 1370 4826 hallandia
1399 4733 1602 4827 marcham
1642 4727 1901 4824 denariorum
1926 4753 1964 4816 et
1985 4750 2079 4812 sacer·

338 4845 429 4928 doti
456 4841 621 4936 dimidia
648 4872 792 4924 marca.
848 4845 938 4938 ”De
965 4846 1055 4927 hoc
1083 4861 1382 4952 testamenta
1409 4846 1618 4954 ampli-us
1650 4848 1816 4961 legere
1844 4875 1938 4930 non
1964 4831 2079 4952 potul·

343 4957 438 5038 nisi
481 4955 824 5062 interpolatim
865 4983 955 5064 per
982 4959 1137 5065 pauca
1181 4953 1340 5059 verba„
1377 4959 1434 5038 'ln
1468 4959 1569 5041 line
1599 4959 1925 5062 sicfhabeturl’
1968 4953 2080 5032 Datum
2143 4969 2144 4976 ¹

342 5064 528 5178 lugdunj.
555 5065 665 5150 anno
688 5065 849 5191 udorninj
872 5065 1188 5170 ,mcccxxutt
1219 5067 1272 5197 jn
1300 5071 1474 5174 crastimo
1503 5069 1919 5202 assumpciqnisgbeate
1939 5056 2078 5170 virginis
