4406 5966
861 478 920 500 ....
1029 429 1280 544 727'...

148 674 363 784 8812·
434 677 437 698 ¹
495 803 499 808 Ι
802 704 953 814 1279
998 663 1048 773 d
1093 703 1168 778 aa
1215 665 1357 816 Sept
1464 708 1512 786 Q
1732 669 1965 788 Viterbo.

198 921 207 934 .
248 894 338 958 Pan.
359 893 513 956 Nicotaus
525 885 780 970 lttaltetanning
798 887 851 966 till
871 885 1059 952 llrle-Bislo
1100 885 1245 950 niLund
1265 895 1327 966 att,
1348 887 1399 952 till
1419 886 1487 959 dass
1507 885 1637 972 tndrlng
1656 888 1844 978 fb‘rspordeg
1854 891 1964 978 hmje

300 979 374 1039 sdn-
393 973 456 1036 eeh
476 969 660 1056 bdgtidsdag
679 971 833 1116 bannlgsa
851 970 1031 1034 Prinsessan
1080 990 1178 1048 uras,
1205 991 1272 1033 som
1293 971 1361 1052 gdtt
1380 991 1419 1034 ur
1439 971 1571 1053 kloster,
1591 973 1734 1056 tillegnat
1754 977 1798 1058 δῖε
1819 977 1968 1060 guffiffigt
2107 974 2111 986 .

150 1033 154 1040 ¹
231 1045 240 1051 ’
298 1055 494 1139 klostergods
513 1065 608 1134 samt,
628 1051 757 1116 caltadt
799 1053 1408 1140 eeptminnetser‚1²‚afv.eucosme
1426 1056 1481 1120 th
1501 1056 1591 1137 bref,
1612 1055 1674 1122 och
1694 1077 1735 1124 en
1754 1060 1774 1122 t
1794 1059 1965 1148 Biskopu.

299 1161 354 1205 nes
381 1141 394 1204 i
415 1141 516 1204 stam
536 1136 597 1206 ocb
618 1137 794 1225 Linlb‘ping
818 1145 937 1222 vtgnar
955 1135 1054 1218 sledd
1074 1137 1292 1224 bennlysning,
1312 1137 1341 1220 ej
1361 1136 1532 1204 servanda
1573 1173 1578 1184 ι

1645 1219 1682 1282 Ιι.
1702 1239 1742 1282 tos
1761 1239 1834 1296 ποορ.

331 1360 559 1455 Nicotaus,
586 1357 831 1466 Episcopus,
859 1381 1000 1438 servus
1035 1381 1243 1438 servorum
1279 1354 1367 1453 Dei,
1395 1355 1631 1441 Venerabili
1658 1356 1778 1441 fratri
1806 1419 1816 1440 .
1848 1421 1858 1442 .
1886 1366 1964 1444 Ar·

165 1471 425 1580 chiepiscopo
459 1466 667 1550 Lundensi
709 1469 880 1550 salutem
915 1466 1247 1577 &apostolicam
1289 1464 1626 1552 benedictionem.
1656 1471 1738 1553 Sua
1766 1470 1885 1553 nobis
1913 1531 1922 1553 .
1955 1535 1966 1556 .

163 1583 360 1664 Priorissa
387 1587 429 1663 &
456 1583 690 1662 Conventus
718 1579 952 1661 monasterii
981 1592 1119 1660 sancte
1146 1577 1315 1686 Agnetis
1343 1576 1635 1679 Roskildensis,
1664 1579 1818 1665 ordinis
1832 1583 1966 1667 sancti

165 1694 401 1802 Augustini,
429 1688 654 1774 secundum
681 1693 865 1773 instituta
894 1696 935 1772 &
965 1690 1043 1773 sub
1071 1717 1169 1770 cura
1203 1687 1377 1771 fratrum
1418 1689 1723 1774 predicatorum
1762 1695 1965 1795 viventes,

164 1805 361 1915 petitione
390 1819 688 1902 monstrarunt,
717 1801 829 1914 qvod
855 1804 990 1902 lutta,
1032 1800 1113 1883 filia
1142 1799 1249 1884 clare
1291 1799 1481 1883 memorie
1522 1803 1631 1886 Erici
1671 1804 1793 1914 Regis
1820 1806 1965 1906 Dacie,

164 1941 283 1998 soror
311 1915 492 2025 professa
519 1915 646 2025 ipsius
674 1917 925 2016 monasterii,
954 1932 1169 2026 postqvam
1196 1911 1256 1994 ibi
1283 1910 1549 2021 sollempnem
1584 1911 1876 2024 professionem
1904 1915 1966 1999 fe·

152 2044 295 2126 cerat,
322 2033 361 2109 &
389 2026 461 2110 diu
488 2042 715 2136 gestaverat
740 2025 927 2110 habitum
954 2025 1199 2136 regularem,
1227 2024 1516 2107 monasterium
1552 2025 1685 2135 ipsum
1718 2025 1869 2144 absqve
1897 2055 1966 2110 su-

163 2140 371 2330 periorum
399 2166 567 2221 suorum
595 2137 758 2221 licentia
785 2140 941 2237 exiens,
969 2137 1111 2220 eodem
1136 2135 1282 2219 babitu
1307 2152 1459 2218 temere
1491 2132 1708 2237 derelicto,
1750 2166 1825 2248 per
1852 2166 1967 2222 secu·
2065 2203 2066 2208 Ν

180 2278 249 2330 um
277 2249 589 2360 dampnabiliter
615 2265 829 2359 evagatur,
857 2247 1049 2362 qva'sdam
1078 2265 1227 2346 terras,
1255 2248 1526 2357 possessiones
1555 2254 1595 2331 8c
1621 2249 1701 2330 alia
1735 2248 1845 2334 bona
1873 2276 1967 2360 pre·
2061 2267 2066 2279 ‘
2144 2351 2148 2359 Ι

164 2359 264 2444 dieti
293 2363 526 2444 monasterii
555 2389 630 2472 per
656 2361 892 2444 violentiam
915 2387 1141 2470 occupans,
1169 2361 1214 2439 in·
1242 2362 1374 2441 anime
1400 2384 1473 2440 sue
1488 2349 1968 2469 periculum,detri1nen·

166 2489 253 2555 tum
282 2472 381 2555 dicti
409 2475 651 2569 monasterii,
679 2472 984 2554 &scandalum
1011 2471 1291 2584 plurimorum.
1326 2471 1379 2552 Et
1408 2470 1501 2553 licet
1531 2471 1714 2581 predicta
1741 2474 1776 2555 J.
1816 2473 1970 2583 pluries

164 2585 441 2668 &caritative
470 2586 627 2666 monita
666 2581 809 2681 fuerit,
838 2600 886 2667 ut
917 2582 972 2665 ad
1013 2581 1303 2668 monasterium
1344 2579 1574 2688 predictum
1620 2581 1791 2683 rediret,
1820 2601 1969 2690 terras,

162 2701 433 2807 possessiones
461 2702 503 2779 8r
531 2696 642 2778 bona
677 2695 861 2807 predicta
893 2693 1024 2778 eidem
1065 2695 1300 2792 restituens,
1331 2694 1357 2774 'i
1386 2721 1430 2776 sa
1458 2711 1595 2778 tamen
1622 2694 1666 2780 id
1694 2693 1851 2778 efficere
1893 2695 1970 2780 ob·

161 2809 314 2890 stinato
344 2809 478 2891 animo
505 2834 593 2890 non
619 2808 833 2891 curaverit.
865 2808 1048 2920 Cumqve
1075 2805 1202 2889 felicis
1229 2833 1346 2888 recor
1401 2807 1522 2890 tionis
1550 2809 1776 2917 Gregorius
1801 2809 1912 2920 Papa
1926 2807 1969 2891 X

162 2916 423 3026 predecessor
457 2935 632 3019 noster,
684 2918 986 3002 venerabilibus
1039 2917 1237 3000 fratribus
1278 2918 1427 3000 nostris
1457 2979 1467 3003 .
1497 2979 1508 3000 .
1537 2980 1547 3001 .
1576 2917 1766 3002 Skarensi
1809 2923 1850 3001 &
1877 2980 1888 3000 .
1919 2981 1967 3002 ..

162 3031 407 3140 Lincopensi
434 3033 649 3141 Episcopie
677 3033 759 3113 suis
787 3029 962 3117 dedisset
990 3031 1136 3113 litteris
1164 3030 1208 3110 in
1235 3026 1451 3126 mandatis,
1480 3045 1527 3112 ut
1555 3031 1589 3112 si
1605 3031 1662 3112 eis
1690 3031 1748 3111 ita
1762 3055 1847 3112 esse
1868 3057 1968 3114 oon·
2071 3135 2074 3140 Ι

149 3150 299 3238 'staret
328 3138 478 3222 dictam
506 3145 540 3224 J.
569 3142 682 3258 qvod
709 3141 762 3224 ad
789 3142 994 3252 prefatum
1023 3142 1313 3224 monasterium
1340 3139 1494 3224 rediret
1507 3141 1585 3224 sub
1599 3141 1859 3226 observantia
1873 3168 1967 3251 pre·

161 3252 263 3335 dicti
290 3251 447 3335 or'dinis
476 3259 516 3334 &
544 3253 670 3363 ipsius
698 3255 892 3337 Priorissa
920 3253 1152 3337 obedientia
1179 3268 1407 3352 moratura,
1435 3253 1656 3337 monitione
1684 3252 1877 3363 premissa
1891 3279 1968 3364 per

57 3403 59 3410 ¹
161 3390 371 3446 censuram
401 3364 730 3465 Ecclesiasticam,
757 3365 1032 3477 appellatione
1059 3357 1301 3475 postposita,
1329 3379 1576 3448 coartarent.
1604 3364 1722 3446 Prior
1750 3391 1798 3447 ac
1823 3366 1968 3449 Petrus

161 3473 400 3558 Gutbrandi
428 3474 553 3558 frater
580 3476 724 3559 domus
753 3476 1031 3560 lloslrildensis
1059 3475 1215 3560 ordinis
1248 3472 1527 3586 predictorum
1567 3473 1740 3558 fratrum
1779 3474 1966 3586 predica·

159 3606 314 3683 torum,
343 3586 492 3697 qvibus
520 3587 694 3697 predicti
722 3590 916 3698 Episcopi
942 3588 1225 3672 commiserant
1252 3613 1375 3694 super
1403 3589 1482 3669 hoc
1510 3585 1692 3669 totaliter
1719 3587 1828 3667 vices
1855 3613 1962 3688 suas,

158 3699 391 3810 qvibusque
433 3695 485 3781 de
512 3700 732 3808 premissis
758 3699 934 3808 legitime
963 3699 1165 3796 constitit,
1206 3699 1361 3779 luttam
1387 3695 1614 3807 predictam
1653 3698 1849 3780 canonice
1876 3723 1964 3782 mo·

111 3802 116 3812 ’
158 3827 338 3892 nuerunt
368 3811 608 3892 auctoritate
636 3809 871 3918 hujusmodi
898 3811 1145 3910 litterarum,
1167 3823 1215 3888 ut
1241 3807 1295 3891 ad
1322 3807 1551 3920 predictum
1579 3809 1867 3898 monasterium
1894 3837 1960 3892 re·

158 3921 265 4019 dire,
295 3922 440 4006 &sibi
470 3938 618 4020 terras,
654 3923 923 4032 possessiones
951 3928 992 4004 &
1019 3921 1127 4002 bona
1156 3917 1338 4030 predicta
1379 3920 1610 4018 restituere,
1638 3947 1687 4002 ac
1714 3917 1844 4002 eidem
1871 3923 1960 4003 Pri-

158 4034 283 4115 orisse
312 4031 585 4116 obedientiam
613 4035 947 4115 &reverentiam
992 4031 1171 4115 debitam
1211 4031 1401 4114 exhibere
1448 4047 1627 4126 curaret,
1655 4036 1696 4114 &
1722 4031 1888 4116 tandem
1915 4035 1961 4116 in

157 4148 306 4256 ipsam,
334 4147 429 4258 qvia
458 4144 501 4227 id
531 4145 662 4227 facere
690 4145 982 4226 contumaciter
1021 4143 1258 4252 denegavit,
1285 4141 1387 4224 nihil
1419 4140 1661 4225 rationabile
1698 4171 1956 4254 proponens,

157 4284 282 4367 qvare
310 4261 388 4339 hoc
413 4256 550 4338 facere
564 4283 649 4338 non
678 4253 854 4354 deberet,
884 4252 1310 4337 excommunicationis
1338 4253 1581 4336 sententiam
1598 4254 1781 4361 exigente
1801 4255 1959 4364 justitia

157 4369 488 4477 promulgarunt,
516 4395 638 4478 qvam
675 4368 787 4450 Jutta
815 4365 999 4477 predicta
1021 4362 1337 4474 dampnabiliter
1353 4381 1633 4462 contemnens,
1661 4389 1750 4446 eam
1778 4393 1852 4476 per
1865 4368 1960 4476 plu·

159 4506 223 4560 res
249 4476 380 4558 annos
407 4479 599 4559 sustinuit
626 4478 760 4560 animo
788 4477 989 4562 indurato.
1018 4480 1153 4582 Qvare
1183 4472 1288 4584 dicte
1308 4477 1504 4559 Priorissa
1530 4481 1572 4556 &
1600 4492 1825 4559 conventus
1838 4478 1957 4563 nobis

156 4589 363 4669 humiliter
392 4589 694 4698 supplicarunt,
724 4605 771 4669 ut
799 4587 968 4670 eandem
995 4586 1237 4669 sententiam
1264 4581 1393 4669 robur
1422 4588 1643 4670 faceremus
1671 4587 1957 4672 firmitatisde·

156 4701 286 4786 bitum
316 4700 512 4782 obtinere.
541 4701 743 4805 Qvocirca
770 4698 1014 4783 fraternitati
1040 4716 1109 4781 tue
1138 4725 1211 4806 per
1244 4697 1467 4808 apostolica
1508 4700 1660 4810 scripta
1700 4698 1955 4801 mandamus,

157 4811 349 4921 qvatinus
372 4813 612 4892 sententiam
639 4812 787 4921 ipsam,
814 4813 918 4894 sicut
945 4807 1241 4897 rationabiliter
1270 4827 1330 4890 est
1358 4810 1534 4920 prolata,
1564 4807 1685 4892 facias
1711 4812 1952 4895 auctoritate

156 4939 295 5003 nostra
324 4941 474 5032 tuaqve
501 4922 553 5005 ad
585 4921 898 5020 satisfactionem
927 4920 1186 5029 condignam,
1215 4921 1486 5030 appellatione
1514 4937 1681 5019 remota,
1701 4921 1955 5004 ‘inviolabili-

157 5049 220 5115 ter
248 5033 467 5118 observari.
497 5033 541 5116 Si
568 5063 666 5120 vero
695 5036 807 5118 Jutta
836 5032 1019 5147 predicta
1048 5033 1197 5118 dictam
1227 5035 1483 5135 sententiam,
1519 5048 1733 5146 postqvam
1761 5060 1848 5120 eam
1876 5035 1955 5119 rite
