4382 5964
781 391 1031 502 *6⁵9
1104 387 1201 461 ·...

103 628 214 712 eione
241 614 528 722 diffiniuimus,
555 616 598 696 8(
624 626 750 725 prout
777 637 902 726 super
942 611 1039 712 boc,
1086 612 1219 726 sigilla
1259 616 1442 700 omnium
1467 629 1673 716 nostrum,
1715 643 1896 728 appensa
1971 603 1975 610 ’

80 741 368 822 .instrumcnto
398 754 522 838 super
544 723 625 810 hcc
653 723 861 824 conlecto,
888 723 1039 810 clarius
1071 742 1385 837 protestantur·
1416 727 1595 813 Proinde
1636 725 1773 842 siquid
1813 728 1894 812 sol·

104 842 276 931 nendum
305 854 492 952 superest
518 834 570 920 de
597 862 648 919 eo
675 836 790 949 quod
804 837 1041 924 tenebamur
1054 863 1134 950 pro
1147 837 1289 924 lfratre
1311 858 1451 925 nostro
1477 838 1582 924 duce
1594 840 1737 940 Erico,
1765 868 1896 953 usque
1960 893 1963 909 ·

101 955 151 1040 ad
179 949 505 1066 supplementum
533 947 760 1060 plenarium
789 947 1030 1061 deputamus
1057 950 1210 1060 curiam
1225 969 1415 1051 nostram,
1430 970 1566 1053 tunar,
1594 955 1895 1036 exsecumonem

99 1067 204 1156 illius
218 1073 258 1149 8(
272 1065 541 1160 solucionem,
560 1057 698 1174 siquid
725 1058 861 1159 luerit,
890 1060 1056 1146 domino
1084 1058 1329 1174 lincopensi,
1355 1071 1395 1146 8(
1422 1063 1578 1147 decano
1605 1062 1783 1164 eiusdem
1804 1062 1896 1164 loci,

100 1177 276 1264 totaliter
291 1175 598 1261 committentes.
634 1169 716 1255 Sed
730 1174 826 1286 quia
841 1172 961 1257 iacta.
976 1174 1207 1258 mortalium
1236 1174 1462 1262 obliuionis
1484 1177 1682 1261 iactrrram
1709 1177 1897 1258 tendunt

99 1293 174 1376 nisi
202 1289 460 1373 munimentis
487 1284 718 1368 litterarum
741 1283 962 1398 alligentur
988 1290 1030 1369 &
1064 1313 1203 1369 earum
1231 1285 1481 1370 adminiculo
1506 1289 1558 1372 ab
1587 1287 1807 1370 obliuionis
1833 1288 1897 1370 in·

5 1475 6 1480 ,
99 1403 223 1488 teritu
249 1399 534 1486 defendantur.
549 1438 554 1446 ·
568 1395 722 1481 idcirco
750 1416 980 1508 presentem
1007 1398 1169 1498 seriem,
1208 1398 1342 1510 sigillo
1364 1401 1528 1483 'nostro
1550 1399 1717 1483 dilecte
1758 1399 1897 1482 vxoris
2011 1466 2014 1474 .
2059 1409 2061 1416 ’
2128 1407 2131 1416 ’

12 1565 16 1568 -
100 1532 248 1611 nostre,
277 1513 507 1624 Dilectique
535 1506 691 1594 liranis
716 1511 848 1593 nostri
875 1511 1039 1593 Domini
1067 1509 1121 1594 .Β.
1153 1508 1266 1594 ducis
1294 1508 1506 1609 finlandie,
1519 1539 1679 1594 necnon
1706 1514 1748 1595 8(
1774 1539 1896 1594 vene·

100 1625 290 1708 nubilium
319 1642 499 1734 patrum,
529 1621 692 1704 Domini
705 1621 1000 1734 archiepiscopi
1027 1621 1261 1732 upsalensis,
1294 1651 1341 1704 ac
1369 1639 1599 1705 ceterorum
1617 1621 1897 1734 suffraganeo-

4 1833 6 1840 Ι
100 1765 192 1819 rum
219 1737 337 1846 regni
366 1734 513 1830 nostri,
541 1734 797 1818 communire
806 1733 1068 1820 deceruimus.
1097 1736 1213 1818 vt'sic
1226 1733 1462 1844 scrupulum
1477 1733 1749 1818 dubitacionis
1762 1736 1897 1818 euius·

101 1875 289 1959 cumque,
316 1875 398 1960 que
426 1845 605 1930 suboriri
618 1846 746 1958 possit
759 1847 803 1929 in
817 1861 1043 1958 posterum,
1071 1845 1265 1956 explodat
1285 1845 1457 1935 faciliter
1482 1850 1524 1927 &
1552 1864 1790 1956 compescat.
1820 1847 1897 1927 Ce-

99 1973 232 2041 terum
261 1987 314 2041 ne
342 1959 395 2042 de
423 1959 597 2071 receptis
623 1956 937 2056 curialitatibus,
964 1957 1175 2042 laboribus
1204 1963 1245 2041 8(
1271 1956 1474 2066 seruicijs,
1501 1955 1727 2040 iudicemur
1759 1958 1897 2039 imme·
1953 1994 1955 2001 ’

99 2097 234 2154 mores
262 2084 331 2152 aut
357 2069 517 2180 ingrati
554 2068 744 2154 omnibus
772 2071 904 2180 Regni
932 2070 1080 2168 nostri,
1109 2071 1341 2182 Episcopis,
1368 2069 1543 2166 clericis,
1569 2067 1796 2166 nobilibus,
1823 2067 1897 2150 mi-

33 2256 37 2263 .
99 2183 261 2279 litibus,
289 2182 497 2293 armigeris
525 2207 573 2263 ae
601 2176 763 2264 famulis
791 2183 1008 2280 vniuersis,
1049 2181 1101 2264 de
1128 2196 1298 2291 recepto
1323 2179 1467 2263 fanore
1495 2184 1536 2261 8(
1560 2177 1671 2262 fideli
1706 2181 1899 2278 seruieio,

97 2321 148 2376 ex
178 2295 323 2375 intimo
350 2291 494 2393 corde,
522 2295 748 2404 graciarum
776 2291 987 2376 referimus
1015 2292 1206 2390 actiones,
1233 2309 1441 2375 monentes
1470 2292 1701 2388 instaneius,
1729 2289 1899 2374 allectu-

14 2489 17 2498 ,
98 2406 293 2517 osiusqoe
319 2423 526 2514 rogantes,
554 2405 759 2510 Quatinus
786 2405 864 2489 hoe
898 2402 1006 2486 idem
1034 2402 1239 2486 fidelitatis
1265 2409 1307 2486 8(
1333 2403 1519 2515 obsequij
1548 2401 1774 2500 vinculum,
1803 2429 1901 2512 erga

97 2514 290 2600 dilectam
318 2543 486 2598 vxorem
512 2531 694 2598 nostram
722 2520 763 2596 8(
791 2515 966 2626 prolem,
1007 2515 1157 2624 singuli
1183 2514 1315 2599 velitis
1341 2517 1385 2596 in
1413 2531 1622 2625 posterum
1663 2513 1832 2596 firmiter
1859 2519 1900 2596 8(

96 2625 395 2718 inuiolabiliter
423 2625 654 2710 obseruare.
690 2630 880 2737 insuper,
915 2627 1013 2737 quia
1055 2640 1310 2709 mortuorum
1352 2627 1565 2724 memoria,
1590 2625 1899 2733 utplurimum,

99 2735 415 2848 surrepentibus
457 2740 580 2821 secrdi
608 2739 717 2821 euris
745 2743 784 2820 &
806 2735 1167 2835 sollicitudinibus,
1193 2765 1218 2819 a
1246 2736 1449 2824 mentibus
1479 2737 1584 2822 solet
1611 2734 1718 2838 elabi
1758 2763 1900 2847 super·

96 2852 257 2947 stitum,
286 2851 414 2959 magis
445 2877 495 2931 ue
519 2851 631 2959 pium
662 2855 703 2933 8(
729 2850 980 2932 meritorium
1018 2875 1103 2930 esse
1145 2849 1389 2946 dinoscitur,
1416 2865 1515 2930 tunc
1540 2849 1690 2960 cuique
1716 2846 1900 2929 sollicitis
2037 2893 2061 2934 ,·

95 2959 321 3046 subuenire
349 2877 575 3072 suflrugijs,
603 2963 797 3072 quoniam
834 2963 921 3072 ipse
962 2960 1040 3044 sibi
1068 2976 1129 3043 est
1155 2962 1323 3044 omnino
1364 2961 1567 3071 impotens
1594 2965 1636 3042 8(
1661 2973 1778 3040 extra
1819 2973 1900 3040 sta·

95 3093 189 3156 tum
218 3072 352 3153 meriti
379 3071 445 3153 vel
472 3071 657 3156 demeriti
686 3073 941 3157 constitutus.
971 3072 1126 3155 idcireo
1151 3100 1202 3156 ne
1229 3071 1421 3155 memoria
1461 3088 1619 3170 nostra,
1660 3068 1780 3151 simul
1809 3097 1902 3152 cum

24 3181 29 3184 ’
95 3186 241 3269 sonitu
269 3209 557 3292 campanarum
584 3202 726 3295 pereat
752 3183 823 3268 sed
852 3186 895 3266 in
923 3184 1003 3296 pijs
1035 3183 1210 3266 fidelium
1249 3180 1459 3293 desiderijs
1489 3184 1626 3294 vigeat
1653 3185 1695 3285 8(
1721 3178 1902 3264 radicata

95 3310 321 3379 remaneat.
351 3295 523 3376 animam
550 3312 730 3386 nostram
744 3300 867 3380 sacris
880 3295 1138 3380 oracionibus
1152 3296 1344 3393 omnium,
1358 3295 1648 3408 cuiuscumque
1660 3294 1744 3375 sint
1770 3293 1902 3390 etatis,
2014 3387 2018 3395 ,

96 3424 254 3503 status,
283 3403 551 3504 condicionis,
581 3407 789 3520 religionis
816 3408 882 3494 vel
909 3407 1083 3506 ordinis,
1111 3406 1189 3490 sub
1217 3433 1289 3524 spe
1318 3413 1358 3488 8(
1385 3433 1522 3492 amore
1542 3405 1736 3490 mercedis
1750 3421 1901 3502 eterne,

97 3519 216 3603 omni
229 3515 464 3600 deuoeionis
479 3515 631 3600 allecto
659 3545 744 3634 quo
770 3545 986 3635 possumus
1013 3519 1216 3605 humiliter
1230 3516 1621 3622 recommendamus,
1650 3514 1901 3628 postulantes

101 3639 143 3714 8(
158 3644 347 3741 petentes
362 3625 412 3711 de
428 3630 563 3736 gracia
579 3633 798 3718 &munere
827 3630 1009 3741 speciali,
1037 3628 1151 3742 quod
1178 3629 1353 3742 quilibet
1374 3630 1600 3746 Episcopus
1626 3629 1670 3714 in
1696 3653 1770 3712 sua
1797 3625 1900 3736 dyo-

93 3744 186 3836 cesi
216 3747 255 3822 &
283 3737 469 3843 ecclesia,
502 3741 545 3828 in
577 3743 810 3831 memoria-m
838 3744 968 3830 nostri
1011 3740 1147 3854 aliqua
1196 3741 1384 3854 specialia
1419 3739 1612 3849 suffragia
1640 3737 1834 3849 dignetur
1861 3743 1901 3820 8(

93 3850 203 3939 'velit
231 3853 496 3956 constituere,
523 3850 790 3963 anniuersarij
817 3855 958 3951 nostri,
986 3853 1160 3940 termino
1187 3869 1433 3940 recurrente.
1462 3851 1593 3937 Huius
1618 3867 1753 3937 autem
1780 3865 1901 3933 testa·

93 3965 229 4060 menti
268 3963 419 4068 nostri,
461 3960 737 4056 ordinacionis
770 3963 812 4047 8(
837 3965 975 4050 ultime
1020 3965 1260 4067 uoluntatis,
1301 3976 1558 4052 exsecutores
1596 3961 1900 4058 constituimus,
2023 3965 2036 4076 Ἰ

47 4181 54 4186 .
94 4075 304 4170 Dilectam
330 4072 561 4167 consortem
589 4092 789 4174 nostram,
815 4073 1009 4166 dilectum
1024 4074 1208 4169 llratrem
1239 4091 1422 4166 nostrum
1436 4071 1659 4162 dominnm
1674 4072 1727 4162 ‚B.
1756 4069 1902 4156 ducem

72 4185 315 4293 liniendis,
344 4185 595 4282 venerabiles
624 4204 779 4298 patres,
806 4185 1015 4282 dominum
1036 4187 1385 4298 archiepiscopum
1406 4184 1670 4296 vpsalensem,
1698 4189 1739 4267 8(
1766 4209 1904 4264 omncs

92 4296 400 4407 suffraganeos,
429 4297 640 4394 dominum
667 4298 981 4396 cancellarium,
1010 4298 1219 4392 dominum
1246 4296 1497 4416 dapiierum,
1525 4321 1745 4424 omnesque
1770 4297 1903 4378 consi.
1991 4353 1995 4360 ,
2101 4339 2103 4346 .

95 4409 247 4492 liarios
273 4423 453 4508 nostros,
481 4435 587 4521 quos
614 4431 825 4508 monemus
850 4410 1054 4510 ‚attendas
1080 4409 1379 4520 instantiusque
1395 4434 1605 4519 rogamus,
1631 4423 1678 4490 vt
1705 4434 1750 4493 sn
1763 4422 1901 4490 eterne
1985 4461 1990 4472 ·

93 4521 393 4604 retribucionis
424 4523 633 4621 meritum,
658 4521 734 4616 bec
761 4523 897 4606 omnia
911 4519 1231 4620 sinedilaeione,
1257 4518 1600 4619 dissimulatione,
1627 4515 1902 4605 diminucione

91 4629 148 4715 8(
174 4628 466 4738 impedimento
493 4633 697 4746 quolibet,
724 4651 870 4724 curent
896 4640 937 4717 8(
963 4648 1245 4746 promouetur,
1273 4633 1314 4746 s
1341 4629 1493 4722 iaciant
1513 4629 1685 4720 fideliter
1705 4628 1901 4740 expediri.

194 4741 411 4825 Datum&
423 4745 572 4825 nomm
585 4741 724 4829 marist
740 4751 861 4830 nnnc
881 4747 935 4830 ab
947 4744 1231 4840 inesrnselone
1251 4743 1427 4834 Domini,
1440 4740 1902 4850 lllffillelleXWnof

66 4855 400 4938 ''Comnacionis
427 4851 566 4936 nostre
592 4849 730 4970 Anno
755 4849 888 4952 vult
913 4857 968 4970 ln
994 4846 1329 4971 kathedrsllteali
1357 4843 1504 4978 'petrisl
1565 4873 1575 4922 ‘2
1607 4877 1624 4899 ’Δ
1699 4891 1703 4911 =
1755 4875 1772 4916 ‚z
1864 4847 1899 4912 sl
2014 4853 2020 4867 '

164 5019 168 5027 ·
307 4963 990 5156 Ptirdns'uian,medtnsslvetgnmmplu
1050 4989 1116 5100 p·
1163 4955 1804 5081 ‚onninamenbmrq'limsglilil‘
1893 5003 1900 5025 ²
2039 5041 2046 5054 .

216 5073 681 5172 -llfisotprertnbtlltensl
764 5077 1783 5192 ttnmgcnsngsll,arritltrtts,firnnet3ullorlenmlremlnas¹
