4368 5950
985 559 1041 584 u·
1161 544 1238 602 noo
1340 515 1406 640 ¹7-

301 739 429 822 tinere
457 737 572 847 quasi
600 759 684 852 non
714 737 968 839 inuenientes
998 761 1146 848 pascua
1176 737 1355 820 fastidito
1384 765 1527 822 manna
1555 739 1653 820 dum
1663 735 1876 846 suspirant
1891 736 1942 818 ad
1955 744 2061 850 egipti
2120 762 2121 767 ‘

294 849 403 929 ¹allea
433 854 471 926 8(
493 874 696 956 pepones.
725 867 895 928 currunt
923 845 980 931 ad·
1003 848 1458 957 scien‘rcias-lucratiuas.¹
1476 863 1695 946 statuentes
1730 852 1773 928 in
1807 863 1953 929 terram
1985 881 2063 936 suos
2161 875 2162 896 ²

302 959 456 1067 oculos
478 956 679 1040 declinare
715 975 759 1040 vt
788 961 911 1069 igitur
948 987 1021 1068 per
1042 962 1349 1069 interpaciones
1384 962 1537 1044 validas
1585 979 1793 1070 tamquam
1843 985 1917 1066 per
1938 966 2065 1068 *patris
2163 967 2164 1045 J

283 1069 469 1149 fverbera
499 1069 570 1148 filii
599 1071 831 1151 aberrantes
859 1071 910 1151 ad
939 1074 1075 1151 matris
1103 1070 1229 1150 vbera
1264 1075 1441 1153 reuocati
1470 1070 1582 1154 velut
1609 1071 1710 1180 pulli
1726 1067 1954 1180 ¹aquilarum
1982 1099 2067 1181 quc·
2164 1135 2166 1188 ἦ

298 1195 367 1259 ant
408 1179 641 1289 expedicius
689 1181 882 1262 aduolare
925 1210 973 1262 ac
1015 1181 1215 1262 inoffense
1260 1201 1379 1292 atque
1431 1185 1626 1264 libencius
1643 1182 1795 1262 '‘velint
1839 1185 1878 1259 8(
1923 1181 2068 1263 valeant
2165 1211 2166 1214 ‘

243 1343 247 1350 ‚
293 1313 464 1388 'currere
493 1294 535 1370 in
566 1291 730 1374 odorem
761 1291 963 1400 flagrantis
992 1295 1125 1401 gracie
1154 1296 1240 1374 iesu
1268 1295 1407 1374 christi
1436 1293 1486 1375 ad
1518 1291 1783 1374 hauriendum
1800 1291 1925 1400 aquas
1947 1295 2070 1373 vineas
2165 1363 2166 1380 t

299 1423 388 1481 cum
419 1399 568 1508 'gaudio
598 1400 648 1481 de
677 1404 857 1483 fontibus
884 1404 1107 1499 saluatoris,
1165 1401 1332 1484 uosdam
1374 1407 1507 1486 obices
1552 1427 1738 1483 amouere
1780 1400 1964 1510 cupimus
1988 1403 2071 1483 huic

256 1512 435 1590 „itineri
463 1510 702 1594 obsistentes
731 1519 770 1592 8(
798 1515 1017 1594 necessaria
1047 1432 1220 1624 quedam
1254 1533 1466 1596 annectere
1501 1514 1686 1622 hiisque
1730 1511 1783 1591 ab
1827 1515 2073 1595 antecessori·
2163 1579 2164 1599 ,

299 1623 377 1702 bus
405 1625 552 1702 nostris
581 1623 688 1714 edita
718 1639 814 1703 sunt
843 1625 895 1704 ab
924 1625 1019 1704 olim
1047 1623 1100 1705 ad
1128 1627 1463 1734 propagationem
1492 1625 1729 1734 propaginis
1744 1623 1957 1724 vitis'vera.
1985 1625 2074 1702 Cum
2162 1652 2164 1716 ι

297 1735 441 1842 itaque
470 1730 531 1812 de¹
549 1735 718 1843 singulis
747 1736 968 1844 prouinciis
1011 1735 1143 1846 puelle
1186 1736 1363 1842 speciose
1392 1765 1438 1817 ac
1474 1739 1650 1844 virgines
1694 1759 1770 1841 pro
1798 1761 1893 1841 rege
1924 1753 2074 1814 assuero
2163 1745 2164 1766 ¹

300 1845 374 1953 qui
401 1841 611 1930 beatitudo
634 1843 782 1925 dicitur
805 1873 878 1952 per
907 1847 1070 1925 ancillas
1099 1847 1214 1953 queri
1243 1842 1417 1925 debeant
1445 1863 1486 1926 et
1515 1843 1664 1926 adduci
1678 1844 1730 1925 ad
1743 1871 1873 1924 arcem
1890 1849 1932 1924 8(
1955 1845 2075 1923 menia

300 1954 475 2034 ciuitatis
504 1959 543 2033 8(
573 1983 645 2062 per
674 1984 837 2040 manum
865 1955 955 2063 agej
984 1953 1180 2035 mundum
1195 1955 1429 2037 muliebrem
1446 1961 1625 2064 accipere
1641 1955 1959 2034 necessariorum
1978 1953 2076 2033 vide·

301 2065 394 2142 licet
442 2062 686 2170 fulcimenta,
715 2065 901 2146 volumus
945 2071 985 2144 8(
1028 2065 1271 2146 mandamus
1304 2083 1348 2145 vt
1395 2084 1591 2146 statutum
1634 2065 1786 2146 editum
1829 2067 1872 2143 in
1917 2064 2078 2144 concilio
2124 2076 2127 2084 ’

299 2171 477 2284 generali
520 2174 570 2254 de
617 2177 814 2283 magistris
862 2174 1059 2283 theologis
1091 2203 1183 2282 sper
1231 2174 1407 2282 singulas
1458 2176 1720 2284 metropoles*¹
1754 2175 1980 2258 statuendis
2025 2177 2079 2252 in·

301 2282 550 2375 uiolabiliter
593 2285 831 2381 obseruetur
875 2284 1134 2369 decernentes
1177 2287 1343 2394 insuper
1371 2287 1422 2367 de
1451 2286 1620 2369 consilio
1649 2285 1820 2376 fratrum
1855 2302 2080 2392 nostrorum

300 2424 357 2482 ac:
375 2393 556 2476 districte
584 2397 847 2505 precipiendo
875 2393 1108 2478 mandantes
1135 2413 1180 2476 vt
1208 2399 1305 2505 quia
1333 2421 1454 2506 super
1484 2398 1564 2478 hoc
1588 2413 1758 2505 propter
1783 2397 1995 2502 raritatem
2009 2422 2080 2475 ma·
2161 2393 2164 2468 l

299 2509 518 2618 gistrorum
533 2534 587 2616 se
615 2527 782 2614 possent
808 2507 931 2616 aliqui
961 2506 1132 2591 forsitan
1160 2535 1360 2586 excusare.
1392 2509 1442 2592 ab
1473 2509 1729 2590 ecclesiarum
1763 2507 1932 2616 prelatis
1962 2513 2002 2586 8(
2028 2533 2083 2584 ca·

293 2614 439 2726 pitulis
468 2615 520 2696 ad
548 2617 750 2726 tholegice
778 2617 1039 2724 professionis
1082 2616 1259 2700 studium
1302 2619 1353 2698 ali
1383 2623 1427 2699 ui
1468 2619 1662 2700 docibiles
1704 2617 1980 2712 destinentur,
2022 2615 2084 2724 qui
2162 2599 2163 2644 ¹

242 2727 250 2741 “
301 2756 394 2809 cum
423 2724 534 2807 docti
562 2725 714 2807 fuerint
741 2729 785 2806 iu
813 2727 880 2836 dej
908 2728 1071 2808 ecclesia
1100 2728 1211 2808 velut
1241 2648 1436 2835 splendor
1448 2729 1630 2838 fulgeant
1650 2728 1900 2835 firmamentj.
1933 2755 1985 2806 cx
2004 2725 2085 2834 qui·

299 2839 378 2922 bus
406 2835 665 2945 postmodum
692 2838 808 2946 copia
836 2839 962 2947 possit
988 2838 1129 2919 haberi
1158 2836 1371 2919 doctorum
1406 2842 1479 2948 qui
1512 2841 1623 2921 velut
1661 2838 1774 2918 stelle
1802 2840 1845 2917 in
1873 2854 2088 2946 perpetuas

300 2948 531 3030 eternitates
559 2946 830 3043 mansur-tad
857 2950 1054 3030 iusticiam
1081 2947 1244 3033 valeant
1278 2949 1474 3057 plurimos
1502 2949 1675 3045 erudire,
1703 2947 1853 3058 quibus
1882 2950 1919 3028 si
1936 2945 2086 3057 proprii
2162 2971 2164 3002 ³

300 3074 523 3171 prouentus
550 3058 804 3140 ecclesiastici
832 3085 917 3138 non
944 3058 1164 3156 sufficiunt,
1200 3059 1372 3167 predicti
1403 3061 1627 3152 necessaria
1655 3061 1990 3155 subministrent,
2026 3053 2090 3136 do·

304 3187 438 3250 centes
478 3195 574 3249 vero
623 3171 667 3248 iu
709 3167 914 3276 thologiea
956 3170 1146 3252 facultate
1190 3169 1287 3251 dum
1330 3173 1372 3250 in
1413 3171 1531 3252 scolis
1574 3172 1804 3267 docuerant,
1847 3175 1886 3249 8(
1932 3165 2090 3250 studen-

298 3276 364 3361 tes
408 3279 450 3356 in
488 3280 587 3386 ipsa,
637 3282 793 3394 integre
836 3308 909 3388 per
942 3308 1069 3362 annos
1155 3283 1278 3394 inque
1313 3283 1538 3395 percipiant
1572 3280 1623 3362 de
1659 3281 1825 3368 licencia
1860 3279 1974 3365 sedis
2002 3301 2092 3384 apo·
2164 3265 2166 3392 Ι

177 3408 212 3454 '-
304 3389 442 3507 stolice
470 3406 693 3497 prouentus
722 3389 1021 3498 prebendarum
1049 3407 1090 3471 et
1148 3393 1405 3483 eneliciorum
1433 3401 1612 3488 suorum,
1640 3418 1722 3478 non
1751 3391 1945 3471 obstante
1963 3387 2095 3498 aliqua
2164 3437 2166 3552 1

262 3539 276 3552 ·
305 3503 508 3582 contraria
537 3498 830 3584 consuetudine
858 3501 921 3582 vel
949 3517 1102 3583 statuto
1131 3532 1222 3584 cum
1251 3501 1419 3586 denario
1448 3501 1630 3584 fraudari
1658 3530 1741 3590 non
1769 3501 1951 3587 debeant
1983 3501 2028 3586 in
2041 3497 2095 3574 vi·

305 3640 382 3693 nea
409 3609 562 3692 domini
590 3625 810 3720 operantes.
826 3611 904 3692 hoc
920 3629 1054 3696 autem
1068 3616 1253 3702 volumus
1268 3615 1503 3695 inconcusse
1518 3613 1670 3693 seruari
1685 3612 1858 3692 firmiter
1873 3611 2098 3720 disponen·
2164 3663 2166 3692 1

305 3741 378 3818 tes,
406 3721 517 3831 quod
549 3719 735 3802 feriamus
764 3751 868 3832 pena
884 3722 1020 3805 debita
1036 3743 1348 3834 transgressores
1364 3727 1466 3805 Sane
1481 3723 1574 3804 licet
1589 3721 1709 3812 fallax
1725 3725 1776 3802 sit
1791 3723 1931 3830 gracia
1949 3737 2098 3803 cetera·
2164 3731 2166 3816 l

306 3861 398 3916 rum
413 3834 676 3913 scienciarum
691 3839 728 3914 &
744 3863 844 3935 vana
862 3837 986 3917 eciam
1001 3834 1236 3942 pulcritudo
1252 3863 1343 3920 cum
1358 3834 1607 3919 'frumentum
1635 3833 1855 3922 electorum
1883 3838 1929 3918 8(
1963 3835 2100 3912 vinum
2165 3887 2166 3894 κ

306 3947 532 4053 germinans
561 3945 734 4051 virgines
763 3946 876 4024 iuxta
903 3945 1143 4052 prophetam
1171 3947 1222 4026 sit
1248 3943 1403 4032 bonum
1436 3973 1559 4056 super
1598 3945 1732 4025 omnia
1759 3950 1798 4024 8(
1826 3945 1877 4023 sit
1906 3943 2100 4053 pulcrum
2164 3919 2166 3994 l

311 4057 410 4164 quia
438 4071 573 4133 tamen
601 4055 805 4160 regulares
833 4053 1034 4163 quidam,'
1058 4053 1267 4138 claustrale
1296 4055 1503 4142 silencium
1532 4062 1572 4136 8(
1599 4055 1726 4172 legem
1762 4053 1919 4133 domini
1952 4057 2102 4134 animas
2164 4075 2166 4158 l

259 4193 261 4201 '
307 4175 610 4248 conuertentem
639 4171 677 4245 8(
706 4166 944 4274 sapienciam
973 4164 1135 4245 dantem
1166 4166 1349 4279 paruulis
1374 4195 1499 4277 quam
1523 4155 1642 4276 super
1677 4192 1819 4245 aurum
1848 4171 1888 4245 8(
1904 4164 2104 4275 topazion
2164 4163 2166 4258 l

308 4304 439 4356 amare
469 4275 692 4356 debuerant
720 4293 973 4383 respuentes,
1001 4277 1154 4356 abeunt
1183 4294 1276 4392 post
1304 4280 1473 4388 vestigia
1500 4305 1667 4387 gregum
1695 4282 1734 4358 8(
1762 4277 1900 4357 illicite
1940 4306 1989 4359 se
2014 4297 2104 4355 con·
2164 4301 2166 4398 p

308 4393 475 4467 uertunt
510 4386 562 4466 ad
597 4384 854 4496 pedissequas
891 4386 1185 4495 amplectendas
1212 4384 1505 4499 que'plausum
1549 4385 1779 4467 desiderant
1829 4390 2107 4497 populorum,
2161 4461 2166 4496 ἦ

310 4509 452 4575 contra
480 4495 709 4577 huiusmodi
737 4514 1035 4608 presumptores
1064 4493 1254 4584 escuntes
1282 4499 1334 4580 ad
1362 4497 1607 4590 audiendum
1635 4497 1740 4612 leges
1768 4498 1831 4578 vel
1860 4499 2028 4580 fisicam
2055 4494 2106 4572 fe·
2165 4517 2166 4564 1

312 4601 397 4708 licis
426 4610 613 4687 memorie
641 4612 688 4686 A.
718 4605 976 4716 predecessor
1004 4627 1140 4690 noster
1168 4610 1262 4690 olim
1278 4613 1420 4696 statuit
1447 4613 1491 4691 in
1518 4606 1691 4689 concilio
1707 4612 1935 4690 turonensi.
1971 4627 2022 4696 vt
2037 4603 2108 4702 nisi
2165 4701 2166 4706 a

313 4713 419 4793 infra
448 4708 626 4824 duorum¹
649 4722 843 4798 mensium
871 4722 1049 4828 spacium
1078 4721 1128 4802 ad
1157 4721 1377 4805 claustrum
1405 4721 1598 4825 redierint
1613 4719 1728 4799 'sicut
1759 4713 2108 4812 excommunicati

313 4827 364 4906 ab
393 4811 583 4905 omnihus¹
606 4830 807 4912 enitentur
831 4836 874 4936 8(
900 4833 943 4918 in
970 4830 1082 4911 nulla
1125 4860 1244 4915 causa
1277 4837 1310 4913 si
1352 4833 1620 4943 patrocinium
1667 4845 1847 4938 prestare
1889 4833 2110 4916 voluerint

316 4935 532 5019 audiantur
559 4938 725 5043 Reuersi
752 4959 885 5028 autem
915 4945 958 5038 in
985 4940 1122 5028 choro.
1139 4944 1342 5056 'capitulo
1372 4973 1519 5035 mensa.
1553 4949 1593 5028 &
1621 4944 1763 5031 ceteris
1778 4941 1909 5031 vltimi
1929 4942 2112 5032 fratrum

1121 5051 1126 5059 ’
1491 5061 1496 5070 '
1706 5053 1896 5154 existant,
