4382 5964
944 423 1038 492 ··-'
1145 423 1225 506 612
1337 467 1392 492 -
1480 412 1500 496 s

293 669 426 799 na
971 613 1122 766 1282'
1168 653 1218 762 d.
1265 695 1297 802 9
1344 605 1463 806 m.
1646 603 1652 611 ’
1827 654 2059 765 ranna

370 870 465 936 Krmr
485 871 694 936 Gaaesassons
715 871 806 958 lntyg
826 884 870 936 att
892 873 1006 958 Biskop
1026 876 1135 937 Aruns
1156 875 1166 935 i
1188 873 1352 956 Strengnas
1373 873 1415 936 kt·
1438 885 1451 934 t
1471 872 1509 938 εἰ
1524 873 1678 936 hortano
1698 871 1862 936 Joraaesor
1879 871 2062 956 Sdnugslsad

421 953 484 1020 och
496 955 542 1022 ai
556 954 650 1018 Kmm
676 955 730 1036 15}
754 957 933 1038 iis-mgslend
954 960 965 1020 i
987 959 1180 1037 Hossastum,
1202 957 1374 1038 hvmiemte
1428 959 1442 1035 ξ
1477 954 1658 1039 iirtugsland
1684 964 1852 1042 panutttas
1872 957 1921 1019 ser
1938 956 1976 1035 64
1993 960 2063 1022 marl

420 1039 602 1125 penningar,
623 1037 731 1102 isvilla
751 1040 850 1103 slulle
870 1039 988 1116 betelas
1004 1041 1055 1104 till
1075 1049 1162 1103 nasta
1182 1041 1486 1122 mineusmltssodcg.

511 1207 514 1212 .
1728 1147 1955 1222 baem&

351 1252 357 1258 ’
457 1253 668 1335 Vniuersis
696 1253 837 1336 christi
865 1256 1052 1339 fidelibus
1082 1274 1285 1365 presentes
1317 1255 1472 1336 litteras
1499 1253 1750 1363 inspecturis.
1784 1255 1968 1336 Kanutus
1986 1257 2066 1336 Gre·

288 1345 396 1552 glebii
411 1340 540 1444 lilim.
571 1366 749 1446 Salutem
776 1367 819 1446 in
834 1367 1000 1450 domino
1014 1368 1129 1450 ihesu
1138 1367 1306 1462 christo.
1320 1365 1481 1447 Tenore
1498 1367 1748 1474 presencium
1771 1369 2067 1476 recognoscimus
2139 1367 2141 1438 ἓ

329 1475 593 1570 onerabilem⁴
616 1494 774 1586 patrem
815 1477 1022 1559 dominum
1053 1477 1284 1560 -Anundum
1325 1479 1571 1585 Episcopum
1618 1490 1924 1584 strengnensem
1950 1477 1997 1558 ab
2021 1477 2069 1584 jn·
2139 1559 2140 1566 a

289 1585 467 1696 giwaldo
495 1585 685 1695 johannis
715 1589 951 1670 Waermskae
979 1588 1185 1701 quondam
1214 1589 1308 1686 filio,
1338 1605 1432 1669 octo
1460 1585 1611 1669 solidos
1639 1602 1747 1666 terre
1775 1588 1817 1667 in
1846 1589 2070 1684 Hossastum
2139 1573 2141 1628 ¹

288 1703 331 1780 8(
359 1725 383 1778 a
412 1697 531 1780 nobis
557 1698 793 1810 quindecim
821 1699 973 1796 solidos
1010 1717 1118 1781 terre
1158 1731 1252 1782 cum
1290 1697 1461 1781 dimidio
1509 1700 1567 1780 in-
1593 1695 1732 1778 eadem
1775 1698 1873 1780 villa
1915 1700 2070 1808 legaliter

260 1809 513 1918 ,optinuisse
541 1838 591 1890 ex
619 1838 815 1901 consensu
843 1839 968 1909 mero,
996 1813 1134 1892 matris
1162 1827 1299 1894 nostre
1325 1809 1426 1892 dum
1455 1809 1566 1892 vixit.
1620 1807 1672 1886 Jn
1700 1837 1823 1918 super
1848 1809 1903 1892 ad
1932 1836 2069 1917 presens
2139 1891 2141 1920 Ι

189 1943 192 1952 ’
281 1920 598 2029 inpignoramus
627 1921 756 2002 eidem
784 1938 879 2003 octo
907 1922 1057 2004 solidos
1084 1940 1190 2004 terre
1219 1952 1311 2003 curn
1345 1918 1514 2002 dimidio
1542 1923 1584 2002 in
1611 1918 1722 2000 willa
1757 1920 1986 2030 supradicta
2011 1947 2068 2028 pro
2139 1937 2141 2018 ξ

119 2023 127 2039 ’
210 2046 217 2058 ’
254 2033 398 2112 ¹iusto
427 2033 566 2141 precio
594 2031 772 2112 totaliter
800 2034 1018 2140 persoluto,
1047 2033 1158 2145 quod
1186 2032 1373 2142 predium
1408 2060 1499 2114 cum
1533 2049 1621 2112 toto
1663 2029 1807 2138 predio
1845 2031 2069 2140 supradicto,
2139 2057 2141 2104 ;

290 2140 463 2236 infesto
492 2141 600 2224 beati
630 2143 792 2222 martini
821 2144 1202 2253 iemalisproximo
1232 2147 1311 2224 iarn
1338 2162 1514 2224 venturo
1549 2143 1583 2222 si
1633 2145 1871 2249 poterimus,
1918 2171 1989 2252 pro
2025 2167 2070 2222 se·

291 2254 455 2362 xaginta
484 2267 662 2365 quatuor
691 2254 862 2335 marchis
889 2255 1149 2336 denariorum
1176 2255 1296 2336 nobis
1324 2256 1376 2335 sit
1399 2253 1521 2364 plena
1544 2251 1715 2332 facultas
1737 2253 1974 2350 redimendi,
1994 2253 2069 2334 alie

176 2427 180 2435 .
291 2366 391 2478 quin
420 2362 550 2448 eidem
578 2365 850 2472 promittimus
878 2365 957 2447 fide
985 2365 1117 2448 media
1154 2383 1202 2450 ut
1242 2381 1376 2446 totum
1418 2363 1604 2474 predium
1651 2362 1853 2472 reliquum
1900 2362 2005 2474 quod
2039 2365 2070 2441 in

291 2475 387 2560 villa
414 2491 635 2558 memorata
663 2473 916 2585 possidemus
943 2478 1168 2588 quemlibet
1195 2476 1367 2558 solidum
1384 2503 1475 2586 ,pro
1504 2473 1666 2556 duabus
1694 2474 1871 2556 marchis
1915 2473 2070 2556 denario·

181 2621 186 2630 ·
292 2615 383 2685 rum
411 2587 550 2696 elapso
578 2589 754 2667 termino
781 2589 911 2668 valeat
939 2616 1183 2698 comparare.
1239 2591 1292 2669 Jn
1319 2584 1434 2668 cuius
1462 2587 1522 2666 rei
1549 2585 1822 2668 testimonium
1859 2589 1902 2666 8(
1933 2583 2069 2666 euiden·
2139 2571 2141 2596 ¹

215 2787 218 2790 ,
293 2702 393 2792 ciam
424 2699 646 2808 pleniorem
675 2696 849 2806 sigillum
879 2716 1061 2788 nostrum
1091 2699 1346 2809 presentibus
1374 2697 1562 2779 duximus
1591 2694 1895 2804 apponendum.
1952 2703 2069 2776 Actum
2139 2697 2141 2714 ’

293 2815 332 2892 8(
359 2811 556 2920 scriptum
584 2808 796 2904 Thennils.
824 2827 862 2906 rt.
891 2838 1001 2892 anno
1029 2809 1183 2892 domini
1210 2807 1560 2932 M⁰.CC⁰.LXXX⁰.
1591 2809 1641 2889 Il.
1672 2809 1817 2917 quinto
1846 2807 1947 2889 Jdus
1972 2802 2068 2912 luuij.

711 2983 831 3068 Sigillet
851 2985 1014 3050 boruallet
1033 2987 1105 3051 frdn
1125 2985 1185 3066 dee
1206 3007 1245 3049 tu·
1264 2986 1387 3050 breiret
1406 2985 1529 3071 llippta
1549 3003 1681 3047 remsau.

89 3403 93 3410 .
176 3353 182 3359 ·
303 3213 479 3412 748]
724 3253 730 3279 Ι
930 3283 1078 3392 1282
1125 3281 1176 3389 d.
1226 3297 1298 3450 24
1345 3283 1522 3425 Jung.
1815 3275 2068 3426 Rogberga.

255 3569 260 3574 ι
379 3488 461 3554 Koa.
482 3495 614 3558 Macran
644 3501 684 3563 las
704 3501 898 3567 Vidimation
918 3502 979 3568 och
999 3503 1188 3568 stsdfsstelse
1208 3501 1251 3589 pt
1271 3500 1331 3564 den
1352 3499 1404 3563 del
1425 3500 1462 3562 af
1478 3502 1629 3568 Wrcmoo
1649 3503 1790 3585 ifinssors
1816 3509 2007 3574 testamenm,
2024 3513 2067 3556 ea

418 3577 529 3659 angick
549 3577 718 3664 Riscberga
738 3583 863 3660 kloster.
1365 3612 1373 3629 ·
1628 3616 1631 3622 -
1895 3613 1897 3620 ,

604 3763 606 3770 Α
685 3761 688 3772 Ι
1620 3741 1621 3746 ,
1743 3695 1968 3769 &bamb

461 3793 650 3879 Mactata
664 3797 732 3908 dej
760 3801 894 3906 gracia
921 3827 1122 3882 sweorum
1155 3799 1456 3908 gothorumque
1482 3825 1569 3896 rex,
1598 3799 1800 3881 Omnibus
1813 3813 2012 3907 presentes
2023 3791 2072 3874 lit·

297 3920 402 3986 teras
429 3905 671 4016 inspecturis
697 3911 866 3992 salutem
894 3916 937 3990 in
965 3909 1144 4008 domino,
1173 3909 1332 3990 Tenore
1361 3910 1613 4019 presencium
1641 3926 1721 3990 tam
1764 3902 1941 4022 posteris
1980 3927 2071 4018 quam

296 4019 551 4122 presentibus
578 4019 765 4102 volumus
794 4023 971 4118 elucere,
1001 4023 1086 4103 Nos
1114 4038 1393 4102 testamentum
1422 4018 1637 4130 Wiglo'ghi
1674 4019 1851 4101 nicholai
1896 4015 2073 4132 quondan

296 4125 370 4206 filii
398 4135 713 4238 perspexisse&
741 4133 956 4243 perlegisse
984 4134 1098 4212 cuius
1126 4131 1291 4242 quidam
1320 4132 1515 4220 articulus
1543 4148 1587 4211 vt
1615 4146 1711 4240 pote
1738 4145 1914 4238 tangens
1956 4123 2075 4212 saneti·

296 4237 490 4319 moniales
518 4239 787 4352 rysaebyaergh
816 4243 1102 4325 continebatur
1130 4244 1173 4323 in
1202 4243 1310 4324 bunc
1331 4241 1507 4338 modum,
1536 4244 1587 4321 Jn
1602 4241 1762 4322 nomine
1780 4245 2004 4324 &c.sa'som
2016 4236 2075 4318 Ν.·ο

147 4373 151 4381 ·
205 4439 212 4446 ‚
297 4349 377 4429 615
394 4352 459 4433 till
472 4350 696 4461 ignoretur,
717 4353 769 4435 ad
787 4353 982 4435 honorem
1009 4351 1297 4462 omnipotentis
1317 4351 1383 4434 dei
1400 4360 1440 4434 8(
1453 4368 1599 4446 sancte,
1611 4350 1677 4433 dei
1687 4353 1900 4462 genitricis
1916 4352 2031 4434 marie
2042 4368 2074 4424 ac

297 4460 476 4540 omnium
505 4479 748 4560 sanctorum,
776 4467 1130 4576 remissionemque
1158 4479 1416 4574 peccatorum
1447 4489 1640 4561 meorum,
1668 4465 1898 4546 mansiones
1927 4487 2026 4544 meas
2046 4457 2075 4536 it

297 4566 486 4650 atalstum
501 4579 574 4656 &c
591 4581 721 4658 samm
734 4575 816 4657 Ν.·ο
830 4578 911 4683 659
923 4580 995 4658 till
1008 4575 1270 4686 sepulturam,
1299 4576 1383 4656 Nos
1411 4575 1536 4683 igitur
1563 4573 1670 4655 hanc
1691 4574 1960 4657 collusionem
1973 4569 2076 4654 rite&

298 4677 482 4787 legaliter
509 4683 656 4766 laetam
688 4702 815 4767 ratam
844 4686 1097 4769 decernimus
1125 4693 1165 4767 8(
1197 4683 1501 4782 irreuocabilem
1518 4713 1564 4764 ac
1578 4702 1718 4767 nostra
1731 4686 1941 4767 sentencia
1956 4677 2074 4766 confir

297 4817 464 4889 mamus,
493 4791 537 4900 jn
567 4799 681 4877 cuius
709 4798 980 4878 testimonium
1009 4796 1060 4878 ad
1076 4795 1325 4879 cuidenciam
1343 4797 1564 4905 pleniorem
1586 4823 1664 4877 vna
1685 4824 1775 4878 cum
1796 4795 1936 4904 sigillo
1950 4806 2075 4879 nostra

298 4903 430 5010 sigilla
445 4902 716 5006 dominorum,
730 4908 980 5018 wpsalensis,
994 4908 1226 5005 scharensis,
1245 4908 1520 5017 lyncopensis,·
1537 4907 1851 5018 strengynensis,
1873 4899 2074 4990 arusiensis
2139 4959 2141 4972 ι

298 5010 540 5098 abboneusis
568 5023 608 5101 8(
634 5020 927 5129 waexyonensis
958 5020 1241 5128 episcoporum
1269 5023 1310 5098 8(
1337 5019 1493 5100 Kanuti
1536 5017 1687 5099 mathei
1726 5015 1797 5099 filii
1835 5011 2073 5127 presentibus
2139 5033 2141 5132 ζ
