4368 5950
980 456 1037 480 -
1125 397 1228 506 'adil
1282 441 1289 452 ³
1337 451 1395 473 -··
1453 405 1457 411 ’
2159 491 2160 518 Ν

1239 592 1244 598 .
2159 541 2160 576 l

161 686 173 698 '
290 659 384 772 filijs
411 651 530 737 Lucis
559 650 602 728 in
630 636 894 754 generacione
913 613 995 719 'sua
1022 637 1115 730 sint,
1144 657 1286 715 verum
1300 629 1424 712 eciam
1438 623 1651 737 iniquitate
1665 639 1870 736 potentes,
1885 625 2054 718 violenter

290 771 463 885 spoliare
491 763 689 842 nituntur.
720 758 760 833 8(
788 749 899 863 quod
930 748 1095 857 grauius
1131 759 1191 825 est
1241 740 1429 824 nonnulli
1457 737 1508 821 de
1536 737 1616 845 hijs
1645 738 1716 847 qui
1744 763 1814 818 eos
1857 737 2057 822 debuerant

290 892 333 966 in
360 875 498 962 christi
526 866 745 950 visceribus
782 862 915 945 carius
943 856 1174 966 amplexari.
1217 858 1256 933 8(
1285 850 1550 933 fauorabilius
1592 847 1830 945 confouere,
1872 852 1974 957 ipsos
1999 855 2058 933 im·

291 991 447 1077 manius
475 993 780 1093 persequentes,
810 970 1024 1082 priuilegia
1053 989 1133 1077 que
1163 965 1260 1073 ipsis
1289 993 1314 1042 a
1346 962 1439 1044 sede
1468 960 1690 1069 apostolica
1719 959 1801 1040 suis
1829 963 2059 1069 exigentibus
2159 997 2160 1012 ¹

289 1101 441 1186 meritis
469 1087 564 1176 sunt
594 1087 769 1182 indulta,
798 1085 976 1194 gestiunt
1005 1081 1168 1187 penitus
1197 1101 1400 1154 eneruare.
1431 1069 1605 1154 dicendo
1627 1066 1695 1150 illa
1724 1073 1888 1151 omnino
1904 1071 2061 1153 fuissein

266 1284 267 1288 Ν
288 1208 469 1327 generali
484 1202 656 1287 concilio
671 1210 930 1278 reuocata.vt
945 1187 1042 1271 alias
1059 1186 1310 1270 intellectum
1323 1184 1628 1293 priuilegiorum
1643 1185 1825 1290 ipsorum
1838 1186 1893 1264 ita
1908 1183 2061 1289 maligna

289 1318 626 1431 interpretacione
656 1309 709 1391 ad
737 1307 897 1387 libitum
929 1297 1213 1412 peruertendo.
1244 1293 1463 1408 quodnisi
1491 1321 1536 1373 os
1566 1294 1705 1402 iniqua
1731 1294 1985 1403 loquencium
1999 1291 2060 1371 ob·
2155 1285 2160 1292 ’

290 1445 489 1526 struatur,
519 1426 576 1508 nil
605 1436 729 1525 restet
757 1419 858 1527 quin
887 1411 1060 1523 predicti
1088 1409 1232 1489 fratres
1261 1406 1568 1516 priuilegiorum
1597 1432 1761 1485 suorum
1791 1432 1894 1512 pene
1921 1405 2063 1510 penitus

292 1549 428 1630 fructu
442 1538 686 1622 frustrentur
700 1558 773 1640 per
801 1526 914 1640 quod
943 1523 1002 1604 illi
1031 1536 1226 1602 nontam
1254 1517 1402 1599 eisdem
1433 1515 1643 1614 fratribus,
1679 1533 1802 1626 ‘quarn
1830 1515 1948 1597 nobis
1975 1513 2064 1618 inju-

291 1659 388 1741 riari
416 1651 657 1764 probantur.
687 1642 784 1724 dum
813 1652 956 1720 contra
985 1633 1089 1715 sedis
1118 1629 1338 1739 apostolice
1368 1627 1642 1735 indulgencias
1671 1645 1912 1708 memoratos
1939 1625 2065 1706 fratres

290 1791 439 1853 temere
467 1756 707 1870 perturbare
736 1762 986 1860 presumunt.
1010 1743 1225 1823 molientes
1254 1756 1397 1822 contra
1427 1756 1564 1820 nostre
1586 1737 1879 1847 plenitudinem
1907 1751 2064 1846 potesta·
2158 1741 2160 1826 l

216 1892 225 1910 ‘
290 1886 354 1977 tis,
382 1875 481 1957 dum
510 1865 668 1950 indulta
695 1880 831 1943 nostra
861 1865 1132 1945 irreuereuter
1161 1855 1401 1961 inpugnant.
1430 1853 1516 1933 Nos
1543 1851 1668 1958 igitur
1696 1851 1769 1958 qui
1783 1848 1986 1959 predictos
2000 1845 2064 1924 fra·
2157 1839 2160 2000 p

290 2012 372 2074 tres
402 1980 566 2095 speciali
594 1977 854 2087 prerogatiua
881 1968 1108 2052 dilectionis
1138 1969 1178 2042 8(
1205 1962 1338 2071 gracie
1359 1960 1645 2070 amplexamur.
1675 1979 1818 2068 utpote
1846 1963 1920 2070 qui
1935 1959 2065 2067 jugiter
2158 2001 2160 2076 q

291 2101 508 2186 offerentes
538 2089 702 2171 domino
730 2111 896 2166 suorum
925 2079 1074 2161 vitulos
1103 2074 1304 2155 labiorum
1331 2098 1414 2152 non
1444 2073 1574 2152 solum
1603 2070 1722 2151 nobis
1750 2071 1969 2153 sedeciam
1994 2069 2066 2146 vni·

255 2219 256 2224 ‘
290 2201 437 2298 uers'ali
467 2203 631 2285 ecclesie
656 2196 736 2308 pijs
765 2187 1121 2275 intercessionibus
1150 2183 1521 2293 incomparabiliter
1556 2180 1851 2290 suffragantur,
1903 2180 2066 2263 nolentes
2159 2189 2160 2240 t

289 2314 523 2421 huiusmodj
552 2308 836 2393 vexacionibus
865 2330 1006 2383 eorum
1033 2297 1193 2379 sabbati
1222 2295 1432 2403 amaricarj
1447 2299 1449 2303 ’
1466 2296 1643 2404 quietem
1671 2320 1773 2404 quos
1804 2295 1946 2402 pocius
1973 2304 2066 2370 tene·
2159 2293 2160 2306 ³

278 2440 390 2518 'mun
410 2422 651 2511 omnimodis
680 2416 894 2523 consolarj.
938 2411 1251 2493 Vniuersitatem
1279 2423 1454 2487 vestram
1483 2431 1690 2486 monemus
1718 2411 1758 2484 &
1784 2405 1995 2485 hortamur
2021 2417 2097 2478 at··

292 2559 414 2628 tonte.
445 2569 490 2620 ac
518 2565 591 2646 per
619 2530 843 2640 apostolica
867 2526 983 2606 vobis
1010 2523 1160 2628 scripta
1190 2515 1456 2628 precipiendo
1491 2516 1735 2598 mandamus.
1771 2520 1965 2626 quatinus
1992 2537 2067 2620 pre·
2159 2573 2160 2582 .

169 2675 177 2683 '
293 2657 424 2740 dictos
452 2650 596 2732 fratres
624 2643 678 2722 ob
707 2638 979 2721 reuerenciam
1012 2632 1191 2714 diuinam
1220 2636 1259 2709 8(
1287 2644 1467 2708 nostram
1488 2627 1682 2720 babentes
1704 2629 1746 2711 in
1774 2623 1996 2708 visceribus
2012 2621 2068 2700 lra-

293 2767 442 2858 ritatis,
472 2761 527 2841 eis
556 2752 769 2865 priuilegia
795 2755 834 2830 8(
862 2743 1139 2852 indulgencias
1169 2739 1387 2848 apostolice
1412 2741 1517 2823 sedis
1532 2739 1680 2820 eisdem
1695 2764 1902 2821 concessas
1917 2733 2069 2816 inuiola·
2159 2793 2160 2808 ,

292 2879 430 2964 biliter
457 2865 714 2951 conseruetis.
743 2868 784 2941 8(
810 2858 966 2942 faciatis
994 2853 1046 2934 ab
1076 2852 1164 2960 alijs
1192 2849 1438 2958 conseruari.
1468 2852 1587 2931 Salua
1616 2850 1898 2931 moderacione
1927 2839 2070 2946 concilij
2159 2917 2160 2924 Ν

293 2983 503 3101 generalis.
531 2975 717 3060 videlicet
739 2987 785 3050 ut
801 2969 851 3051 de
866 2968 1004 3049 alienis
1019 2965 1137 3044 terris
1152 2990 1176 3041 a
1191 2979 1373 3070 tempore
1388 2961 1485 3042 dicti
1501 2959 1664 3067 concilij
1679 2962 1886 3072 acquisitis
1900 2963 1942 3038 8(
1955 2958 2004 3040 de
2016 2977 2069 3032 ee·
2159 3041 2160 3044 g

293 3121 383 3182 tero
411 3084 667 3203 acquirendis
695 3084 906 3165 exsoluant
933 3077 1106 3159 decimas
1134 3074 1310 3154 ecclesiis
1337 3074 1486 3184 quibus
1513 3072 1676 3160 racione
1704 3071 1942 3179 prediorum
1970 3079 2071 3147 antea
2158 3057 2160 3070 ⁴

124 3247 131 3258 ¹
207 3291 212 3294 .
293 3206 568 3294 soluebantur.
601 3197 678 3278 nisi
707 3194 823 3275 aliter
850 3217 941 3272 curn
968 3191 1024 3278 eis
1053 3184 1244 3276 duxerint
1277 3182 1622 3294 componendum,
1662 3182 1771 3264 Alias
1812 3204 1982 3294 quoque
2023 3171 2073 3254 di·

201 3384 204 3398 .
295 3339 380 3404 ctos
413 3315 558 3395 fratres
585 3308 638 3388 ab
667 3302 895 3388 incursibus
921 3300 1187 3407 malignorum
1218 3294 1352 3377 taliter
1380 3293 1626 3391 defendatis,
1647 3293 1768 3405 quod
1778 3292 2009 3377 defensores
2021 3280 2084 3363 iuss'

156 3471 163 3478 ·
294 3430 428 3522 sticie,
457 3453 501 3504 ac
530 3420 690 3532 pietatis
718 3412 948 3525 probemini
989 3425 1198 3490 amatores.
1241 3403 1441 3514 deumque
1484 3405 1599 3484 vohis
1642 3406 1887 3532 propicium,
1932 3408 1972 3482 8(
2011 3421 2074 3476 nos

294 3536 474 3622 reddatis
502 3528 649 3614 exinde
676 3521 921 3604 fauorabiles
949 3525 988 3600 8(
1015 3518 1232 3628 benignos,
1259 3517 1409 3597 Datum
1430 3517 1564 3597 Reate.
1592 3516 1690 3596 Vnt
1717 3515 1811 3625 Jdus
1826 3506 2073 3606 Nouembris,

295 3647 554 3764 pontificatus
581 3634 712 3748 nostrj
745 3659 850 3716 anno
877 3630 1044 3726 decimo,

168 3997 171 4003 ’
244 3945 433 4138 8242.
936 3983 1083 4092 1227
1133 3945 1185 4114 d.¹
1229 3962 1261 4073 4
1309 3943 1457 4054 Febr.
1855 3947 2074 4051 Lateran.

380 4183 471 4250 bev·
492 4181 650 4244 Honoratus
672 4175 725 4237 lll.
746 4171 798 4234 till
818 4165 997 4234 ine-utsk.
1020 4169 1030 4230 i
1052 4167 1143 4231 Lund
1164 4175 1212 4228 att
1238 4167 1279 4252 pt
1311 4167 1484 4252 tjenligaste
1516 4175 1575 4230 sttt
1606 4165 1748 4229 afstruffa
1779 4165 1838 4229 och
1870 4165 1997 4230 httrnma
2016 4163 2078 4227 dei

429 4267 506 4330 baua
527 4262 602 4364 tttin
622 4259 689 4321 osta
712 4253 842 4320 sleende
862 4251 1037 4316 blodslems
1056 4249 1116 4313 och
1136 4249 1269 4333 tidelegs
1288 4247 1422 4312 brotten.
2159 4267 2160 4270 κ

1501 4361 1532 4418 tt.
1552 4377 1575 4416 rr
1598 4363 1652 4417 ros
1692 4361 1745 4415 Au.
1766 4377 1806 4416 n.
1824 4360 1876 4432 Ep.
1893 4363 1956 4417 530.

298 4517 496 4601 Honorius
539 4511 757 4626 Episcopus
798 4463 952 4586 Seruus
993 4501 1214 4583 Servorum
1249 4499 1338 4579 Dei.
1393 4499 1619 4582 Venerabili
1644 4502 1812 4587 Fratri.
1830 4534 1839 4580 ·.
1856 4498 2077 4608 Archipi-

864 4643 979 4727 scopo
1008 4613 1216 4694 Lmtdctari.
1246 4611 1427 4692 Saliarem
1455 4611 1527 4690 &c

467 4763 613 4844 Petitio
640 4776 711 4842 tua
738 4752 859 4840 nobis
893 4751 1071 4836 exhibita
1113 4752 1366 4848 continebat,
1408 4765 1455 4832 ut
1495 4777 1595 4835 cum
1613 4748 1802 4835 nonnulli
1842 4745 1998 4834 subditi
2025 4747 2080 4830 tui

300 4895 385 4962 tam
411 4871 577 5006 Clerici,
605 4867 733 4997 quaint!
752 4865 865 4949 Laici
898 4864 1135 4976 frequenter
1163 4851 1214 4944 ad
1240 4853 1434 4944 'nefarios
1471 4861 1629 4946 cohitus
1672 4859 1962 5050 prolaqantur,
2002 4882 2077 4939 non

1506 5042 1510 5066 ,
1650 5021 1653 5028 ι
1758 4995 1804 5052 so
1819 4997 1888 5052 um
