4384 5946
969 417 1023 438 ..
1135 293 1460 513 48:¹¹⁸,

264 612 404 678 noster
447 591 827 704 Hammcburgeneis
869 594 1209 704 Archiepiscopus
1244 590 1298 690 ad
1333 592 1607 703 Apostolicam
1642 591 1775 674 sedem
1811 597 2044 682 venientia

141 807 143 818 Ι
264 723 404 789 nostra
441 706 653 814 praesentia
682 720 849 815 questus
878 720 959 802 cst,
987 703 1101 816 quod
1129 735 1221 788 cum
1250 705 1460 814 Episcopis
1490 707 1620 813 Re‘gni
1648 707 1727 800 tui,
1754 706 1859 786 sicut
1886 710 2045 818 antiqua

140 891 145 903 .
264 817 604 928 praedecessorum
640 832 875 897 nostrorum
911 817 1117 926 Gregorii,
1153 818 1301 926 Sergii,
1338 815 1504 912 Leonis,
1541 813 1765 913 Benedicti,
1815 817 1967 898 Nicolai
2012 824 2047 900 a

266 926 435 1010 Adriani
464 928 740 1008 Romanorum
768 927 1007 1009 Pontificum
1066 928 1247 1038 ririlegia
1276 925 1458 1008 indicare
1486 943 1729 1024 noscuntur,
1743 928 2048 1036 metropolitano

264 1040 356 1148 jure
397 1036 623 1148 possideat,
659 1034 838 1118 debitam
873 1039 912 1118 ei
946 957 1220 1121 obedientiam
1255 1035 1458 1146 denegare
1486 1056 1741 1146 praesumant.
1798 1041 1903 1141 Quia
1933 1041 2048 1146 igitur

264 1151 395 1230 nostri
423 1148 545 1231 officii
574 1164 646 1245 est,
675 1147 779 1229 m'ale
806 1165 919 1259 gesta
947 1153 1171 1260 corrigere,
1199 1157 1238 1232 tr
1266 1146 1319 1231 ad
1346 1152 1453 1230 riam
1467 1143 1725 1229 rectitudinis
1751 1175 1953 1246 revocare,
1975 1151 2050 1230 No·
2134 1219 2135 1222 .

128 1291 137 1300 ·
203 1253 205 1262 ’
264 1253 413 1342 bilitati
442 1275 522 1340 tuae
549 1256 737 1368 rogando
766 1257 1021 1359 mandamus,
1051 1278 1254 1372 quatenus
1271 1261 1451 1370 'praefato
1478 1259 1613 1340 Fratri
1641 1276 1784 1340 nostro
1804 1263 1851 1342 A.
1874 1259 2050 1338 Hamme-

264 1372 459 1480 burgensi
494 1370 815 1479 Archiepiscopo
849 1388 1045 1483 tanquam
1074 1372 1392 1482 Metropolitano
1421 1385 1495 1450 tuo
1523 1368 1729 1450 humiliter
1758 1397 1918 1479 pareas,
1947 1376 1984 1448 81
2010 1385 2052 1446 ut

122 1499 128 1511 ‘
266 1483 457 1591 Episcopi
491 1495 610 1562 terrae
638 1499 718 1562 tuae
747 1481 799 1564 ad
829 1485 954 1591 ipsius
983 1481 1257 1566 obedientiam
1285 1483 1474 1577 redeant,
1503 1507 1580 1588 pro
1608 1479 1800 1562 facultate
1829 1481 1906 1562 tibi
1934 1483 2052 1558 alico

266 1590 413 1674 collata
444 1589 661 1718 diligenter
690 1590 847 1674 efficias.
906 1596 1010 1674 Data
1040 1594 1150 1702 apud
1180 1610 1357 1677 montem
1386 1593 1635 1706 Aventinum
1663 1593 1732 1674 VI.
1762 1589 2053 1716 Kalend-lunii

278 1985 365 2088 32.
732 2131 734 2141 Ι
977 1986 1125 2090 1133
1173 1985 1222 2088 d:
1264 1960 1338 2128 Ι27
1391 1986 1508 2126 Maj.
1901 1981 2054 2081 llum.
2091 1919 2096 1932 ⁸

353 2201 667 2270 Palinlnroourrus
688 2204 742 2264 llts
763 2203 935 2286 besallniag
956 2207 1005 2267 till
1028 2206 1164 2267 Svensle
1196 2207 1383 2309 bisloperne
1405 2206 1415 2263 i
1438 2189 1555 2265 samma
1577 2213 1672 2264 Amne.

1819 2313 1856 2368 ἱ.
1874 2312 1934 2367 535.

362 2458 369 2466 “
440 2449 707 2532 Innocun‘rws
744 2451 969 2562 Episcopus
1005 2455 1154 2534 Servus
1189 2453 1407 2535 Servorum
1437 2453 1512 2534 Dei
1541 2449 1843 2534 venerabilibus
1872 2449 2058 2529 fratribus

34 2551 42 2570 ’
165 2605 167 2610 ’
274 2562 472 2670 uniuersis
507 2561 718 2671 Episcopis
753 2559 910 2652 Suedioe
938 2558 1109 2643 salutem
1137 2563 1467 2670 &apostolicam
1496 2561 1832 2645 benedictionem.
1890 2560 2058 2670 AEquum

274 2667 335 2756 cst
358 2685 409 2752 'ut
437 2671 510 2782 qui
530 2672 619 2752 aliis
640 2697 809 2779 praeesse
824 2670 1028 2755 desiderat
1041 2673 1125 2753 suia
1140 2673 1318 2782 praelatis
1329 2677 1508 2756 revereri
1522 2673 1729 2755 humiliter
1743 2700 1828 2754 non
1843 2671 2060 2752 erubescat.

275 2787 476 2868 Coeterum
518 2781 763 2865 venerabilis
798 2783 923 2866 irater
957 2799 1098 2865 noster
1133 2787 1179 2864 A.
1215 2783 1598 2896 Hammaburgensis
1640 2784 1982 2892 Archiepiseopus
2014 2777 2060 2860 ed

276 2894 412 2994 sedem
447 2893 722 3002 Apostolicam
750 2898 917 2978 veniens
945 2897 1125 3002 graviter
1151 2909 1318 3006 questus
1346 2911 1424 2994 est,
1451 2895 1566 3008 quod
1593 2923 1684 2976 cum
1713 2896 1847 2991 vobis,
1876 2897 1981 2982 sicut
2008 2906 2062 2972 est

277 3009 321 3088 in
357 3006 537 3115 antiquis
566 3004 804 3116 privilegiis,
833 3006 1041 3116 Gregorii,
1069 3007 1218 3114 Sergii,
1247 3007 1413 3106 Leonis,
1443 3004 1669 3104 Benedicti,
1697 3005 1853 3088 Nicolai
1884 3013 1924 3087 &
1951 3001 2062 3084 Adri·

278 3118 346 3195 ani
382 3116 655 3196 Romanorum
690 3116 928 3198 Pontificum
965 3119 1215 3214 continetur,
1252 3117 1564 3228 metropolitico,
1578 3119 1668 3225 jure
1696 3115 1928 3225 praesideat,
1957 3113 2064 3196 debi·
2175 3151 2176 3212 γ

224 3223 237 3284 -‘
278 3243 360 3306 tam
395 3228 431 3305 ei
468 3225 742 3308 obedientiam
776 3227 1042 3324 subtrahatis,
1069 3227 1182 3338 quod
1211 3228 1395 3340 prolecto
1423 3257 1446 3311 a
1474 3229 1590 3310 robis
1618 3245 1736 3308 tanto
1764 3245 1825 3308 est
1852 3226 2092 3336 studiosius·
2174 3263 2176 3296 ι

278 3335 583 3446 corrigendum,
625 3355 782 3450 quanto
818 3337 989 3422 subacto
1025 3337 1180 3447 populo
1222 3341 1343 3418 etiam
1385 3342 1429 3422 in
1471 3341 1549 3421 hoc
1593 3339 1711 3420 bonae
1752 3335 2064 3419 conversationis
2174 3359 2176 3432 ,

280 3445 464 3556 enempla
490 3444 695 3529 debitores
723 3451 818 3530 estis
846 3447 1091 3559 impendere.
1148 3454 1224 3531 Per
1252 3454 1465 3559 praesentia
1495 3455 1648 3562 itaque.
1661 3452 1812 3559 scripte
1840 3450 2066 3530 fraternita-
2175 3457 2176 3460 ‘

280 3562 312 3640 ti
341 3575 483 3639 vestrae
512 3555 766 3656 mandamus,
794 3576 996 3675 quatenus
1025 3559 1194 3670 praelato
1222 3560 1338 3645 fratri
1367 3579 1509 3644 nostro
1538 3567 1583 3643 A.
1613 3560 1977 3669 Hammahurgensi
1998 3563 2066 3638 Ar·
2174 3609 2176 3632 .

282 3669 561 3778 chiepiscopo,
596 3685 789 3782 tanquam
825 3671 1141 3781 Metropolitano
1168 3689 1322 3769 vestro,
1336 3674 1612 3762 obedientiam
1627 3679 1666 3754 8<
1681 3675 1951 3753 reverentiam
1965 3667 2035 3752 def
2053 3711 2070 3769 -p
2175 3679 2176 3764 Q

283 3781 399 3876 ratis.
442 3785 481 3860 St
515 3779 668 3860 nullam
703 3783 742 3861 ei
776 3809 898 3892 super
932 3783 1012 3864 hoc
1047 3783 1269 3870 molestiam
1303 3782 1355 3870 de
1389 3800 1535 3864 caetero
1564 3786 1761 3892 irrogetis.
1819 3785 1934 3866 Datae
1964 3774 2068 3890 apud
2175 3821 2176 3826 Ν

283 3908 460 3973 montem
489 3893 735 3972 Aventinum
764 3894 832 3974 Vl.
861 3891 916 3975 kl.
945 3893 1066 3980 lunii.
1937 3901 1942 3920 ,

147 4221 150 4226 ·
220 4145 380 4275 ,²33-
932 4151 1080 4260 1135
1129 4149 1177 4256 d.
1224 4151 1256 4256 6
1304 4153 1412 4261 Jan.
1906 4145 2069 4254 Lund.

262 4393 267 4398 ·
309 4405 313 4414 ·
370 4367 503 4451 Konuug
523 4367 603 4434 Erre
627 4367 774 4435 Eercroro
794 4373 805 4433 i
827 4371 988 4434 Danmark
1007 4371 1088 4434 Brei
1104 4372 1147 4456 ps
1164 4373 1271 4456 analag
1291 4373 1341 4438 till
1362 4371 1528 4441 Prebeuda
1548 4371 1598 4438 liir
1621 4393 1660 4438 eu
1680 4371 1780 4438 Canii
1800 4374 1811 4435 i
1831 4369 1933 4435 Lund.

1786 4485 1816 4542 lt.
1837 4500 1865 4539 iz
1886 4501 1941 4540 mr.

454 4616 658 4702 Fvndacio
690 4607 898 4729 prebende
933 4620 1171 4701 canonicalis
1207 4649 1281 4730 per
1317 4601 1477 4703 Ericum
1506 4651 1640 4731 regem
1671 4624 1777 4702 Erici
1806 4623 1912 4729 regis
1941 4620 2069 4718 filium.

455 4761 503 4841 ln
548 4767 711 4846 nomine
755 4779 889 4846 sancte
924 4773 964 4866 &
994 4765 1203 4850 indiuidua
1232 4767 1425 4847 trinitatis
1453 4769 1603 4853 Ericus
1630 4768 1728 4849 erici
1759 4765 1873 4846 filius.
1931 4766 2072 4845 Divina

290 4873 447 4953 fauente
475 4870 702 4954 clemencia.
735 4877 941 4958 Danorum
970 4905 1052 4958 rex.
1110 4878 1308 4960 Omnibus
1338 4877 1562 4960 Catholicis.
1593 4879 1779 4961 Salutem.
1836 4873 2071 5004 pemagnis
2174 4913 2176 4918 v

1809 5005 1880 5067 tri·
