4368 5950
947 479 1362 560 -168-

274 719 413 786 sancte
439 696 646 807 negotium
673 687 986 806 procurandum
1024 711 1071 780 ut
1099 697 1132 778 si
1160 697 1347 804 exigente
1382 698 1615 780 necessitate
1649 720 1807 776 sacrum
1841 696 2034 780 concilium

275 810 575 926 approbauerit.
602 836 677 889 nos
691 805 956 917 personaliter
970 809 1103 917 ipsum
1116 809 1323 914 negotium
1339 834 1582 890 assumamus
1597 804 1792 888 efficatius
1813 833 2035 915 promouere

274 923 381 1006 dum.
409 917 628 1002 Credentes
656 919 779 1046 igitur
807 918 885 997 hoc
912 919 1085 999 salutare
1114 919 1369 1026 propositum
1398 919 1449 999 ab
1479 919 1550 999 illo
1578 914 1834 999 descendere.
1860 945 1975 1027 aquo
1988 938 2037 1000 cst

272 1060 392 1115 omne
427 1030 567 1112 datum
603 1046 800 1137 optrmum
846 1035 885 1110 8<
920 1057 1037 1110 omne
1074 1027 1223 1111 donum'
1260 1029 1495 1137 perfectum.
1526 1026 1780 1136 uniuersitatj
1820 1045 1951 1108 uestre
1977 1056 2040 1137 per

274 1141 495 1256 apostolica
523 1139 674 1249 scripta
717 1139 980 1247 precipiendo
1022 1140 1269 1221 mandamus.
1305 1139 1497 1250 quatinus
1532 1167 1606 1219 uos
1649 1139 1783 1218 taliter
1820 1142 2039 1247 preparetis.
2111 1193 2114 1198 -

274 1253 437 1364 quoda
466 1251 644 1362 presentj
671 1248 870 1334 dominice
898 1251 1184 1334 incarnationis
1219 1248 1439 1334 millesimo.
1468 1249 1740 1336 ducentesimo
1775 1247 2043 1330 terciodecimo

241 1361 245 1368 ¹
273 1391 383 1448 anno
408 1388 539 1471 usque
567 1359 618 1440 ad
647 1359 747 1446 duos
776 1385 904 1439 annos
933 1366 972 1440 8<
1001 1359 1211 1446 dimidium
1239 1361 1402 1469 prolixis
1431 1359 1548 1441 uobis
1576 1386 1654 1469 pro
1681 1361 1855 1440 termino
1876 1358 2043 1440 kalendis

273 1471 516 1556 Nouembris
544 1475 685 1557 nostro
713 1497 786 1552 uos
823 1471 1057 1580 conspectuj
1093 1473 1339 1579 presentetis.
1384 1501 1474 1558 eum
1516 1469 1710 1554 modestia
1739 1475 1778 1550 8<
1806 1465 1969 1550 cautela.
1995 1473 2044 1549 ita

273 1582 386 1694 quod
417 1585 459 1662 in
487 1600 619 1668 uestra
647 1582 856 1690 prouincia
884 1608 988 1664 uuus
1017 1582 1082 1661 uel
1112 1581 1194 1660 duo
1224 1581 1274 1663 de
1302 1582 1569 1690 suffraganeis
1590 1580 1752 1663 ualeant
1767 1579 1915 1692 Episco
1945 1582 2042 1660 isre-

274 1721 445 1794 manere.
483 1719 560 1801 pro
601 1693 902 1780 christianitatis
931 1693 1160 1777 ministeriis
1188 1691 1430 1777 exercendis.
1461 1697 1502 1771 &
1528 1707 1630 1790 tam
1653 1684 1718 1772 illi‘
1734 1690 1861 1802 quam
1891 1609 1957 1799 aiij
1983 1693 2044 1802 qui

273 1804 466 1892 canonica
496 1801 601 1890 forte
631 1801 910 1912 prepeditione
940 1801 1094 1909 detentj
1122 1803 1393 1909 personaliter.
1415 1803 1554 1881 uenire
1583 1803 1853 1913 nequiuerint
1890 1801 2046 1881 idoneti's

272 1941 420 2024 prose
448 1913 625 2021 dirigant
653 1911 911 2022 responsales
942 1939 1205 2022 personarum
1243 1929 1283 1992 et
1317 1915 1571 1996 euectionum
1600 1911 1876 1993 mediocritate
1897 1927 2044 1992 seruata

272 2053 395 2138 quam
425 2023 673 2114 lateranense
702 2023 916 2106 concilium
945 2022 1147 2110 diffiniuit.
1179 2037 1225 2103 ut
1254 2023 1391 2102 nullus
1419 2025 1583 2107 omnino
1611 2023 1748 2130 plures
1762 2025 1899 2136 quiuis
1927 2037 2046 2101 autem

272 2136 480 2246 pautiores
504 2162 642 2222 seeum
670 2134 871 2220 adducere
900 2135 1038 2239 possit.
1068 2161 1143 2212 nec
1172 2135 1384 2244 quisquam
1414 2133 1635 2243 superfluas
1671 2133 1791 2234 saciat
1819 2139 1855 2212 8t
1903 2157 2047 2246 ponpo-

272 2255 336 2330 sas
379 2243 449 2330 sed
492 2245 731 2336 necessarias
773 2261 929 2330 tantum
958 2259 998 2322 et
1038 2241 1263 2328 moderatas
1302 2271 1498 2353 expensas
1540 2243 1791 2326 ostendendo
1822 2271 1866 2326 se
1897 2260 1988 2322 actu
2014 2257 2048 2319 et

272 2355 417 2437 habitu
445 2383 588 2436 uerum
615 2353 757 2442 christi
782 2353 979 2437 cultorem
1007 2382 1099 2433 cum
1128 2381 1211 2440 non
1243 2356 1433 2442 secularis
1478 2353 1696 2466 applausus
1731 2353 1802 2437 sed
1836 2351 2048 2462 spiritualis

272 2465 479 2575 profectus
512 2469 556 2547 in
584 2467 662 2558 hoc
689 2465 759 2560 sits
775 2465 939 2574 negotio
975 2463 1252 2574 requirendus.
1286 2467 1508 2574 iniungatis
1544 2480 1678 2544 autem
1714 2491 1787 2544 uos
1821 2463 1967 2545 fratres
1994 2489 2049 2541 ar·

272 2577 518 2684 chiepiseopi
547 2605 593 2656 ac
620 2577 799 2684 episcopi
823 2592 1022 2684 entparte
1048 2591 1197 2654 nostra.
1242 2577 1438 2658 uniuersis
1466 2575 1720 2656 ecclesiarum
1749 2575 1949 2683 capitulis.
1977 2602 2051 2652 non

273 2688 404 2772 solum
434 2685 735 2788 Cathedralium
763 2684 834 2772 sed
863 2689 982 2774 etiam
1011 2686 1181 2774 aliarum
1209 2702 1254 2765 ut
1288 2687 1514 2797 prepositos
1535 2685 1615 2768 'uel
1649 2683 1824 2764 decanos
1860 2703 1933 2766 aut
1961 2684 2051 2764 alios

273 2800 383 2880 uiros
411 2796 579 2884 idoneos
607 2795 659 2881 ad
686 2795 901 2877 concilium
929 2823 1005 2906 pro
1034 2824 1074 2875 se
1109 2797 1280 2882 mittant.
1317 2825 1409 2880 cum
1442 2794 1638 2875 nonnulla
1673 2797 1752 2874 sint
1782 2798 1946 2904 inipso
1978 2811 2053 2874 tra·

275 2906 423 2992 ctanda
451 2934 531 3016 que
559 2907 785 3020 specialiter
814 2906 866 2996 ad
894 2907 1151 2994 ecclesiarum
1180 2906 1357 3014 capitula
1392 2904 1666 3015 pertinebunt.
1698 2901 1864 2985 Interim
1893 2911 2053 2986 uero&

179 3021 182 3030 ’
273 3046 348 3128 per
376 3043 450 3094 uos
485 3019 593 3124 ipsos
622 3022 680 3104 litr
688 3045 762 3126 per
790 3016 889 3096 alios
916 3020 1026 3098 uiros
1053 3016 1273 3125 prudentes
1302 3019 1490 3096 uniuersa
1518 3013 1721 3097 subtiliter
1736 3019 1777 3096 in
1808 3017 1953 3098 uiratis
1980 3041 2053 3124 quc

184 3150 217 3180 ·’
272 3128 533 3209 correctionis
561 3133 634 3215 aut‘
660 3128 955 3218 reformationis
990 3127 1124 3208 sardio
1158 3127 1338 3236 indigere
1375 3125 1577 3208 uidentur.
1606 3131 1645 3205 8<
1673 3153 1719 3205 ea
1753 3046 1928 3210 fideliter
1964 3153 2052 3205 con·

273 3239 501 3320 scribentes.
532 3236 584 3326 ed
611 3239 715 3345 saerj
743 3237 904 3344 concilij
940 3238 1148 3345 perferatis
1180 3265 1358 3317 examen.
1393 3238 1499 3318 circa
1536 3237 1844 3317 subuentionem
1878 3241 2055 3317 necessa«

272 3349 372 3430 riam
401 3363 506 3426 terre
538 3364 675 3434 sancte
703 3348 777 3427 ubi
804 3346 902 3427 deus
928 3375 999 3436 rex
1029 3363 1165 3427 noster
1193 3364 1287 3426 ante
1308 3347 1441 3428 secula
1470 3344 1641 3428 salutem
1677 3351 1719 3427 in
1762 3346 1895 3428 medio
1943 3365 2058 3427 terre.

272 3461 461 3567 dignatus
488 3474 549 3544 est
574 3459 734 3568 operarj
761 3485 879 3566 opem
904 3463 1138 3568 &operam
1166 3457 1380 3544 efficaciter
1414 3457 1647 3566 impensurj.
1678 3457 1899 3542 assistendo
1934 3456 2056 3540 fideli·

272 3573 404 3652 ter&
431 3563 651 3676 prudenter
679 3569 755 3648 hiis
783 3597 886 3678 quos
915 3569 1241 3678 deputauerimus
1263 3569 1314 3650 ad
1342 3569 1421 3649 hoc
1450 3570 1657 3676 negotium
1698 3570 1930 3676 specialiter
1967 3578 2056 3678 pro·

271 3677 496 3764 curandum
530 3678 681 3760 Nullus
702 3681 839 3790 itaque
873 3707 915 3760 se
951 3679 1148 3768 fallaciter
1180 3680 1422 3760 excusando.
1459 3679 1510 3762 ab
1549 3679 1784 3758 executione
1820 3697 1902 3760 tam
1933 3678 2057 3760 sancti

271 3791 405 3901 operis
432 3788 655 3870 subtrahat.
685 3792 721 3880 si'
745 3789 1081 3874 canonicamuult
1095 3788 1274 3904 effugere
1303 3791 1506 3869 ultionem.
1528 3791 1655 3869 Nemo
1677 3785 1974 3874 dissentionum
1989 3791 2057 3870 ob'·

271 3900 420 3984 stacula
447 3899 513 3979 uel
542 3901 730 3985 itinerum
758 3899 1052 4007 impedimenta
1069 3915 1265 3980 catrsetur.
1296 3927 1376 4008 que
1405 3899 1568 3984 domino
1618 3899 1788 3980 faciente
1815 3905 1980 4010 signum
2020 3901 2057 3978 in

269 4011 388 4092 honis
415 4037 465 4088 ex
493 4039 636 4117 magna
665 4012 743 4091 iam
771 4027 886 4122 parte
913 4036 1065 4097 cessare
1090 4017 1300 4116 oeperunt.
1358 4011 1460 4092 Nam
1490 4027 1529 4091 et
1541 4029 1696 4120 quanto
1710 4012 1878 4092 iminent
1907 4015 2057 4094 maiora

271 4119 461 4230 pericula.
493 4137 608 4210 tanto
636 4125 796 4231 potiora
823 4117 998 4214 remedia
1027 4119 1218 4204 ,conuenit
1246 4119 1441 4228 adhiberj.
1472 4123 1703 4230 Numquam
1724 4124 1830 4206 enim
1844 4121 2060 4232 nauigabit

270 4239 348 4418 per
369 4256 520 4338 equora
550 4234 623 4341 qui
650 4259 805 4340 semper
834 4245 1020 4336 expectat
1048 4245 1094 4311 ut
1121 4255 1230 4320 mare
1262 4259 1346 4310 non
1360 4233 1535 4311 concitet
1563 4259 1613 4310 ex
1642 4261 1683 4311 se
1704 4231 1861 4316 fluctus.-
1905 4237 2058 4318 Datum

287 4359 433 4423 ateran.
467 4342 575 4421 Xlli.
606 4340 685 4421 kal.
715 4341 808 4449 maij
836 4339 1096 4420 Pontificatus
1124 4341 1254 4449 nostrj
1283 4369 1390 4448 anne
1418 4340 1709 4422 Sextodccimo.

582 4484 772 4569 'Blybullan
793 4483 909 4566 hunger
931 4487 942 4556 i
961 4494 1009 4554 ett
1030 4483 1114 4566 gmft
1134 4484 1241 4548 clilekt
1260 4488 1360 4566 suite,
1381 4481 1527 4548 liknande
1547 4484 1719 4567 tegelgarn.

350 4599 407 4694 ¹Era
426 4600 550 4696 altdeles
569 4604 632 4682 iila
652 4600 790 4682 &dende
809 4600 930 4662 tattetse
951 4601 1009 4671 laer
1038 4597 1136 4690 {foen
1167 4601 1266 4745 asgdtt
1298 4604 1349 4665 titt
1379 4600 1639 4684 Arde-Brittopeu,
1661 4624 1703 4666 m.
1724 4601 1772 4686 fl.
1796 4601 1941 4666 ituras
1966 4602 2061 4674 Me·

316 4676 531 4764 Baskopsdome
551 4688 645 4774 enligt
665 4684 906 4775 cnmirlrnt'rrgeu
929 4681 989 4742 au'd
1007 4681 1047 4743 Κ,
1068 4703 1108 4744 m.
1133 4701 1161 4744 2:
1184 4707 1200 4768 7
1224 4684 1252 4748 6.
1276 4687 1333 4748 An.
1361 4685 1409 4748 16.
1427 4685 1485 4770 Ep.
1508 4687 1557 4747 30.
1595 4747 1601 4756 ,

1728 4903 1730 4908 Ι
1766 4803 1851 4908 146,
1909 4913 1930 4939 κ
