4406 5966
972 503 1032 526 ..
1141 459 1270 564 714,
1331 501 1459 598 ‘a'

184 678 188 686 ’
291 701 430 768 nostro
459 707 552 791 rege
580 677 864 776 Waldamaro,
892 681 932 756 8(
965 677 1017 759 ab
1046 679 1148 758 aliis
1163 678 1493 786 progenitoribus
1520 677 1689 776 nostris,
1717 705 1794 760 nec
1808 707 1942 761 nona
1971 677 2084 761 nobis

291 819 492 889 concessa,
520 788 670 873 eisdem
697 787 854 872 civibus
885 789 1102 870 Wismarie
1131 791 1174 868 in
1191 790 1368 869 Scanora
1397 797 1437 872 8(
1464 791 1552 872 aliis
1579 789 1710 868 nostri
1738 793 1854 898 regni
1882 791 2082 900 partibus,
2190 829 2191 894 j

291 920 416 1018 prout
444 905 494 983 in.
515 902 642 982 literis
662 901 819 982 nostris
847 925 969 1008 super
997 900 1076 982 boc
1105 898 1301 980 confectis
1329 900 1478 981 clarius
1505 900 1758 999 continetur,
1788 901 2015 983 liberaliter
2028 903 2085 982 in·
2189 895 2191 926 ¹

291 1017 514 1126 dulgemua
542 1011 806 1093 Prohibentes
835 1010 1013 1109 firmiter,
1040 1010 1117 1092 sub
1148 1009 1322 1091 obtentu
1350 1013 1477 1121 gratie
1506 1027 1656 1106 nostre,
1686 1039 1738 1092 ne
1765 1016 1855 1122 qvis
1885 1011 2081 1122 predicto-

290 1157 383 1210 rum
410 1123 702 1210 advocatorum
728 1149 801 1202 seu
828 1125 1062 1202 exactorum
1088 1138 1341 1218 nostrorum,
1384 1122 1449 1205 vel
1477 1125 1687 1234 qvisqvam
1705 1123 1838 1219 alius,
1882 1121 2084 1233 predictos

271 1243 397 1322 ‘cives
427 1238 664 1332 Wismarie,
697 1250 842 1316 contra
873 1231 1107 1339 hujusmodi
1148 1234 1349 1342 privilegii
1385 1235 1519 1315 ¹nostri
1561 1229 1740 1331 indulta,
1783 1235 2003 1314 molestare
2029 1235 2085 1314 vel

293 1375 441 1433 vexare
477 1346 622 1428 audeat
649 1372 814 1456 qvoqvo
844 1341 977 1426 modo.
1014 1342 1136 1449 Qvod
1163 1345 1394 1454 qvicunqve
1422 1344 1580 1441 fecerit,
1610 1346 1759 1451 regiam
1774 1342 1934 1454 'procul
1966 1343 2089 1426 dubio

292 1457 576 1566 noneffugiet
604 1456 811 1538 ultionem.
840 1455 887 1535 ln
916 1453 1034 1563 cujus
1061 1456 1121 1535 rei
1149 1456 1422 1536 testimonium
1464 1471 1671 1565 presentes
1698 1457 1754 1536 eis
1782 1455 1919 1538 literas
1949 1472 2094 1537 contu·

293 1574 432 1666 limus,
459 1569 584 1678 sigilli
608 1568 737 1656 nostri
763 1566 985 1646 munimine
1012 1564 1237 1648 roboratas.
1267 1569 1418 1648 Datum
1438 1565 1646 1676 Nikiiping
1674 1571 1794 1650 Anno
1815 1567 1987 1648 Domini
2016 1568 2093 1648 ΜΟ·

294 1681 556 1764 CC⁰LXVII⁰
586 1678 682 1761 Idus
696 1677 834 1758 ·Junii·
849 1678 1040 1786 septimo,
1067 1677 1324 1788 presentibus
1352 1679 1534 1762 Dominis
1546 1679 1718 1760 Ernesto
1733 1680 1890 1762 Comite
1911 1677 1967 1760 de
1982 1677 2094 1760 Glio'

292 1795 393 1891 ken,
421 1799 462 1875 &
487 1790 648 1874 Matheo
675 1786 882 1900 Dapifero.
1666 1789 1672 1796 '

95 2237 98 2248 ·
180 2179 188 2202 ’
299 2169 465 2297 861(ι
928 2181 1078 2292 1268
1124 2185 1174 2292 d.
1223 2225 1290 2292 21
1343 2181 1458 2292 Oct.
1583 2297 1586 2302 ,
1775 2177 1782 2185 ’
1857 2173 2092 2292 Roskild.

375 2409 442 2470 mu
462 2403 699 2486 cmnnmyg
721 2411 767 2466 nt
786 2401 840 2464 aa
861 2401 937 2485 goa
957 2405 999 2488 ps
1020 2403 1135 2470 seram
1152 2405 1216 2468 ou
1236 2408 1247 2468 s
1269 2406 1388 2486 sune,
1410 2428 1478 2470 som
1498 2405 1563 2470 non
1581 2389 1673 2489 'guva
1700 2405 1748 2468 uu
1769 2403 1817 2466 so
1837 2403 1938 2468 um
1960 2403 2091 2484 um,

426 2509 484 2551 var
503 2489 532 2571 ej
553 2486 709 2572 betydligt
728 2495 813 2550 emot
831 2481 917 2548 hvad
937 2485 1001 2549 bon
1022 2489 1140 2553 lemnat
1159 2491 1208 2553 till
1228 2492 1294 2552 sina
1313 2491 1481 2572 arivingar.
1724 2503 1730 2510 ·

1785 2566 1822 2624 L.
1840 2571 1961 2638 1029940

459 2705 662 2788 Omnibus
702 2719 909 2813 presentes
951 2705 1105 2788 litteras
1147 2705 1407 2817 inspecturis,
1450 2693 1619 2804 Cecilia',
1647 2703 1788 2786 relicta
1831 2705 2001 2784 Domini
2047 2705 2093 2784 N.

292 2816 499 2932 qvondam
525 2814 749 2920 stabularii,
781 2813 950 2896 salutem
978 2817 1225 2927 perhennem
1254 2819 1297 2898 in
1324 2845 1422 2900 vero
1449 2819 1628 2900 salutari.
1683 2819 1776 2921 Quc
1808 2833 2013 2926 geruntur
2055 2815 2095 2894 in

177 2961 187 2974 ·
250 2957 257 2965 ·
294 2949 476 3040 tempore
504 2924 777 3010 commendari
812 2925 1037 3012 litterarum
1066 2944 1361 3012 consveverunt
1403 2930 1603 3040 apicibus,
1631 2929 1673 3008 in
1700 2928 1889 3008 memorie
1918 2925 2094 3008 humane

293 3041 518 3126 subsidium
546 3068 592 3120 ac
621 3036 852 3119 stabilitatis
880 3055 1076 3148 perpetue
1103 3040 1410 3124 firmamentum.
1445 3043 1576 3152 Igitur
1603 3040 1856 3121 universitati
1883 3054 2024 3118 vestre
2040 3055 2093 3118 te·
2122 3041 2124 3044 ’

292 3181 395 3233 nore
424 3152 668 3260 presentium
697 3147 803 3230 facio
832 3151 1105 3248 manifestum,
1134 3180 1196 3231 me
1226 3153 1443 3236 contulisse
1477 3153 1601 3234 libere
1616 3147 1860 3262 possidenda
1889 3166 2096 3260 perpetuo

294 3280 336 3344 et
364 3278 537 3344 scotasse
566 3260 609 3338 in
643 3287 786 3341 manus
812 3261 994 3343 'Domini
1036 3265 1144 3344 Petri
1185 3265 1386 3371 Prepositi
1414 3261 1689 3345 Roskildensis
1729 3261 1836 3341 bona
1880 3289 1989 3356 mea,
2019 3288 2094 3370 qve

293 3373 519 3454 Hellelaevae
544 3369 711 3450 machlae
739 3371 918 3479 possedi,
948 3402 1040 3454 cum
1068 3372 1254 3454 omnibus
1283 3377 1364 3455 suis
1393 3373 1617 3456 attinentiis
1644 3372 1863 3453 mobilibus
1891 3389 1936 3452 et
1965 3375 2092 3452 inmo-

294 3483 464 3580 bilibus,
493 3480 701 3562 sororibus
728 3499 866 3562 sancte
896 3485 1015 3564 Clare
1045 3483 1269 3564 Roschildis
1299 3485 1341 3562 in
1371 3485 1592 3568 remedium
1619 3485 1750 3564 anime
1778 3509 1887 3578 mee,
1914 3483 1967 3564 de
1992 3484 2088 3563 libe·

295 3623 434 3677 rorum
461 3618 643 3672 meorum
670 3597 711 3670 8(
738 3591 931 3698 heredum
960 3593 1215 3703 beneplacito
1243 3611 1284 3674 et
1310 3595 1534 3692 voluntate,
1563 3623 1652 3676 cum
1668 3594 1815 3705 qvibus
1831 3594 1955 3674 etiam
1980 3621 2081 3676 som-

294 3707 409 3788 ribus
439 3701 588 3784 intuitu
617 3702 772 3783 celestis
801 3703 998 3786 libertatis
1026 3704 1182 3785 recludi
1209 3707 1303 3786 volo
1332 3707 1374 3786 in
1403 3707 1599 3815 presenti,
1628 3704 1855 3786 honoribus
1884 3706 2025 3788 mundi
2050 3721 2091 3786 et

268 3816 446 3901 'divitiis
475 3813 695 3907 derelictis,
731 3811 919 3923 exemplo'
946 3819 1135 3930 pauperis
1174 3817 1371 3913 crucifixi,
1415 3835 1461 3898 ut
1489 3817 1662 3897 creatori
1705 3815 1885 3897 omnium
1928 3817 2096 3898 liberius

295 3944 337 4009 et
364 3928 540 4038 qvietius
568 3942 750 4034 tempore
778 3925 860 4004 vite
890 3953 974 4005 mee
1003 3929 1153 4006 servire
1170 3928 1338 4024 valeam,
1368 3930 1411 4007 in
1440 3955 1620 4008 meorum
1650 3928 1923 4007 remissionem
1953 3957 2098 4036 pecca-

296 4043 462 4134 minum,
491 4036 567 4115 sub
596 4033 807 4144 disciplina
839 4037 1027 4145 regulari.
1058 4038 1210 4116 Verum
1238 4040 1331 4146 qvia
1362 4037 1480 4119 dolus
1510 4056 1550 4120 et
1578 4038 1734 4118 malicia
1750 4037 2101 4149 qvamplurimum
2188 4099 2189 4136 2

291 4177 404 4234 nunc
432 4145 653 4228 vendicant
681 4148 759 4228 sibi
786 4164 963 4257 tempus,
992 4174 1044 4227 ne
1072 4149 1226 4256 prefate
1254 4175 1430 4245 sorores,
1460 4177 1531 4230 seu
1555 4151 1735 4260 ipsarum
1763 4151 2000 4248 claustrum,
2029 4179 2102 4233 oc·

293 4262 455 4344 casione
484 4257 686 4340 dictorum
721 4261 922 4340 bonorum
954 4261 1095 4367 impeti
1122 4259 1282 4342 valeant
1311 4261 1352 4339 in
1383 4277 1590 4369 posterum
1634 4259 1700 4340 vel
1727 4259 1923 4358 infestari,
1966 4263 2103 4360 bona,

292 4397 371 4482 qve
419 4371 517 4450 meis
558 4365 778 4449 heredibus
812 4369 1031 4452 dividenda
1074 4370 1278 4480 relinqv0,
1309 4369 1407 4452 duxi
1451 4371 1708 4479 presentibus
1750 4372 2009 4472 annotanda,
2056 4393 2106 4456 ut

296 4483 486 4563 omnibus
519 4479 627 4561 clare
642 4495 779 4587 pateat
811 4499 852 4562 et
881 4480 1109 4585 manifeste,
1137 4482 1247 4592 qvod
1277 4483 1327 4562 de
1356 4483 1475 4586 bonis
1488 4485 1597 4579 meis,
1612 4481 1834 4563 secundnm
1850 4483 1962 4593 leges
1981 4504 2107 4584 terre,

295 4595 339 4675 in
369 4593 458 4699 pios
482 4618 578 4670 usus
607 4591 714 4673 licite
743 4591 835 4699 plus
861 4621 1018 4701 possem
1047 4620 1225 4702 erogare.
1257 4592 1334 4674 Sed
1364 4609 1535 4703 propter
1568 4591 1762 4675 heredum
1789 4621 1975 4676 meorum
2008 4627 2109 4708 pre·

295 4699 498 4788 dictorum
526 4702 718 4782 solacium
752 4707 792 4780 8(
819 4702 1007 4812 juvamen
1036 4703 1114 4783 hoc
1142 4703 1302 4786 modico
1329 4731 1418 4786 sum
1438 4721 1641 4787 contenta.
1669 4704 1855 4787 Predicta
1871 4733 1974 4788 vero
1991 4709 2107 4792 bona

297 4829 394 4898 sunt
421 4810 507 4907 hec,
535 4812 579 4892 in
607 4810 825 4920 Seylandia
853 4812 1198 4920 Gunnidldaeryth
1236 4843 1327 4904 cum
1355 4817 1437 4895 suis
1479 4816 1719 4913 attinentiis,
1769 4815 1979 4930 Ekithorp
2009 4824 2115 4904 cum'

294 4927 378 5010 suis
405 4923 645 5021 attinentiis,
678 4926 722 5005 in
749 4923 893 5005 Scania
923 4941 1059 5006 autem
1092 4924 1247 5006 kalef
1284 4955 1376 5008 cum
1410 4945 1543 5009 castro
1584 4931 1625 5012 8(
1657 4927 1847 5010 omnibus
1890 4935 1980 5014 suis
2008 4937 2115 5017 atti·

294 5037 467 5134 nenciis,
496 5034 715 5118 Gotaerslef
738 5033 991 5146 integraliter
1018 5063 1110 5120 cum
1125 5037 1359 5121 molendino
1388 5045 1428 5121 8(
1456 5037 1644 5124 omnibus
1656 5037 1745 5122 aliis
1759 5041 1994 5128 attinentiis
2022 5049 2109 5134 Ista
