4406 5966
1440 355 1443 363 ¹
1519 343 1524 378 l

958 456 1012 523 τ
1119 417 1208 522 -730
1319 439 1381 480 ···'

6 636 11 654 '
87 673 97 687 ·
155 623 167 704 s
262 675 339 732 nec
367 646 490 728 eximi
550 641 730 726 otuerint
758 665 831 750 per
859 633 963 722 ullas
991 636 1238 734 occasiones,
1267 636 1561 746 magnificentie
1583 639 1746 722 Domini
1768 637 1976 724 Gnidonis
2003 671 2066 726 cc-
2117 644 2121 657 “

240 761 371 843 'mitis
400 757 498 860 Flan
533 759 601 836 rice
630 756 739 862 ipsos
768 763 1012 832 mercatores
1039 775 1162 858 super
1190 747 1268 829 hiis
1296 749 1504 860 querulari
1537 752 1753 832 necessitas
1786 754 2063 864 compellebat.
2196 799 2200 844 7

262 877 436 980 Propter
464 867 578 982 quod
606 865 713 948 idem
741 860 929 946 dominus
955 887 1087 946 comes
1130 857 1348 944 auditis&
1376 859 1591 944 intellectis
1625 861 1786 943 sorum
1806 869 2063 974 querimoniis
2198 901 2200 918 2

134 974 143 984 ’
263 1013 314 1067 ex
343 979 586 1064 liberalitate
614 1004 696 1059 snas
724 973 962 1082 donacionis
989 999 1072 1054 una
1101 1001 1194 1052 cum
1221 969 1377 1085 oppido
1407 972 1771 1086 Ordenburghensi
1797 979 2056 1088 contulitpn'·

260 1095 411 1205 vilegia
438 1093 692 1176 diversarum
721 1085 954 1168 libertatum
982 1087 1023 1186 s,
1051 1083 1277 1192 graciarum
1307 1086 1601 1172 mercatoribus
1624 1087 1840 1185 universis,
1877 1091 1955 1200 qui
1983 1119 2050 1173 cum

262 1210 345 1292 suis
383 1205 555 1288 navibus
585 1207 625 1284 &
653 1198 924 1280 mercimoniis
945 1192 1221 1278 Ordeuborch
1251 1194 1446 1304 elegerint
1474 1226 1498 1278 a
1525 1195 1648 1280 modo
1676 1197 1950 1310 frequentare.
1981 1203 2054 1304 Qua

262 1332 435 1432 propter
462 1342 537 1396 nos
558 1308 792 1398 huiusmodi
821 1308 971 1417 gratias
997 1308 1200 1392 intuentes
1229 1309 1269 1403 a
1297 1307 1405 1389 clare
1432 1306 1761 1406 considerantes,
1776 1309 1892 1420 quod
1920 1311 2059 1394 ibidem

164 1499 170 1508 .
261 1435 306 1516 in
334 1425 610 1513 Ordcnborch
638 1423 813 1536 quilibet
841 1419 1018 1531 hospites
1046 1445 1139 1498 cum
1168 1419 1256 1501 aliis
1283 1418 1513 1530 hospitibus
1533 1419 1816 1504 indifferenter
1847 1425 2064 1506 &civibus

262 1571 324 1628 em
356 1543 556 1623 tiones&
583 1535 843 1620 vendiciones
871 1559 918 1611 ac
947 1531 1282 1620 commutationes
1344 1532 1590 1614 uararmlibct
1624 1560 1762 1616 rerum
1802 1560 1967 1614 suarum
1997 1535 2064 1618 sub

262 1571 409 1740 eisdem
445 1649 706 1734 libertatibus
736 1644 862 1725 libero
892 1639 1052 1724 valeant
1071 1636 1280 1742 citercere,
1310 1560 1500 1727 duximus
1515 1641 1832 1754 acceptandum,
1860 1661 1909 1726 ut
1940 1675 2066 1758 quan·

61 1787 65 1800 “
133 1753 158 1825 '1
262 1787 351 1849 tum
380 1767 423 1846 in
452 1762 571 1843 nobis
600 1775 679 1855 est,
712 1754 895 1866 specialis
926 1754 1040 1844 sedes
1069 1759 1109 1835 n
1138 1752 1353 1867 dispositio
1382 1775 1650 1850 mercatorum
1665 1757 1810 1838 existat
1838 1758 1887 1838 in·
1910 1756 2067 1840 Ouden-

261 1877 412 1973 borch,
441 1871 683 1984 specialibus
711 1868 828 1949 nobis
865 1866 1258 1984 frequentationibus
1299 1866 1481 1952 aliarum·
1510 1883 1721 1980 portuum,
1763 1883 1991 1968 terrarum,
2018 1873 2068 1952 cid
2107 1897 2112 1906 ·

218 2069 222 2076 .
261 1991 434 2074 vitatum
464 1991 504 2066 &
532 1986 715 2065 locorum
734 1981 974 2082 reservatis,
1009 1977 1205 2092 quamdiu
1233 1995 1318 2061 tam
1346 1981 1432 2093 ipse
1458 2007 1610 2078 comes,
1638 2006 1759 2090 quam
1785 1981 1893 2061 cives
1920 1981 1967 2061 in
1996 1983 2068 2064 Or·

262 2097 492 2197 deuborch,
520 2081 644 2207 'quam
683 2118 828 2172 eorum
870 2118 1118 2177 successores
1142 2090 1350 2176 libertates
1379 2121 1426 2174 ac
1455 2093 1608 2204 gratias
1635 2095 1676 2171 δε
1704 2093 1918 2200 privilegia
1954 2093 2070 2176 nobis

206 2293 213 2312 ,
262 2228 491 2295 tenuerunt
518 2206 731 2318 prelibata.
760 2203 809 2282 ln
838 2203 1028 2288 cuiusrei
1057 2203 1334 2286 testimonium
1363 2231 1528 2316 presens
1542 2207 1739 2316 scriptum
1769 2203 1912 2312 sigillis
1941 2207 2069 2287 nostri

241 2325 444 2408 civitatis
470 2337 554 2404 tam
600 2315 969 2411 Theutonicorum‚
1042 2341 1136 2396 uam
1171 2315 1433 2416 Gutterisium
1469 2314 1658 2398 duximus
1701 2315 2070 2400 communiendum
2167 2339 2171 2344 ·

22 2444 28 2462 “
127 2459 130 2464 ·
257 2427 415 2520 'Datum
443 2459 555 2515 auno
582 2427 748 2512 Domini
780 2425 924 2510 MCCL
1074 2427 1243 2538 septimo
1272 2425 1448 2513 Kalend
1475 2425 1735 2536 Novembris,

270 2729 404 2938 sss.
679 2917 681 2927 .
887 2785 931 2916 ’.
1099 2792 1366 2928 odas*

357 3077 374 3101 ν
389 3076 403 3111 .·
418 3067 501 3114 amas
522 3029 588 3112 oeh'
605 3044 747 3110 Amanus
767 3039 867 3108 Escae
894 3041 997 3106 adnare
1029 3017 1209 3120 thvobrel'
1223 3043 1266 3128 pl
1286 3039 1385 3128 nigre
1415 3041 1531 3128 gudae
1561 3041 1620 3110 till·
1638 3041 1728 3111 deras
1759 3053 1856 3130 synar
1886 3043 2075 3111 lacessant

401 3134 574 3213 clenninge
596 3128 646 3192 fb'r
667 3137 712 3192 att
731 3125 909 3192 sedermcra
929 3125 1057 3192 tillfalla
1076 3121 1130 3190 det
1149 3125 1306 3191 derstlldes
1324 3127 1374 3194 till
1394 3127 1569 3192 inrtttande
1588 3127 1692 3212 ifidga
1713 3137 1793 3191 satte
1814 3127 1942 3222 lloner.
2069 3202 2073 3211 p

1541 3307 1549 3318 ,
1681 3237 1967 3332 abanan·

434 3378 635 3462 Omnibus
663 3405 829 3487 presens
856 3377 1054 3487 scriptum
1082 3375 1345 3460 cernentibus
1358 3374 1565 3460 lohannes
1586 3374 1718 3460 Elam
1732 3375 1943 3488 quondam
1970 3375 2073 3458 lilius

269 3511 308 3584 ες
335 3502 502 3584 anahem
516 3491 641 3570 frater
654 3491 739 3578 cius
753 3489 922 3571 salutem
936 3491 979 3570 in
994 3486 1173 3585 domino,
1204 3488 1342 3568 viuere
1371 3492 1411 3568 &
1438 3487 1574 3569 valere
1588 3503 1721 3571 vestra
1732 3490 1898 3574 nouerit
1913 3491 2069 3572 vnlner-

268 3615 360 3696 salis
376 3603 568 3696 discrecio
596 3599 712 3710 quod
746 3627 821 3682 nos
856 3599 998 3682 fratres
1033 3600 1282 3680 mansionem
1297 3599 1341 3680 in
1356 3597 1557 3700 miclaebir
1571 3598 1641 3708 cuj
1655 3597 1739 3681 duo
1767 3618 1916 3712 attung
1930 3617 2070 3710 quarta

268 3743 385 3836 parte
418 3719 546 3804 minus
575 3713 768 3808 attinent,
797 3737 900 3792 cum
917 3708 1155 3807 mobilibus,
1183 3709 1457 3793 immobilibus
1487 3715 1527 3790 &
1555 3711 1795 3802 vtensilibus
1823 3713 2075 3796 Mansionem

271 3842 314 3918 in
342 3828 546 3918 meamber
569 3825 636 3905 cni
665 3823 809 3912 attinet
837 3820 948 3905 aliud
977 3819 1189 3905 dimidium
1218 3837 1366 3928 attung
1408 3849 1499 3904 cum
1544 3820 1833 3906 mobilibus&
1860 3825 2077 3907 immobili·

268 3951 347 4032 bus
363 3955 401 4028 &
430 3935 680 4030 utensilibus,
711 3928 856 4015 Pre'dia
885 3933 930 4014 in
958 3948 1182 4026 ndrrsesten
1211 3937 1252 4026 ἃ
1280 3930 1424 4044 predia
1451 3935 1496 4014 in
1524 3959 1593 4014 aas
1622 3933 1785 4016 domina
1813 3935 1985 4045 lugerdi
2013 3963 2080 4017 so·

271 4062 358 4142 rori
387 4067 523 4137 nostra
553 4045 791 4156 skenningie
824 4045 1106 4155 commoranti,
1150 4071 1233 4156 que
1277 4042 1397 4150 nobis
1425 4043 1468 4124 in
1498 4046 1704 4152 presencia
1756 4043 1912 4128 domini
1955 4049 2082 4158 Regis

276 4163 511 4252 waldemari
540 4157 714 4254 scotauit
741 4185 859 4240 soror
888 4175 1026 4258 nostra
1054 4155 1289 4267 supradicta
1318 4171 1519 4267 perpetuo
1547 4155 1805 4266 possidenda,
1833 4159 1985 4241 iterum
2014 4190 2081 4242 re·

54 4268 78 4344 ἶ
157 4354 171 4383 ,,
268 4285 489 4394 linquimus
517 4271 589 4354 tali
617 4268 1131 4382 condicioneinterposita
1174 4268 1288 4381 quod
1320 4270 1355 4350 si
1382 4285 1611 4350 conuentus
1653 4270 1893 4356 monialium
1920 4273 2085 4354 in‘vita

270 4389 491 4506 predilectc
521 4387 671 4466 sororis
702 4397 840 4465 nostre
884 4399 987 4494 aput
1030 4383 1236 4466 ecclesiam
1278 4381 1428 4474 sancti„
1447 4379 1612 4466 Martini
1639 4377 1879 4494 skenningie
1922 4386 1967 4465 in
1998 4413 2087 4497 qua

271 4531 387 4590 soror
416 4515 556 4579 nmtra
584 4496 666 4606 jam
694 4512 878 4578 moratur
905 4497 991 4578 lieri
1020 4495 1206 4606 potuerit
1242 4495 1409 4606 spiritus
1452 4494 1583 4575 sancti
1624 4494 1760 4604 gracia
1809 4495 2087 4580 confirmante

165 4682 183 4707 0
271 4615 406 4700 omnia
437 4608 620 4718 predicta
647 4611 756 4692 bona
786 4624 827 4688 et
858 4609 1000 4714 predia
1029 4606 1083 4689 ad
1119 4634 1337 4717 expensam
1380 4604 1561 4688 eiusdem
1588 4623 1829 4688 conuentus
1857 4607 1901 4688 iu
1930 4636 2087 4718 perpe·

114 4801 120 4812 .
187 4725 190 4730 ’
270 4749 387 4806 tuum
415 4722 660 4804 conferimus
688 4719 943 4829 possidenda.
973 4721 1016 4801 Si
1044 4739 1138 4800 ante
1155 4737 1323 4802 mortem
1338 4719 1618 4830 prenominata
1647 4721 1797 4800 sororis
1812 4735 1952 4800 nostre
1981 4751 2087 4803 con·

270 4853 419 4918 uentus
446 4831 682 4925 monialium
723 4831 877 4942 jbidem
919 4834 1007 4916 lieri
1045 4833 1278 4948 nequiuerit
1319 4835 1455 4952 omnia
1502 4833 1608 4917 bona
1629 4837 1678 4923 ,ἃ
1704 4829 1849 4946 predia
1890 4833 2086 4946 predicta

269 5013 541 5036 edun-*-

311 5079 336 5152 *t
359 5076 372 5134 1
395 5024 883 5142 camaracensem
906 5073 930 5155 r,
951 5073 1013 5138 aa.
1034 5073 1071 5138 n
1095 5073 1182 5140 1281.
