4362 5946
987 429 1056 482 ω’
1157 417 1401 526 1981*

242 726 246 743 ,
294 641 543 733 ,exultantem
569 633 763 718 eonditor
791 637 971 718 omniun
1000 639 1044 718 in
1072 639 1254 720 Liuoniac
1278 665 1328 728 ac
1356 638 1525 718 Prdssiaa
1544 637 1748 750 partibus,
1776 635 1994 724 dilectorum
2015 647 2052 728 d·

302 752 449 833 liorum
456 749 642 830 Fratrum
649 748 920 858 Hospitalium
938 749 1098 830 Sancte
1112 749 1247 832 Mariae
1268 748 1616 832 Th'eutonicorum
1637 751 2055 858 Hyerosolimitanorun
2143 731 2145 768 ⁴

301 861 538 944 acaliorum
563 857 745 945 fidelium
775 860 1043 969 triumphanti
1056 859 1225 952 dextera
1240 861 1415 942 faciente
1446 863 1498 941 sit
1520 862 1800 973 multipliciter·
1811 865 2003 963 exaltatus,
2027 874 2057 948 8
2144 861 2145 866 ‘

300 993 393 1086 spes
421 974 473 1054 sit
500 970 615 1082 quod
642 970 794 1053 ibidem
821 973 948 1082 magis
973 999 1023 1054 ac
1050 974 1177 1082 magis
1206 975 1269 1055 sui
1284 973 1458 1052 nominis
1473 973 1602 1081 gloria
1617 975 1901 1084 protendatur,
1927 979 1956 1058 si
1968 979 2058 1084 plau⁶

299 1086 446 1168 tationi
473 1106 554 1164 suae
581 1085 760 1192 partium
787 1084 1007 1166 earundem
1034 1076 1216 1165 fauorem
1241 1111 1368 1196 quem
1398 1084 1440 1163 in
1469 1087 1559 1193 ipso
1587 1085 1795 1196 posuimus
1817 1086 2060 1198 impendentes

299 1211 578 1308 opportunum
606 1192 668 1274 illi
699 1219 776 1304 per
803 1193 976 1277 detectos
1011 1196 1197 1276 Ecclesiae
1237 1193 1465 1277 subsidium
1510 1225 1793 1306 procuremus,
1840 1198 2060 1280 deustionem

298 1309 432 1394 Tuam
459 1329 648 1414 rogamus
676 1310 718 1388 &
744 1307 953 1388 hortamur
980 1307 1024 1386 in
1053 1308 1229 1388 Domino
1253 1337 1325 1418 per
1341 1307 1574 1416 Apostolica
1588 1309 1665 1390 tibi
1686 1311 1835 1418 scripta
1850 1308 2060 1407 mandantes

214 1497 221 1509 ,
299 1447 348 1504 ac
377 1417 721 1500 inremissionem
749 1433 1012 1526 peccatorum
1040 1419 1309 1528 iniungentes,
1336 1435 1537 1527 quatenus
1566 1421 1609 1502 in
1638 1411 1788 1502 Wisbu
1804 1421 2063 1529 lingacopensis

137 1544 147 1562 '
298 1531 482 1615 Diocesis
510 1534 551 1608 &
577 1555 653 1638 per
687 1529 980 1611 Gotblandiam
1022 1549 1226 1639 assumpto
1255 1547 1403 1612 sanctae
1424 1529 1729 1640 'praedicationis
1757 1529 1893 1613 officio
1925 1549 2065 1640 proptu
2144 1569 2145 1577 ¹

298 1646 434 1726 hum
461 1638 598 1722 fideles
625 1640 866 1722 constitutos
895 1643 938 1721 in
967 1640 1046 1722 illis
1070 1639 1125 1723 ad
1153 1643 1317 1722 nimiam
1339 1642 1588 1738 charitatem,
1617 1669 1700 1753 qua
1721 1643 1905 1724 Christus
1930 1671 1997 1725 nos
2021 1641 2066 1724 di·

299 1755 399 1838 laxit
427 1757 468 1833 Sc
496 1750 629 1860 diligit
656 1767 884 1862 respectum
911 1751 1082 1849 babere,
1112 1760 1151 1833 a
1180 1755 1217 1834 ei
1246 1753 1472 1834 retribuere
1502 1753 1658 1864 aliquid
1687 1783 1765 1863 pro
1787 1753 1969 1837 omnibus
1997 1763 2066 1864 qua

299 1865 444 1951 tribuit
471 1863 558 1972 ipse
585 1863 665 1944 illis
724 1862 773 1972 ijs
800 1863 1169 1962 exhortationibus,
1215 1865 1438 1947 secundum
1487 1865 1620 1946 datam
1648 1865 1723 1948 tibi
1751 1893 1775 1945 a
1804 1868 1891 1948 Deo
1919 1863 2068 1974 pruden·
2144 1903 2145 1964 ς

298 1981 414 2074 dam,
443 1971 608 2056 studeas
633 1891 852 2056 inlllrmare
880 1975 1097 2085 diligenter
1126 1981 1166 2056 &
1196 1973 1386 2075 sollicite,
1416 1978 1600 2086 petituri,
1630 1993 1675 2058 vt
1695 1978 1772 2087 ipsi
1793 1977 1986 2085 redempti
2000 2003 2069 2084 pre·
2143 1967 2145 2054 l

294 2087 358 2172 'tio
386 2087 584 2198 glorioso,
610 2085 653 2164 in
713 2113 787 2168 uos
801 2103 996 2198 tanquam
1009 2088 1118 2169 viros
1136 2087 1442 2170 Christianos&
1463 2086 1695 2168 Catholicos
1716 2086 1856 2168 eadem
1871 2087 2068 2198 opprobria

298 2198 630 2309 exprobrantium
724 2200 824 2278 risto
853 2198 1003 2281 debent
1044 2225 1086 2278 se
1121 2198 1291 2280 viriliter
1325 2207 1584 2308 &potenter
1626 2201 1859 2308 accingant,
1904 2216 2070 2308 tanquan
2143 2195 2145 2264 l

297 2311 430 2394 zelum
465 2309 541 2389 Dei
569 2307 763 2389 habentes
791 2309 845 2390 ad
874 2309 1145 2418 ampliandam
1174 2311 1343 2420 gloriam
1370 2310 1580 2407 Crucifixi,
1609 2317 1649 2392 &
1678 2309 1933 2391 liberandum
1957 2311 2069 2418 pmxi·
2142 2297 2145 2442 l

297 2449 386 2506 mos
414 2421 466 2504 de
493 2419 680 2500 manibus
709 2447 978 2530 paganorum,
1007 2420 1232 2530 profecturi
1262 2429 1301 2504 8(
1330 2422 1460 2503 acturi
1478 2421 1700 2503 secundum
1730 2422 1904 2502 fratrum
1928 2419 2072 2502 consilia
2144 2443 2145 2448 ‘

298 2531 636 2630 Proedicatorum,
665 2532 721 2614 ita
747 2531 861 2644 quod
889 2533 1055 2641 &ipsis
1099 2536 1306 2642 praemium
1350 2533 1547 2615 debeatur
1589 2549 1804 2629 aeternum,
1846 2539 1889 2614 a
1918 2529 2072 2612 infideles
2143 2545 2145 2602 t

297 2673 384 2729 non
412 2646 586 2755 possint,
613 2641 731 2754 qued
758 2645 926 2753 impune
955 2645 1105 2725 Christi
1134 2671 1279 2724 nomen
1309 2645 1640 2752 impugnauerint
1668 2643 1847 2754 gloriari.
1880 2644 1974 2726 Illos
1998 2665 2074 2722 vero

299 2757 351 2842 de
377 2754 604 2862 Prouincijs
633 2761 672 2836 &
697 2751 940 2836 'Diooesibus
969 2759 1218 2853 memoratis,
1247 2756 1319 2866 qui
1348 2755 1491 2836 Crucis
1519 2755 1728 2864 signaculo
1758 2757 1799 2835 in
1829 2756 2009 2836 Liuoniae
2020 2778 2073 2831 seu

297 2871 469 2953 Prussiae
496 2864 721 2948 subsidium
749 2867 929 2975 insigniti
959 2883 1131 2976 propter
1160 2882 1441 2976 paupertatem
1470 2893 1540 2947 seu
1568 2865 1818 2948 debilitatem
1833 2867 1933 2948 illuc
1948 2887 2074 2974 neque·

217 3051 221 3061 ,
293 2998 375 3064 unt
403 2976 669 3091 personaliter
697 2977 916 3086 proficisci,
947 3007 970 3058 a
998 2995 1097 3061 voto
1125 2980 1256 3059 crucis
1285 2977 1518 3073 absoluant,
1549 2976 1769 3059 dummodo
1798 2977 1852 3059 de
1875 2973 2075 3061 honissuis

298 3093 413 3173 iuxta
442 3091 627 3201 proprias
656 3086 868 3170 facultates
898 3116 1118 3196 congruam
1147 3091 1457 3170 subueutionem
1486 3088 1725 3186 exhibeant,
1755 3118 1829 3197 per
1860 3116 2000 3168 manus
2023 3110 2075 3163 eo·

298 3201 470 3286 cundem
500 3199 671 3281 fratrum
684 3200 727 3280 in
742 3198 850 3281 idem
866 3199 1091 3282 subsidium
1117 3199 1455 3280 conuertendam:
1474 3201 1559 3280 Nos
1588 3201 1694 3280 enim
1723 3216 1769 3279 vt
1797 3198 1913 3310 quod
1934 3225 2007 3310 pro
2019 3221 2077 3273 no·

176 3321 183 3328 “
298 3315 407 3394 mine
441 3309 721 3419 Redemptoris
750 3328 829 3391 tam
859 3309 981 3419 digne
1009 3311 1259 3420 deposcitur,
1304 3309 1456 3390 affectu
1488 3309 1596 3391 facili
1638 3310 1918 3417 compleatur,
1962 3331 2076 3389 omnes

299 3421 499 3508 dictarum
530 3423 833 3503 prouinciarum
863 3427 902 3502 8<
930 3421 1142 3502 Diocesum
1172 3425 1215 3503 in
1230 3447 1464 3502 succursum
1479 3420 1701 3502 eorundem
1717 3421 2083 3526 fideliumbusceptr

295 3553 469 3647 propter
496 3534 576 3614 hoc
605 3533 735 3612 crucis
761 3533 968 3640 signaculo
997 3561 1275 3641 processuros,
1306 3561 1378 3613 nec
1408 3559 1492 3612 nou
1520 3559 1661 3636 eorum
1695 3531 1888 3614 familiam
1923 3539 1961 3614 &
1988 3531 2077 3610 bona

298 3649 453 3739 omnia,
482 3644 612 3726 donec
640 3640 691 3723 de
719 3642 899 3750 ipsorum
927 3644 1065 3725 reditu
1093 3645 1156 3726 vel
1186 3647 1301 3727 obitu
1329 3645 1549 3724 certissime
1578 3663 1863 3751 cognoscatur,
1891 3642 1973 3725 sub
2001 3658 2078 3748 pro·

171 3771 183 3782 “
297 3762 475 3843 tectione
503 3783 549 3836 ac
578 3752 812 3836 defensione
842 3754 946 3835 sedis
975 3757 1232 3862 Apostolicac,
1263 3754 1516 3836 admittentes
1545 3753 1622 3835 illis
1651 3783 1698 3834 ac
1733 3755 1838 3853 aliis,
1877 3759 1953 3868 qui
1986 3754 2079 3832 iura

299 3869 531 3955 facultatem
546 3865 834 3975 &qualitatem
864 3893 974 3946 suam
991 3866 1085 3946 illuc
1101 3868 1315 3947 bellatores
1332 3866 1502 3947 idoneos
1518 3867 1560 3946 in
1575 3865 1761 3975 expensis
1775 3868 1959 3977 proprijs
1974 3861 2079 3944 dure

298 3987 384 4065 rint
398 3975 677 4072 destinandos,
705 4003 780 4056 nec
800 3999 888 4057 mon
916 3977 989 4086 qui
1018 3976 1069 4058 ad
1085 3976 1392 4059 subueutionem
1409 3976 1606 4058 dictarum
1621 3978 1805 4069 Liuoniae
1833 3983 1900 4061 vel
1932 3970 2080 4057 Prussia

298 4096 351 4180 de
380 4093 498 4176 bonis
526 4116 602 4200 pro
633 4087 704 4194 rijs
733 4115 911 4196 congrue
942 4089 1223 4185 ministrarint,
1260 4091 1322 4170 vel
1352 4089 1495 4199 quiin
1525 4089 1663 4168 alienis
1691 4081 1877 4197 expensis
1908 4089 2005 4170 illuc
2030 4107 2080 4161 ac·

300 4206 510 4299 cesserint,
538 4118 687 4282 ibidem
717 4198 768 4279 ad
798 4201 928 4278 minus
958 4197 1009 4278 ad
1038 4201 1156 4279 vuius
1185 4203 1282 4281 anni
1311 4201 1481 4310 spatium
1511 4201 1719 4296 seruituri,
1749 4202 1863 4281 iuxta
1892 4195 2082 4313 quantita·

300 4335 381 4402 tem
410 4312 592 4420 subsidii,
622 4306 918 4392 &deuotionis
946 4308 1135 4392 affectum
1164 4309 1273 4392 illam
1306 4311 1601 4418 indulgentiam
1629 4308 1817 4420 idemque
1833 4307 2081 4418 Priuilegium

302 4429 535 4535 elargimur,
564 4435 655 4533 quae
691 4421 995 4502 transeuntibus
1021 4427 1060 4502 8<
1089 4421 1423 4504 subuenientibus
1452 4423 1494 4501 in
1524 4422 1661 4504 Terre
1696 4440 1841 4502 sanctae
1871 4419 2081 4506 subsidium

301 4537 593 4622 conceduntur.
623 4536 819 4614 Praeterea
851 4549 894 4613 vt
923 4533 1135 4642 praefatum
1166 4535 1371 4642 negotium
1399 4559 1484 4641 quo
1520 4530 1704 4639 pluribus
1733 4536 1940 4646 contingit
1969 4523 2083 4612 iuuari

301 4647 490 4754 remedijs
517 4646 793 4755 prosperitatis
823 4661 971 4752 optatae
1000 4643 1191 4752 suscipiat
1221 4645 1529 4739 incrementum,
1545 4645 1803 4752 praesentium
1824 4647 1944 4729 vobis
1960 4655 2083 4724 aucto·

302 4762 422 4844 ritate
451 4756 718 4856 concedimus,
749 4755 860 4867 quod
890 4755 968 4836 illis
996 4753 1213 4836 earundem
1244 4756 1465 4835 Ciuitatum
1494 4759 1534 4834 &
1562 4753 1794 4854 Diocesum,
1823 4759 1895 4868 qui
1913 4755 1969 4838 ad
1996 4749 2085 4864 solt·

304 4871 436 4954 mnem
465 4867 789 4976 praedicationem
818 4867 1076 4962 accesserint,
1105 4866 1194 4946 XX.
1230 4866 1315 4947 dies
1344 4866 1394 4947 de
1424 4866 1605 4966 iniuncta
1635 4871 1864 4976 paenitentia
1894 4869 2083 4950 retaxare.

305 5011 353 5065 ac
379 5006 520 5063 eorum
548 4979 715 5086 singulis
742 4979 840 5058 illuc
868 4997 1028 5087 sumpto
1059 4993 1228 5088 propter
1255 4979 1332 5062 hoc
1361 4980 1503 5060 Crucis
1524 4994 1725 5062 caractere
1753 4981 2010 5091 processeris,
2025 4970 2084 5083 qui
