4370 5950
811 517 1230 607 *161-

123 735 235 836 liliis,
280 763 392 848 quos<
413 737 579 828 videbat
612 735 787 848 puberes
815 747 856 825 &
884 744 996 828 omni
1024 742 1174 823 auxilio
1201 737 1439 840 destitutos,
1467 744 1715 828 misericordi
1742 775 1923 858 compas-

123 849 238 930 sione
264 865 526 946 ·oommotus,
561 850 647 932 sibi¹
674 877 743 933 eos
778 855 838 935 in⁴
859 857 962 958 filios
998 853 1238 960 injuriarum
1267 879 1428 933 suarum
1457 856 1663 938 immemor
1695 856 1923 968 adoptavit,

122 973 240 1074 tanto
268 985 338 1042 eos
367 958 508 1042 fovens
536 958 689 1042 aflectu
717 964 846 1073 quod,
876 971 932 1048 in'
948 965 1072 1048 multa
1086 961 1356 1044 familiaritate
1371 963 1594 1049 delectatus
1609 995 1763 1067 eorum,
1778 999 1922 1080 aprae-

122 1071 252 1153 sentia
279 1095 352 1152 sua
378 1091 477 1152 nora·
491 1073 708 1155 sustineret
736 1076 930 1160 absentes.
989 1075 1123 1156 Tanto
1151 1075 1288 1183 itaque
1316 1077 1432 1183 operi
1456 1070 1616 1184 pietatis
1637 1077 1819 1161 invidens
1844 1080 1921 1164 hu·

63 1281 65 1284 Ι
121 1183 233 1264 mani
269 1181 440 1292 generis·
461 1183 663 1292 inimicus,
693 1189 895 1288 seminatis
923 1190 1029 1269 inter
1051 1187 1159 1294 ipsos
1187 1186 1406 1292 &Regem
1435 1187 1595 1268 zizaniis
1623 1215 1696 1296 per
1724 1191 1921 1298 quosdam

121 1294 413 1402 suaencquitiae
439 1311 672 1388 sectatores,
700 1321 769 1377 eos
797 1297 849 1378 ad
878 1294 1185 1378 machinandum
1213 1296 1256 1374 in
1284 1313 1452 1376 mortem
1486 1299 1641 1404 ’regiam
1684 1303 1919 1402 concitavit;

99 1503 102 1511 Ι
185 1427 300 1484 orum
333 1400 496 1484 tandem
515 1405 658 1502 ,tribus
686 1424 779 1516 post
806 1408 1009 1491 detectum
1037 1408 1165 1486 scelus
1193 1433 1341 1486 eorum·
1363 1407 1414 1488 in
1434 1407 1574 1515 praelio
1597 1408 1710 1518 quod
1724 1409 1920 1492 adversus

123 1431 275 1621 Rucgem
316 1507 528 1595 moverailt
551 1518 848 1626 interemptis,
884 1519 1022 1600 dictus
1052 1517 1213 1613 Ericus,
1242 1518 1315 1625 qui
1343 1535 1586 1625 congregata
1615 1529 1707 1625 post
1739 1536 1921 1629 tempora

121 1623 381 1708 multitudine
410 1629 525 1735 regni
553 1627 649 1707 fines
677 1629 873 1709 violenter
903 1633 1087 1723 intrarat,
1117 1653 1331 1706 occurrens
1360 1626 1438 1707 sibi
1466 1657 1557 1708 oum
1573 1630 1828 1732 suis,eodcm
1843 1633 1920 1713 Re·

116 1765 173 1846 ge
203 1734 374 1845 lugato,'·
390 1761 559 1842 regnum
588 1737 784 1835 obtinuit,
814 1767 856 1820 se
886 1744 995 1848 Rege
1024 1736 1193 1848 praefato
1227 1735 1279 1818 ad
1307 1735 1458 1818 dictum
1488 1740 1644 1848 Regem
1667 1742 1822 1837 Daciae,
1851 1769 1920 1821 co·

121 1846 219 1926 mite
247 1845 467 1928 venerabili
497 1845 622 1928 fratre
652 1865 791 1928 nostro
821 1851 1031 1959 Vpsalensi
1059 1848 1395 1956 Archiepiscopo,
1423 1848 1669 1930 conferente.
1727 1853 1830 1931 Cum
1845 1851 1920 1961 igi·

121 1975 192 2037 tur
221 1973 309 2046 taam
338 1974 505 2065 propter
536 1959 799 2040 Ecclesiarum
830 1959 1145 2041 destructionem
1175 1965 1213 2039 u
1237 1959 1544 2065 'oppressionem
1560 1961 1679 2040 etiam
1694 1959 1918 2058 viduarum,

119 2083 212 2149 turn
239 2068 335 2176 quia
362 2064 496 2148 dictus
524 2069 611 2148 Rex
640 2071 717 2150 sub
746 2071 932 2152 Ecclesiae
960 2073 1149 2151 Romanae
1177 2096 1222 2148 ac
1251 2085 1392 2148 nostra
1420 2073 1672 2177 protectione
1687 2073 1918 2167 consistens,

120 2203 251 2287 regno
277 2203 353 2256 suo
381 2179 571 2258 asseritur
586 2196 739 2261 'contra
767 2180 959 2287 justitiam
991 2179 1225 2275 destitutus,
1255 2179 1338 2258 haec
1366 2206 1450 2260 non
1477 2182 1558 2260 sint
1586 2210 1609 2261 a
1651 2181 1770 2262 nobis
1811 2182 1918 2262 clau-

120 2292 178 2370 sis
212 2287 340 2370 oculis
368 2288 608 2386 omittenda,
637 2293 859 2400 praesertim
891 2321 981 2371 cum
1012 2291 1132 2372 alium
1163 2312 1259 2369 non·
1273 2290 1449 2372 inveniat
1477 2289 1678 2402 adquam
1708 2321 1785 2400 pro
1801 2291 1918 2399 justi·

118 2402 178 2481 tia
216 2397 437 2479 obtinenda
479 2419 682 2497 recurrat,
712 2400 956 2484 fraternitati
984 2421 1125 2483 vestrae
1152 2427 1228 2507 per
1257 2400 1478 2509 apostolica
1505 2405 1654 2509 scripta
1683 2404 1918 2511 praecipien-

115 2509 178 2592 do
220 2508 453 2592 mandamus
486 2513 676 2619 quatinus
714 2510 869 2592 dietum
899 2515 1061 2593 Ericurn
1089 2527 1138 2590 ut
1166 2538 1258 2590 oum
1288 2508 1455 2619 praefato
1486 2513 1595 2620 Rege
1623 2530 1849 2618 componat,
1879 2517 1919 2593 &

116 2647 291 2728 regnum
335 2622 467 2729 ipsum
508 2621 658 2719 eidem,
702 2640 827 2731 prout
863 2623 913 2705 ad
949 2627 1081 2732 ipsum
1110 2622 1304 2730 pertinet,
1334 2619 1510 2702 dimittat
1539 2624 1580 2702 in
1609 2649 1724 2729 paee,
1752 2649 1918 2704 monere

114 2732 352 2840 diligentius
394 2736 434 2810 8<
470 2729 662 2813 inducere
686 2737 925 2842 procuretis.
983 2732 1178 2842 Alioquin
1206 2759 1298 2811 eum
1326 2731 1456 2813 adhoc
1484 2759 1558 2840 per
1601 2757 1824 2812 censuram·
1853 2759 1918 2812 cc·
2052 2749 2057 2756 “

113 2843 399 2938 clesiasticam,
434 2843 537 2923 sicut
575 2843 726 2949 justum
756 2845 894 2942 luerit,
925 2845 1195 2954 appellatione
1225 2859 1376 2922 remota
1405 2845 1575 2949 cogatis3
1606 2841 1707 2922 illud
1736 2841 1916 2950 speciali·

113 2969 181 3034 ter
211 2968 494 3061 procurantes,
523 2969 569 3030 ut
598 2953 766 3065 praelato
796 2957 1112 3064 Archiepiscopo
1140 2951 1314 3033 satisfiat.
1370 2951 1495 3054 Quod
1522 2956 1557 3034 si
1587 2981 1670 3036 non
1685 2980 1828 3032 omnes
1842 2957 1915 3034 &c

112 3061 204 3256 duq
217 3081 394 3190 vestrum
409 3069 483 3145 &c
518 3065 666 3146 Datum
703 3066 893 3148 Laterani
921 3065 1060 3147 Idibus
1088 3063 1341 3157 Novembris,
1371 3062 1628 3171 pontificatus
1656 3064 1783 3146 nostri
1811 3087 1916 3148 anno

112 3203 171 3254 arn
205 3201 342 3254 ecrmo.

120 3561 253 3670 136.
753 3605 902 3709 1209
949 3567 997 3670 d.
1047 3565 1119 3670 30
1165 3563 1279 3728 Oct.
1685 3563 1913 3671 Lateran.

197 3785 292 3847 Patr.
314 3785 513 3846 lssocssmus
535 3787 605 3848 tna
627 3786 767 3848 tillstdnd
789 3787 839 3848 lb‘r
859 3784 1077 3870 dahellislop
1095 3787 1238 3850 Asnaus
1258 3787 1270 3847 i
1291 3784 1381 3848 hund
1403 3793 1449 3846 att
1470 3783 1519 3846 till
1543 3783 1755 3866 Bishopb‘fvcr
1776 3783 1835 3844 den
1853 3803 1913 3865 ny·

253 3869 335 3948 ligea
356 3866 506 3928 omvttnda
528 3869 761 3950 Fdrsamlingen
784 3871 793 3929 i
817 3868 951 3950 Rinlsnd
974 3871 1079 3951 inriga
1101 3891 1139 3948 en
1159 3869 1232 3949 Man
1254 3867 1437 3946 (Thomas),
1458 3886 1536 3942 som,
1556 3864 1658 3926 ehuru
1681 3867 1747 3926 icle
1770 3863 1845 3926 stad
1860 3935 1862 3940 ¹
1878 3865 1914 3925 al'

250 3949 362 4029 lsgligt
394 3950 576 4034 thtcnshap,
598 3950 674 4032 tgde
696 3953 746 4012 tor
766 3951 854 4012 detta
875 3952 998 4014 embete
1020 3953 1121 4034 lifriga
1143 3949 1292 4035 passande
1313 3951 1511 4032 egcuskaper.

1257 4067 1294 4119 lt.
1314 4084 1348 4119 ιιι.
1369 4079 1394 4117 a:
1412 4063 1474 4117 361.
1509 4063 1564 4116 An.
1585 4076 1625 4114 ra.
1644 4059 1698 4130 Ep.
1720 4075 1776 4115 roa.

733 4203 936 4280 Laudem
962 4201 1274 4310 Arcltiepiscopm

190 4349 288 4424 »lis
320 4362 479 4424 tuarum
511 4340 797 4450 perpendimus
827 4344 928 4422 serie
958 4341 1181 4421 litterarum
1210 4337 1324 4449 quod
1353 4367 1445 4418 cum
1467 4336 1649 4447 quaedam
1682 4353 1789 4415 terra
1817 4361 1909 4443 quae

106 4453 312 4542 Fialanda
341 4453 490 4536 dicitur
519 4472 712 4561 operante
743 4470 858 4560 patre
896 4453 1112 4547 luminum,
1142 4477 1276 4559 aquo
1318 4475 1437 4529 omne
1465 4447 1617 4530 ,datum
1645 4447 1842 4552 optimum
1862 4451 1909 4530 sa

102 4593 237 4652 omne
266 4563 419 4644 donum
448 4559 670 4670 perfectum
699 4561 927 4657 descendit,
956 4588 1088 4669 nuper
1116 4560 1375 4670 quorundam
1384 4556 1589 4648 ¹nobilium
1617 4553 1817 4642 mediante.
1828 4553 1908 4641 sol·-

103 4673 329 4762 licitudine
358 4672 410 4754 ad
439 4673 554 4754 fidem
586 4701 778 4754 conversa
795 4675 856 4755 ,sit
886 4672 1165 4765 Christianam,
1195 4674 1239 4754 in
1267 4698 1349 4781 qua
1377 4666 1499 4749 modo
1527 4694 1630 4777 puer
1658 4666 1773 4744 lesus
1791 4708 1797 4746 ;
1810 4691 1906 4772 pro·

103 4793 199 4872 licit
228 4786 426 4894 sapientia
456 4791 495 4864 u
523 4799 649 4880 aetate,
679 4787 881 4894 Episcopo
910 4774 1087 4891 ejusdem
1124 4798 1262 4877 terrae,
1300 4797 1515 4889 postquam
1544 4780 1587 4859 in
1613 4774 1906 4886 propagatione
2021 4865 2041 4880 „

101 4897 325 4984 catholica
354 4893 447 4975 fidei
474 4921 635 4974 cursum
665 4922 783 4975 suum
818 4891 967 4975 ibidem
1003 4893 1180 5000 legitime
1212 4890 1521 4982 consummavit,
1564 4885 1616 4967 ad
1643 4885 1814 4966 coelestis
1842 4909 1906 4962 re·

101 5007 410 5094 munerationis
439 5005 623 5087 bravium
651 5021 838 5101 evocato,
867 5003 1003 5084 nullus
1031 5019 1098 5104 est
1118 5004 1154 5083 ei
1183 5001 1379 5082 hactenus
1404 4995 1655 5080 substitutus.
1684 4995 1785 5076 Nam
1812 5019 1904 5074 cuna

251 5149 300 5203 Su.
317 5148 439 5217 Dr'plont.
1655 5129 1698 5177 21
