4406 5966
1017 469 1074 488 -
1184 425 1266 530 674
1378 471 1598 522 --.

331 647 418 730 tilla
443 648 487 728 in
513 642 700 755 rapidam
731 649 771 724 &
800 642 1036 752 ampliorem
1063 606 1262 727 ¹flammam
1289 659 1558 743 excresceret,
1586 644 1820 755 predictum
1848 647 1896 727 in
1923 673 2010 728 nos
2034 675 2121 731 con·

297 781 300 790 ’
328 756 568 870 promissum
598 755 787 839 duximus
814 753 1107 837 assumendum.
1137 755 1464 839 Discussionibus
1498 757 1625 866 igitur
1653 755 1843 867 pluribus
1873 755 2053 856 habitis,
2088 751 2123 844 ac

273 883 277 890 '
327 869 625 954 communicato
651 867 875 950 multorum
903 864 1170 949 discretorum
1197 868 1385 967 consilio,
1421 865 1598 978 qualiter
1639 869 1784 996 sopitis
1827 870 2022 952 materiis
2045 899 2122 982 qra-

186 984 190 988 ’
327 978 522 1064 rumltbet
553 979 809 1091 questionum
837 1005 1045 1087 possemus
1073 1003 1212 1061 secure
1241 981 1367 1088 magis
1395 983 1438 1058 8(
1465 1007 1648 1091 congrue
1674 995 1782 1060 mter
1802 982 2035 1088 premissas
2051 1011 2121 1092 par·

330 1110 392 1176 tes
419 1089 639 1174 concordie
668 1088 887 1173 reformare
915 1091 1174 1187 sententiam,
1202 1089 1246 1172 in
1281 1087 1392 1171 huno
1420 1089 1584 1173 modum
1619 1089 1920 1184 sententialiter
1952 1092 2123 1178 duximus

328 1203 630 1302 arbitrandum,
658 1199 770 1313 qvod
798 1202 884 1285 sine
913 1203 1024 1283 omni
1051 1201 1223 1296 falsitate
1251 1207 1292 1282 8(
1318 1199 1462 1283 fraude
1489 1201 1597 1284 inter
1633 1204 1848 1313 premissas
1886 1221 2042 1314 partes
2065 1233 2123 1314 par

326 1331 526 1428 perpetua
555 1319 595 1397 8(
622 1309 777 1401 stabilis
803 1314 848 1394 in
876 1311 1064 1396 omnibus
1091 1313 1264 1394 amicitia
1309 1330 1582 1398 conservetur.
1625 1317 1732 1418 Qvia
1760 1341 1860 1396 vero
1888 1321 1934 1397 8(
1962 1315 2053 1398 hoc
2074 1315 2124 1398 ba

190 1431 196 1438 “
299 1429 402 1512 -bet
428 1423 602 1508 solidare
630 1427 740 1536 pacis
774 1423 929 1522 federa,
971 1423 1083 1538 qvod
1125 1451 1266 1536 passus
1308 1424 1501 1533 injuriam
1543 1425 1858 1508 satisfactionem
1887 1455 1935 1506 se
1965 1427 2125 1536 gaudeat

300 1535 535 1636 babuisse,
563 1566 638 1618 nec
666 1552 756 1618 tuta
783 1536 944 1619 videtur
978 1537 1092 1646 pacis
1132 1535 1367 1618 reformatio
1409 1538 1486 1618 nisi
1528 1536 1748 1619 satisfactio
1790 1536 2126 1648 subsequatur&

329 1649 516 1758 detergat
544 1649 745 1758 injuriam,
779 1646 1031 1730 decernimus
1060 1645 1171 1759 qvod
1213 1649 1322 1730 bona
1358 1650 1505 1745 omnia,
1542 1676 1621 1760 qve
1650 1648 1700 1731 de
1741 1650 1888 1730 mxatis
1936 1652 2125 1732 mercibus

330 1776 601 1842 mercatorum
628 1758 827 1841 dictarum
856 1761 1067 1842 civitatum
1095 1759 1229 1842 adhuc
1257 1777 1466 1845 remanent
1493 1763 1536 1841 in
1563 1762 1782 1872 Norwegia
1810 1762 1854 1840 in
1882 1761 2059 1871 Bergis,
2083 1794 2126 1844 re

329 1873 566 1970 stituantur,
594 1899 685 1954 cum
711 1899 787 1982 per
814 1899 901 1969 eos,
929 1873 1000 1980 qvi
1028 1871 1166 1954 eadem
1195 1870 1460 1983 reliqverunt,
1489 1871 1553 1954 vel
1582 1871 1749 1953 heredes
1791 1899 1959 1962 eorum,
1987 1874 2125 1956 fuerint

329 1984 542 2095 reqvisita,
569 1982 625 2064 ita
654 1982 765 2091 qvod
794 1982 960 2064 ultimus
987 1984 1255 2068 restitutionis
1282 1985 1496 2082 terminus,
1538 1979 1760 2066 dummodo
1787 1985 2012 2095 requisitio
2042 1986 2127 2068 facta

330 2094 473 2192 fuerit,
516 2094 567 2176 sit
609 2095 652 2175 in
693 2092 796 2176 festo
838 2093 946 2174 beati
989 2095 1182 2176 lobannis
1226 2094 1405 2204 baptiste
1433 2095 1621 2205 proximo
1648 2123 1757 2176 nunc
1801 2096 2000 2192 instante,
2031 2103 2072 2178 8(
2096 2117 2128 2178 ut

329 2205 518 2317 dampnis
561 2207 767 2302 omnibus,
811 2201 1040 2302 discordiis,
1086 2207 1364 2314 qvestionibus
1394 2213 1434 2288 8(
1462 2208 1717 2318 questionum
1756 2209 1938 2289 materiis
1968 2209 2127 2318 quibus

329 2345 508 2427 cunque,
537 2345 617 2427 qve
645 2346 668 2398 a
695 2317 907 2397 retroactis
936 2317 1188 2426 temporibus
1217 2347 1345 2430 usque
1374 2321 1417 2398 in
1447 2345 1611 2428 presens
1640 2319 1745 2400 inter
1759 2320 1982 2427 premissas
2007 2339 2128 2428 partes

330 2447 437 2512 mote
465 2428 627 2509 fuerant
655 2428 717 2510 vel
749 2431 900 2509 moveri
932 2443 1113 2538 possent,
1153 2426 1300 2511 sedatis
1335 2430 1515 2511 totaliter
1557 2433 1598 2509 8(
1625 2429 1782 2537 sopitis,
1812 2430 1854 2509 in
1883 2449 2125 2538 perpetuum

331 2539 382 2624 de
411 2557 547 2622 cetero
575 2540 734 2621 firmum
762 2545 802 2619 8(
838 2537 1119 2622 indissolubile
1148 2542 1259 2651 pacis
1287 2547 1328 2622 8(
1356 2542 1581 2624 securitatis
1597 2541 1802 2622 vinculum
1823 2543 1933 2622 inter
1956 2571 2033 2624 eas
2047 2572 2126 2624 con·

331 2668 536 2747 servetur,
578 2651 804 2732 Normanni
846 2650 1064 2732 exhibeant
1091 2656 1131 2732 8(
1158 2654 1317 2735 solvant
1358 2652 1402 2733 in
1448 2651 1749 2759 Tunsbyaergh,
1793 2655 2126 2760 procuratoribus

331 2765 532 2847 dictarum
561 2763 768 2843 civitatum
801 2789 869 2842 sex
899 2763 1006 2844 milia
1042 2763 1296 2846 marcharum
1325 2765 1455 2846 norici
1485 2764 1660 2873 argenti,
1688 2765 1746 2842 ita
1773 2761 1883 2873 qvod
1901 2779 1992 2844 tres
2010 2793 2125 2846 marre

329 2870 565 2983 hujusmodi
585 2970 589 2978 Ι
612 2873 769 2982 argenti
812 2872 970 2971 valeant
1000 2902 1122 2955 unam
1155 2878 1267 2984 puri,
1297 2874 1401 2955 infra
1434 2905 1583 2956 annum
1616 2904 1638 2954 a
1665 2873 1769 2954 festo
1798 2875 1910 2956 beati
1940 2877 2123 2956 lobannis

331 2985 518 3095 baptiste
538 2986 710 3066 instante
740 2986 927 3092 proximo
957 2987 1233 3094 computando
1262 2986 1470 3095 eroganda
1499 2995 1538 3068 8(
1566 2988 1671 3068 inter
1692 2985 2009 3094 dampnificatos
2037 2987 2123 3068 disi

330 3096 477 3180 denda.
510 3097 663 3176 Verum
690 3097 786 3206 qvia
813 3097 945 3177 incole
972 3099 1144 3178 civitatis
1184 3097 1427 3180 Stralaesund
1463 3099 1644 3180 fecerunt
1686 3097 1858 3207 quedam
1886 3099 1932 3176 in
1965 3098 2123 3206 deroga·

331 3209 483 3290 tionem
512 3205 615 3288 fame
644 3206 810 3292 illustris
840 3207 993 3291 domini
1021 3211 1065 3289 E.
1096 3210 1202 3319 regis
1244 3211 1482 3319 Norwegie,
1517 3215 1557 3289 8(
1586 3210 1717 3289 incole
1747 3210 1925 3298 civitatisw
1954 3209 2123 3290 Rozstol

333 3317 595 3402 detinuerunt
622 3318 802 3402 homines
832 3321 958 3430 ipsius
987 3322 1092 3428 regis
1121 3319 1230 3429 apud
1259 3349 1300 3400 se
1330 3322 1556 3429 captivatos
1584 3321 1690 3402 ultra
1717 3321 1795 3400 hoe
1822 3319 1937 3431 qvod
1970 3322 2125 3431 placita·

237 3492 242 3499 .
276 3437 278 3445 '
333 3448 421 3512 tum
450 3428 529 3508 fuit
562 3430 605 3510 in
633 3429 837 3542 colloqvio
885 3431 1109 3516 Gulberxh.
1141 3437 1179 3510 8(
1208 3461 1230 3510 (
1260 3433 1445 3541 partibus
1474 3433 1825 3540 compromissum,
1867 3433 2037 3512 mittant
2064 3461 2126 3514 sex

333 3542 529 3624 discretos
558 3543 676 3637 cives,
691 3541 746 3623 ita
776 3543 886 3652 qvod
915 3545 1054 3624 civitas
1085 3542 1320 3624 Stralesund
1352 3558 1527 3654 quatuor
1556 3550 1596 3622 8(
1625 3542 1802 3622 Riizstok
1832 3541 1949 3640 duos,
1982 3543 2029 3623 ad
2055 3543 2126 3624 do-

330 3655 484 3737 minum
515 3679 648 3760 regem
684 3653 899 3762 Norwegie
927 3654 1029 3735 infra
1061 3682 1212 3734 annum
1239 3685 1263 3734 a
1291 3655 1394 3736 festo
1422 3655 1529 3736 beati
1546 3655 1737 3734 lobannis
1752 3655 1928 3763 baptiste
1958 3658 2127 3734 instante

338 3763 527 3876 proximo
556 3763 851 3872 computand0,
886 3769 956 3876 qvi
984 3794 1053 3846 sex
1082 3768 1245 3847 nomine
1292 3795 1366 3848 suo
1395 3763 1675 3847 &dictarum
1707 3763 1879 3847 duarum
1921 3768 2129 3847 civitatum

331 3890 608 3988 presentantes
638 3873 774 3957 literas
818 3877 1049 3985 principum
1077 3883 1116 3955 8(
1143 3877 1343 3959 nobilium
1384 3880 1681 3959 intercessorias
1728 3874 1780 3956 ad
1823 3879 1957 3985 ipsum
2003 3877 2131 3959 domi·

332 4016 432 4068 num
471 3981 607 4094 regem
648 4014 723 4096 pro
752 3985 999 4084 civitatibus,
1028 4013 1118 4066 cum
1148 3995 1259 4068 omni
1285 3989 1564 4070 humiliatione
1593 3990 1748 4070 veniam
1790 4004 1932 4098 petant
1962 3989 2016 4070 ab
2048 3991 2131 4098 ipso

332 4127 429 4208 rege
457 4125 533 4206 pro
562 4116 795 4207 contemptu
826 4101 869 4179 in
897 4098 975 4180 hoc
1016 4097 1093 4180 sibi
1122 4098 1232 4180 facto
1261 4099 1371 4210 qvod
1402 4101 1533 4180 lesisse
1564 4101 1752 4182 videntur
1795 4102 2130 4182 reverentiam&

331 4212 530 4292 honorem
558 4213 714 4320 regium
743 4213 785 4291 in
814 4211 1027 4320 premissis.
1059 4213 1159 4290 ltem
1188 4212 1461 4308 decernimus,
1489 4211 1600 4321 qvod
1633 4239 1820 4320 persone,
1849 4239 1974 4292 naves
1996 4218 2041 4292 8(
2063 4212 2131 4293 bo-

303 4351 386 4403 na
415 4320 567 4417 omnia,
596 4349 674 4431 qve
701 4319 811 4432 apud
840 4321 1088 4430 colloqvium
1120 4323 1344 4403 Gulberxh.
1375 4323 1426 4404 ad
1457 4323 1748 4424 restituendum
1764 4323 2015 4431 expromissa
2049 4323 2127 4404 fue

334 4450 433 4515 runt
466 4437 506 4513 &
535 4429 670 4514 adhue
699 4434 886 4514 restituta
916 4461 1000 4514 non
1029 4448 1136 4524 sunt,
1163 4460 1214 4514 ex
1243 4450 1413 4545 utraque
1443 4448 1557 4544 parte
1585 4436 1849 4515 restituantur
1877 4437 2031 4530 statim,
2061 4462 2128 4544 qve

82 4606 84 4614 ,
207 4585 211 4590 ·
334 4544 527 4653 requisita
562 4540 713 4626 fuerint
742 4550 782 4624 8(
798 4534 861 4626 ((1
891 4541 1076 4625 ultimum
1105 4543 1211 4625 infra
1248 4543 1396 4627 festum
1423 4545 1531 4627 beati
1558 4544 1754 4627 lobannis
1782 4545 1960 4653 baptiste
1994 4551 2128 4654 proxi·

334 4682 402 4740 mo
430 4653 511 4762 jam
538 4651 733 4736 futurum.
762 4658 864 4736 Item
897 4684 945 4736 ex
975 4682 1174 4738 consensu
1204 4673 1515 4766 procuratorum
1550 4658 1758 4768 utriusqve
1786 4659 1915 4766 partis
1943 4657 2129 4738 arbitrati

334 4794 490 4864 sumus,
518 4763 628 4874 qvod
658 4767 788 4848 incole
821 4765 1021 4848 dictarum
1049 4783 1202 4878 septem
1232 4767 1440 4850 civitatum
1469 4766 1521 4848 ad
1557 4769 1814 4877 Norwegiam
1842 4773 1883 4848 8(
1911 4769 2056 4850 Norici
2079 4764 2127 4847 ad

191 4903 197 4908 '
335 4877 464 4964 dictas
492 4876 673 4959 civitates
701 4876 903 4962 vendendi
931 4883 971 4960 8(
1000 4878 1160 4961 emendi
1188 4881 1319 4988 gratia
1348 4881 1552 4963 venientes
1582 4881 1734 4990 possint
1761 4907 1893 4960 emere
1914 4907 1985 4960 res
2015 4904 2128 4990 quas

337 5016 511 5103 cumque
544 4989 724 5088 venales,
759 4991 863 5074 sicut
891 4987 1023 5072 incole
1052 4989 1128 5072 loci
1157 4989 1209 5072 ad
1239 5019 1360 5102 quem
1390 4992 1596 5088 venerint,
1625 5020 1707 5074 non
1742 4991 1872 5075 solum
1902 5021 1925 5072 a
1954 4989 2128 5100 burgen·
