4362 5946
991 407 1410 488 -282-

213 657 217 664 ·
306 655 432 744 quam
446 623 570 738 3qpbd
598 623 777 736 generali
806 603 1065 742 concluditur
1091 627 1328 735 spontione,
1358 597 1605 730 fraternitati
1633 640 1702 705 tue
1736 628 1971 736 presentium
2004 660 2058 716 au·

305 738 494 823 ctoritate
523 734 798 830 concedimus,
831 749 888 815 ut·
903 736 948 815 in
976 763 1114 818 omnes
1142 757 1345 846 raptores,
1380 753 1421 818 et
1449 737 1654 816 invasores
1688 737 1890 818 bonorum
1908 738 2061 822 ecclesia·

299 851 498 933 sticarum
525 845 704 934 eiusdem
731 844 910 926 Discesis
938 851 1185 976 competenti
1215 849 1435 942 monitione
1465 847 1657 955 premissa
1682 847 1975 934 ecclesiasticam
1988 878 2061 960 pos·

301 963 355 1043 sis
382 959 663 1070 appellatione¹
683 971 838 1040 remota
867 983 1052 1039 exercere
1081 972 1310 1056 censuram,
1339 955 1508 1047 ,eosdem
1535 961 1897 1040 excommunicatos
1923 961 2064 1069 singulis
2159 965 2160 972 '

303 1070 447 1154 diebus
474 1068 706 1165 dominicis,
735 1085 776 1149 et
804 1065 957 1149 festivis
985 1069 1154 1178 pulsatis
1179 1073 1404 1178 campanis,
1433 1085 1473 1146 et
1502 1066 1678 1152 candelis
1707 1069 1894 1166 accensis,
1921 1071 1953 1152 si
1965 1099 2066 1180 expe·

303 1180 391 1264 dire
417 1175 566 1264 uideris
595 1169 871 1288 sollempniter
899 1180 1137 1265 nuntiando.
1196 1182 1286 1263 Dat.
1316 1181 1506 1264 Laterani
1542 1177 1681 1264 Idibus
1714 1180 1928 1289 Februarij
1968 1188 2066 1263 Anno

299 1294 495 1404 Septimo.

87 1619 91 1626 =
222 1671 442 1830 Ι289.
665 1751 669 1760 .
804 1665 819 1680 ‘⁸
954 1681 1443 1824 1234d.7Oet.
1567 1737 1634 1818 Ι·
1863 1685 2160 1835 Ρθνιιςίῑι.ἓν

383 1869 474 1935 rm.
494 1871 669 1937 maanus
691 1870 761 1932 nm
780 1866 891 1954 appu
912 1869 992 1934 aar
1006 1871 1055 1933 m
1075 1868 1340 1955 niernum,
1362 1873 1530 1958 stampas,
1562 1871 1704 1934 musar
1724 1891 1765 1932 m.
1785 1867 1816 1932 n
1837 1867 1997 1952 unguente
2015 1831 2077 1932 su·
2155 1843 2161 1944 ἔ,

433 1964 522 2046 taren
542 1953 578 2016 al
593 1951 907 2032 Predikarc-Orden,
929 1954 1074 2016 Domrrcr
1095 1955 1305 2018 canonisation
1325 1951 1386 2016 och
1407 1953 1525 2018 mande
1546 1955 1583 2016 af
1598 1953 1674 2016 hans
1694 1954 1751 2016 fest
1771 1953 1832 2017 den
1852 1951 1875 2014 5
1897 1951 2028 2034 Augusti
2157 1951 2160 2009 J

1772 2070 1809 2124 a
1828 2086 1852 2123 t.
1870 2066 1900 2121 a
1919 2080 1963 2120 η

466 2207 701 2285 Gnuconrus
730 2202 944 2312 episcopus
972 2226 1113 2282 seruus
1141 2229 1352 2284 seruorum
1367 2201 1444 2284 dei.
1475 2205 1784 2288 Venerabilibus
1805 2199 2004 2284 fratribus
2017 2203 2077 2278 Ar·

2157 2042 2161 2117 l

300 2314 567 2424 chiepiscopis
596 2318 636 2393 u
665 2313 866 2421 episcopis
895 2329 936 2393 et
962 2304 1119 2394 dilectis
1147 2312 1239 2392 filiis
1268 2313 1486 2396 abbatibus
1521 2316 1728 2424 prioribus
1770 2313 1938 2397 decanis
1966 2308 2080 2390 archi·
2160 2334 2161 2341 ¹

301 2425 480 2510 diacoma
508 2430 549 2505 δε
575 2425 662 2507 aliis
690 2423 947 2505 ecclesiarum
974 2419 1140 2532 prelatis
1168 2422 1221 2505 ad
1248 2452 1352 2536 quos
1380 2425 1515 2506 littere
1543 2427 1618 2506 iste
1646 2425 1924 2537 perueneriut.
1950 2431 1954 2440 ’
1983 2417 2081 2502 Salu-

301 2555 385 2620 tem
413 2543 454 2618 tr
482 2537 757 2644 apostolicam
774 2533 1108 2617 benedictionem.
1138 2533 1229 2616 fons
1257 2537 1460 2646 sapiencie
1474 2537 1644 2618 uerbum
1674 2537 1799 2647 patris
1827 2533 2021 2617 dominus
2040 2529 2082 2609 ie·

303 2673 372 2730 sus
399 2647 586 2728 christus.
616 2647 730 2729 cuius
743 2661 888 2726 natura
897 2646 1077 2728 bonitas
1092 2672 1195 2753 opus
1210 2646 1486 2747 misericordia
1501 2645 1701 2730 redimens
1714 2665 1756 2729 et
1770 2671 1984 2728 renouans
1998 2664 2085 2751 quos
2162 2709 2163 2720 ,

256 2849 260 2863 ,
300 2758 465 2842 creauit.
494 2759 566 2866 qui
596 2757 756 2837 uincam
784 2785 904 2865 quam
933 2742 993 2838 de
1011 2757 1151 2865 egipto
1166 2759 1375 2838 transtulit
1389 2787 1518 2869 usque
1533 2756 1585 2839 ad
1601 2761 1955 2840 consumationem
1976 2749 2083 2832 seculi

298 2895 383 2950 non
411 2867 618 2976 relinquit.
649 2867 850 2976 sapienter
878 2867 992 2975 signa
1020 2883 1190 2976 propter
1218 2867 1426 2949 instabiles
1453 2885 1607 2950 mentes
1624 2871 1804 2950 innonat.
1835 2884 1880 2947 et
1897 2859 2084 2964 mirabilia

299 2997 448 3080 contra
471 2977 737 3082 diffidentiam
765 2976 1057 3058 incredulitatis
1087 2979 1281 3063 immutat.
1310 2977 1470 3060 durnin
1498 2979 1659 3065 ecclesie
1681 2979 1886 3060 nascentis
1917 2971 2085 3058 exordio.
2161 3021 2163 3083 1

175 3123 177 3130 ¹
297 3105 393 3199 post
421 3088 579 3169 abitum
607 3087 737 3186 Mopsi
766 3086 954 3174 uidelicet
982 3087 1102 3167 finem
1130 3088 1234 3196 legis
1257 3115 1494 3170 ascensurus
1514 3118 1642 3199 equos
1669 3109 1710 3171 et
1730 3091 1773 3169 in
1787 3075 2086 3198 euangeliorum

297 3197 614 3311 quadrigisque
644 3224 740 3279 uere
767 3217 866 3280 sunt
891 3199 1039 3279 sanitas
1067 3227 1165 3280 arcu
1193 3198 1299 3310 sacrj
1327 3199 1480 3311 eloquii
1538 3228 1629 3282 uem
1656 3196 1788 3282 donec
1808 3200 1964 3281 iudeus
1992 3189 2088 3276 infir·

293 3326 426 3394 matur
455 3308 694 3392 intenderat
725 3326 766 3390 et
794 3310 1027 3390 iuramentis
1056 3337 1136 3418 que
1165 3311 1209 3390 in
1244 3309 1429 3418 patribus
1456 3229 1577 3392 nohis
1605 3310 1859 3420 disposuerat
1896 3301 2088 3390 suscitatis
2162 3357 2163 3406 t

294 3420 583 3506 confidenciam
613 3419 764 3501 iericho
793 3418 962 3526 gloriam
991 3418 1132 3501 muudi
1159 3446 1280 3530 wem
1308 3419 1598 3528 predicationis
1611 3421 1774 3503 fremitu
1789 3421 1843 3502 ob
1858 3411 2090 3528 stupefactis
2162 3469 2163 3472 π

298 3534 488 3726 gentibus
509 3533 669 3611 ulcerat
696 3530 935 3611 calcaturus.
965 3532 1069 3612 uiam
1093 3533 1207 3641 equis
1235 3534 1316 3612 suis
1344 3532 1387 3611 in
1402 3532 1504 3639 marj
1519 3531 1665 3614 faceret
1692 3549 1733 3613 et
1747 3533 1791 3612 in
1805 3531 1912 3613 raab
1928 3529 2089 3609 salutem

2161 2871 2163 3020 l

279 3697 282 3702 -
315 3642 526 3728 atitudinis
553 3641 736 3748 gentium
764 3642 879 3751 signo
911 3643 1102 3724 coccineo
1130 3642 1333 3750 figuraret.
1359 3643 1432 3723 Jnr
1441 3644 1571 3751 prima
1599 3642 1895 3754 quadrigarum
1922 3655 2092 3751 quatuor
2160 3653 2163 3744 ‘J

299 3753 592 3866 egredientium
620 3752 663 3833 in
690 3750 885 3832 Zacharia
914 3751 965 3834 de
994 3752 1125 3834 medio
1154 3751 1326 3835 duorum
1343 3755 1540 3834 montium
1563 3781 1749 3836 erearum
1762 3753 1947 3862 protulit
1977 3769 2092 3859 equos

297 3867 412 3950 rufos
426 3863 673 3973 populorum
686 3863 893 3973 principes
907 3861 1031 3944 fortes
1053 3879 1172 3944 terre.
1202 3865 1274 3974 qui
1289 3891 1361 3972 per
1375 3863 1652 3945 obedienciam
1667 3862 1761 3944 fidei
1774 3862 1853 3946 deo
1868 3861 2093 3945 habraham

299 3978 427 4089 patris
456 3973 705 4059 credentium
733 3974 774 4053 in
803 3972 1113 4053 fundamentum
1142 3975 1242 4053 noui
1271 3972 1419 4055 federis
1448 3973 1685 4055 adherentes
1714 3972 1765 4055 ad
1808 3974 1933 4058 ducis
1979 3972 2094 4054 instat
2161 3981 2163 4000 ⁴

298 4089 437 4170 tinctis
464 4086 516 4168 de
544 4085 694 4170 bosrah
721 4081 765 4165 id
792 4103 852 4166 est
878 4083 1167 4164 tribulationis.
1183 4087 1365 4193 angustia
1393 4085 1574 4164 vestibus
1602 4099 1748 4165 cuncta
1776 4113 1847 4166 sue
1876 4087 2007 4194 signa
2034 4079 2095 4158 mi·
2162 4133 2163 4158 t

298 4201 384 4282 litie
412 4199 682 4282 rubricarunt.
712 4211 759 4275 nt
786 4223 864 4303 pro
892 4193 1029 4274 future
1057 4193 1185 4300 glorie
1200 4194 1350 4301 gaudio
1365 4188 1590 4303 presentem
1605 4195 1785 4304 gladium
1805 4223 1895 4277 non
1912 4197 2098 4279 timentes

299 4310 435 4392 effecti
465 4309 643 4390 martires
672 4304 714 4388 id
743 4321 804 4387 est
832 4322 953 4388 testes
984 4329 1092 4405 none
1122 4302 1220 4410 legis
1248 4303 1354 4386 libro
1382 4306 1646 4387 confessionis
1661 4333 1762 4387 uoce
1776 4306 2095 4388 subscriberent
2162 4301 2163 4312 '

298 4420 338 4502 ssr
366 4420 576 4501 forinsecis
604 4415 891 4498 miraculorum
919 4415 1044 4525 signis
1072 4412 1126 4495 ad
1154 4415 1462 4522 stipulationum
1489 4419 1618 4498 robur
1645 4418 1856 4545 appositis.
1885 4416 2099 4501 librumet

297 4529 606 4611 tabernaculum
633 4525 748 4639 quod
775 4525 874 4607 deus
901 4543 943 4608 et
971 4553 1055 4607 non
1089 4524 1213 4606 homo
1254 4527 1382 4608 linxit.
1411 4554 1458 4608 ac
1486 4526 1711 4637 euangelici
1739 4555 1836 4611 uasa
1878 4518 2163 4628 ministeriis

297 4663 382 4719 non
409 4639 626 4720 brutorum
654 4653 714 4720 set
741 4636 1043 4720 rationabilium
1070 4636 1293 4719 hostiarum
1320 4641 1514 4746 sanguine
1542 4639 1760 4746 tingerent.
1779 4657 1826 4720 -et
1854 4639 1902 4720 in
1935 4641 2100 4722 uniuer-
2162 4709 2163 4738 .

296 4776 382 4834 sam
409 4751 575 4858 spatiosi
602 4751 723 4830 maris
751 4749 894 4830 faciem
922 4775 1068 4857 sagena
1100 4747 1387 4857 predicationis
1401 4770 1577 4858 expansa
1591 4748 1861 4860 multiplicata
1875 4779 2020 4862 super
2033 4773 2102 4828 nu·

294 4887 451 4942 merum
477 4856 529 4939 de
556 4861 726 4941 cunctis
739 4885 820 4968 que
849 4860 926 4944 sub
954 4861 1042 4940 celo
1070 4874 1165 4938 sunt
1194 4860 1429 4942 nationibus
1457 4859 1664 4941 ecclesiam
1679 4880 2006 4972 congregarent.
2036 4860 2100 4940 set
2162 4903 2163 4906 κ

258 5035 277 5047 .,
294 4972 393 5082 quia
419 4972 671 5083 presumptio
699 4969 998 5054 multitudinem
1025 4985 1066 5051 et
1081 4969 1233 5055 malitia
1248 4970 1468 5083 subsequta
1483 4988 1543 5054 est
1558 4971 1788 5058 libertatem
1816 4976 1859 5055 in
1886 4971 2103 5085 quadriga

2161 5093 2163 5128 l
