4398 5958
226 1907 238 1914 “
367 1887 449 1970 bus
475 1890 638 1998 quantis
667 1887 875 1970 laboribus
904 1918 978 1970 nos
1006 1898 1046 1971 8(
1074 1891 1221 1971 fratres
1249 1909 1408 1971 nostros
1436 1918 1614 1998 quorum
1642 1892 1694 1970 ali

1056 482 1117 510 -
1226 437 1308 546 aas
1418 431 1484 509 -·

368 691 462 750 nem
488 657 782 744 deducentibus
810 659 853 740 in
882 677 1044 744 exactae.
1061 663 1319 747 discussionis
1348 689 1535 757 examen,
1564 663 1831 747 accurrebant
1857 663 1943 747 hinc
1965 665 2068 754 indeli

368 801 498 871 uersa,
527 801 617 883 quae
644 772 947 856 discutientium
965 775 1218 856 uidebantur
1248 774 1441 856 iudicium
1472 775 1683 857 alternare.
1731 777 1815 859 Nec
1837 778 1937 857 enim
1968 786 2069 886 pratel

365 902 516 968 nostrae
544 883 879 966 considerationis
906 886 1150 996 indaginem,
1179 915 1302 997 quam
1330 913 1476 995 graue,
1504 915 1627 996 quam
1655 885 1806 968 durum
1827 889 2004 970 estloctm
2021 892 2071 976 stt

366 995 611 1107 Apostolicae
639 999 870 1106 proprium,
900 998 944 1079 in
972 1028 1055 1109 quo
1085 1001 1386 1106 praecipuorum
1413 998 1706 1106 Apostolorum
1734 991 1968 1108 glorificatus
1978 1020 2020 1082 est
2035 1008 2073 1083 ui

366 1126 454 1206 tus,
483 1109 637 1218 inquo
664 1109 826 1188 illorum
856 1137 1030 1218 corpora
1045 1111 1235 1218 ¹gloriosa
1264 1112 1491 1220 quiescunt,
1520 1126 1722 1193 terrarum
1746 1139 1765 1190 s
1796 1113 1877 1194 atio
1902 1128 1973 1190 tam
1993 1110 2076 1194 dilus

368 1217 583 1316 dimittere,
612 1234 729 1298 tanto
758 1221 939 1300 locorum
966 1220 1183 1302 interuallo
1212 1249 1236 1300 a
1265 1221 1460 1328 peculiari
1486 1238 1627 1301 nostro
1656 1141 1811 1332 populo
1841 1224 2008 1302 Romana
2023 1223 2078 1302 uli

274 1409 278 1416 ,
368 1331 519 1414 abesse.
575 1331 809 1411 Conuioinis
852 1333 1034 1440 partibus
1077 1361 1168 1443 quae
1211 1330 1306 1413 Sedi
1347 1331 1496 1415 eidem·
1512 1359 1597 1415 non
1631 1336 1762 1416 solum
1805 1334 2081 1442 spiritualitersl

368 1451 409 1525 8(
433 1442 710 1552 temporaliter
737 1443 900 1523 subesse
928 1461 1151 1528 noscuntur
1180 1443 1502 1526 commoditatem
1517 1445 1737 1526 vicinitatis
1752 1461 1901 1526 nostrae
1916 1443 2083 1523 subtrahes.

368 1555 535 1658 Quanta
563 1581 614 1634 ex
641 1552 822 1636 absentia
852 1573 992 1636 nostra
1021 1556 1191 1638 diuersis
1219 1555 1342 1637 Italiae
1370 1551 1556 1664 partibus
1584 1575 1750 1664 possent
1784 1557 1980 1636 imminere
2007 1554 2085 1634 disci

368 1667 492 1750 mina.
522 1668 734 1768 Quantum
758 1666 1185 1776 partiumearundem
1212 1669 1439 1749 inueterata
1468 1667 1639 1748 scissura
1682 1695 1760 1778 pro
1803 1665 2025 1776 integranda
2042 1667 2088 1742 ni

366 1780 465 1858 tatis
491 1775 715 1858 obtinendo
742 1776 921 1859 remedio
949 1780 1273 1861 nostro'auxilio
1295 1775 1565 1887 indigebatur.
1625 1780 1801 1882 Quantis
1833 1779 1995 1888 denique
2016 1776 2088 1856 onai

1728 1919 1800 1970 uos
1830 1908 1944 1984 aetas,
1969 1883 2089 1997 quasin

367 1995 572 2096 debilitas,
609 1999 827 2081 nonnullos
855 2000 1063 2098 infimitas,
1092 2009 1132 2082 8(
1160 2031 1297 2080 omnes
1327 2000 1492 2081 adhaec
1525 1922 1751 2082 desuetudo
1780 2001 1916 2082 reddit
1952 1997 2091 2087 inhablo,

368 2115 610 2222 exponimus
638 2138 722 2191 non
750 2113 835 2192 sine
863 2140 1000 2192 rerum
1029 2109 1269 2222 dispendiis,
1298 2139 1390 2224 quae
1418 2113 1535 2220 quasi
1563 2141 1640 2221 pro
1670 2113 1798 2192 nihilo
1838 2111 2023 2204 ducimus,
2051 2134 2092 2185 m

367 2225 454 2304 sine
486 2221 785 2304 discriminibus
814 2251 1034 2333 corporum
1062 2252 1153 2334 quae
1182 2253 1265 2306 non
1296 2223 1413 2302 facile
1441 2241 1768 2305 contemnuntur.
1797 2225 1895 2302 Haec
1922 2231 1957 2302 8(
1984 2221 2094 2326 alioqu

371 2362 460 2414 non
488 2348 624 2443 posset
653 2335 895 2415 succinctius
924 2362 1056 2416 sermo
1086 2362 1344 2444 percurrere,
1372 2335 1415 2413 in
1442 2335 1629 2444 partibus
1665 2336 1750 2415 istis
1778 2333 1916 2415 locum
1942 2323 2096 2412 huiusuoli

369 2445 600 2554 eligendum
628 2445 869 2527 concludere
898 2446 1152 2528 videbantur.
1183 2447 1338 2526 Verum
1365 2473 1412 2524 ea
1432 2473 1523 2555 quar
1552 2447 1595 2524 in
1626 2444 1881 2528 eodemsunt
1897 2441 2096 2555 agendam

373 2557 468 2640 cilio
496 2557 746 2637 contrarium
774 2554 1018 2655 suadebant,
1048 2564 1088 2637 8(
1116 2558 1343 2668 specialiter
1358 2557 1567 2664 negotium
1583 2557 1721 2637 Terrae
1738 2559 1914 2654 Sanctae,
1942 2548 2098 2665 quandu

371 2669 557 2748 Creatori
585 2669 764 2748 omnium
795 2671 991 2749 cariorem
1019 2669 1207 2750 omnibus
1234 2669 1445 2776 Scriptura
1475 2665 1684 2765 describit,
1726 2669 1823 2749 satis
1855 2684 1989 2777 aperte
2012 2662 2098 2744 indiu-

371 2798 441 2863 tur
468 2779 738 2859 charissimam
767 2779 1040 2886 proculdubio
1082 2778 1364 2860 habendama
1406 2778 1546 2878 nobis;
1592 2807 1685 2858 cum
1728 2779 1858 2860 soleat
1887 2775 1996 2889 quod
2028 2771 2101 2854 esti

370 2889 575 3001 superiori
603 2907 822 2998 conspectu
851 2893 1108 3000 praestantius
1138 2898 1181 2998 in
1209 2890 1466 2972 subditorum
1493 2891 1755 2972 extimatione
1785 2906 1985 3000 praestare.
2025 2881 2101 2964 Adici
2132 2939 2135 2959 ,

339 3003 540 3110 -insuper
568 3000 856 3082 beneficiorum
889 3002 1178 3100 consideratio,
1207 3011 1298 3112 quae
1327 3001 1430 3080 i'nibi
1458 3001 1637 3080 humano
1675 3005 1814 3110 generi
1844 3003 1897 3082 de
1932 2999 2103 3081 diuinaesr
2134 3055 2135 3058 ,

371 3110 698 3222 perabundantia
727 3115 865 3221 'gratiae
893 3113 1162 3195 obuenerunt.
1192 3111 1402 3223 Siquidem
1431 3111 1619 3191 Saloator
1662 3114 1843 3192 omnium
1884 3117 2104 3222 operatusesl

371 3225 419 3304 in
446 3221 579 3303 medio
608 3223 716 3304 illius
743 3243 862 3306 terrae
889 3227 1070 3306 salutem.
1107 3226 1171 3306 lbi
1199 3225 1370 3332 sumpsit
1379 3223 1609 3332 xcorporalis
1637 3225 1862 3304 natiuitatis
1891 3225 2041 3303 initium.
2073 3211 2105 3291 ΙΝ

372 3336 693 3417 conuersationis
721 3335 906 3415 humanae
934 3335 1102 3418 deduxit
1131 3355 1323 3444 tempora.
1356 3333 1417 3412 lbi
1445 3353 1539 3441 post
1566 3333 1775 3441 probrosae
1798 3337 1990 3444 passionis
2015 3327 2108 3434 obpa

317 3429 323 3452 “
371 3444 475 3555 'bria³
491 3475 570 3558 pro
598 3444 877 3554 redemptione
906 3465 1044 3528 nostra
1071 3467 1239 3551 mortem
1269 3446 1396 3553 subijt
1423 3445 1698 3553 temporalem,
1728 3453 1769 3525 8(
1797 3448 1859 3526 sui
1889 3431 2110 3554 pretiosiellt·

374 3559 489 3639 sione
517 3558 673 3639 cruoris
703 3573 819 3636 vetus
850 3545 1051 3665 piaculum
1082 3562 1274 3669 expiauit.
1312 3554 1508 3665 Nunquid
1545 3558 1671 3665 igitur
1713 3587 1800 3638 non
1839 3558 2111 3668 contingentis

375 3667 635 3775 demptorum
667 3667 792 3748 corda
820 3666 1011 3750 immensa
1035 3676 1080 3749 8(
1107 3667 1642 3752 innumerabiliabenefioia
1657 3668 1951 3778 redemptoris?
1978 3649 2112 3767 qutll

374 3803 460 3862 non
488 3779 710 3862 accendent
737 3780 932 3888 cuiusque
961 3782 1203 3889 praecordia,
1231 3797 1275 3861 vt
1303 3780 1381 3887 ipsi
1409 3807 1487 3887 pro
1523 3795 1585 3859 tot
1629 3808 1720 3890 quae
1749 3782 1868 3860 nobis
1913 3777 2041 3860 tribuit
2070 3768 2113 3893 lot

370 3893 518 3974 saltem
546 3892 791 3980 necessitatis
818 3906 1002 3998 tempore
1031 3889 1185 4000 aliquid
1214 3889 1518 3998 impendamus?
1547 3889 1645 3970 dum
1674 3893 1817 3972 Crucis
1846 3889 1980 3974 hostes
2012 3875 2114 3966 crusis

314 4039 318 4044 ¹
375 4031 474 4110 xum
500 4005 695 4085 habentes
722 4003 899 4082 ostentui
928 4002 1103 4084 cultores
1133 4004 1261 4111 ipsius
1288 4001 1507 4079 Christiani
1521 4004 1695 4083 nominis
1710 4001 1970 4113 professores,
1997 3986 2115 4078 vtChri

375 4117 428 4196 sti
457 4113 570 4195 cultu
599 4114 785 4195 deterre
815 4112 991 4211 deleant,
1022 4105 1265 4214 incessanter
1293 4113 1560 4214 exterminant
1604 4119 1644 4192 &
1685 4113 1940 4212 conculcant,
1968 4115 2059 4218 ipsos
2079 4095 2116 4178 dt

375 4225 585 4308 bilitantes
612 4225 782 4321 viribus,
810 4240 1075 4306 extenuantes
1110 4225 1275 4332 opibus,
1319 4229 1358 4304 8(
1385 4251 1524 4304 eorum
1555 4223 1670 4306 facies
1698 4226 1902 4333 replentes
1936 4212 2117 4333 ignoratis.

376 4339 568 4449 ipsosque
596 4335 766 4418 diuersis
792 4324 1102 4419 'confusionibus
1130 4350 1368 4424 saturantes.
1397 4335 1462 4416 Ad
1477 4335 1752 4417 'uindicandas
1774 4338 1914 4447 itaque
1929 4333 2118 4433 redempte

375 4451 435 4529 ris
460 4449 647 4545 iniurias,
675 4473 721 4528 ac
749 4445 983 4529 redimenda
1011 4449 1288 4558 ignominiosae
1316 4445 1632 4530 conculcationis
1673 4446 1895 4555 obprobria
1937 4449 1979 4526 in
2013 4437 2119 4560 redut

379 4561 478 4666 ptis,
507 4578 690 4640 nostrum
717 4561 824 4640 circa
852 4559 1019 4641 eandem
1047 4577 1198 4642 terram
1227 4560 1430 4639 Creatoris
1452 4558 1750 4639 conformantes
1765 4558 1947 4655 aflectui,
1977 4547 2121 4636 ardebit

380 4669 646 4750 meditatione
682 4689 912 4779 pensantes,
941 4671 1054 4784 quod
1082 4669 1258 4754 eiusdem
1287 4671 1424 4752 Terrae
1452 4669 1694 4769 subsidium,
1738 4671 1943 4778 praecipue
1977 4667 2022 4748 de
2046 4656 2122 4781 Prin·

379 4782 516 4890 cipum
545 4785 585 4858 8(
616 4784 876 4864 praelatorum
905 4781 1055 4892 pendet
1083 4785 1252 4881 auxilio,
1281 4811 1386 4892 quos
1414 4783 1519 4862 vltra
1546 4799 1703 4864 montes
1732 4780 1931 4863 credimus
1954 4784 2123 4859 conutfflfl

381 4899 500 5002 posse
528 4891 803 4994 commodius,
820 4897 1117 4978 exinah‘iuinius
1144 4894 1428 5004 nosmetipsos,
1452 4899 1498 4974 se·
1524 4894 1602 4975 sub
1629 4918 1714 5006 spe·
1729 4893 1841 4974 illius·
1860 4895 1934 5006 qui
1961 4888 2024 4971 dat
2046 4883 2124 4986 laps

277 5018 282 5029 '
378 5004 577 5088 virtutem
604 4999 852 5120 debilitatem
878 5009 1074 5108 dostram·
1088 5005 1497 5110 contaminasset
1523 5006 1650 5120 ipsius
1686 5003 1837 5092 fiducia
1877 5001 1989 5118 quali
2012 4995 2055 5106 de
2074 5007 2124 5074 su
