4384 5946
116 1199 209 1330 Nzo
264 1258 308 1324 1.
428 1365 434 1372 .
522 1239 528 1286 ³
777 1176 1243 1387 Assssll‘ff'ffl·
1313 1345 1317 1381 ζ

193 1438 317 1520 Pisven
337 1437 500 1502 Psscmms
520 1435 561 1501 lts
581 1437 772 1524 uppmaning
798 1439 848 1501 till
868 1437 932 1502 alle
952 1434 1105 1528 ¹Cbn'stna
1135 1444 1181 1500 ott
1211 1427 1409 1514 undeustiidja
1437 1427 1520 1491 Bisl.
1540 1425 1619 1490 Esco
1640 1424 1701 1490 och
1721 1425 1798 1491 hans
1817 1428 1911 1493 Med-

289 1520 429 1604 hjelparc
450 1521 658 1584 Hauromm's
677 1521 777 1585 undet·
797 1521 888 1583 deras
908 1519 1108 1602 beskiclning
1126 1519 1178 1584 ffir
1199 1527 1245 1580 att
1264 1512 1420 1578 i'Norden
1435 1512 1537 1574 inlb'ra
1552 1509 1694 1572 Christus
1714 1511 1812 1602 littam
1833 1512 1912 1578 fult-

280 1604 378 1664 ¹malt
399 1602 555 1666 maesse
576 1605 740 1667 sbudemttn
761 1614 808 1666 att
827 1599 957 1687 predita
978 1601 1038 1663 och
1059 1601 1209 1683 befitmju
1230 1597 1500 1662 Christendomens
1520 1593 1702 1674 stadgande;
1724 1603 1803 1654 sumt

194 1683 287 1748 Pau.
306 1685 463 1750 Eccum
482 1685 622 1754 lltsmcb
641 1689 817 1769 Gamouus
838 1685 910 1752 lvss
930 1684 1073 1770 uppdreg
1094 1685 1127 1747 at
1147 1685 1323 1748 meamus
1336 1677 1398 1744 och
1418 1677 1532 1742 smus
1551 1679 1563 1738 i
1583 1686 1702 1739 samma
1723 1675 1876 1740 afseende.

1524 1807 1529 1812 ·
1619 1789 1656 1845 K.
1676 1804 1699 1843 u
1714 1789 1776 1858 246.
1854 1793 1856 1799 ’

277 1969 447 2076 ‚Legatto
489 1935 638 2052 Ebouis
678 1967 975 2081 Arcbupiseopi
999 1966 1212 2081 *Remeusis
1251 1961 1314 2062 ud⁴
1348 1949 1494 2046 Gerae
1521 1957 1854 2069 Septentrionules
1881 1989 1910 2041 o

310 2079 506 2162 Pasctatt
530 2084 650 2196 Papa
677 2100 862 2194 ,suscepto

278 2223 506 2306 Autenti'cis
540 2251 617 2332 per
657 2225 835 2306 ordinem
874 2220 1162 2303 succedentium
1204 2219 1329 2302 trium
1361 2217 1680 2327 Apostolicorum
1706 2216 1909 2299 roboratis

111 2329 354 2440 privilegiis,
394 2333 607 2416 Pusclmlis
632 2335 804 2430 scilicet,
847 2331 1025 2439 Eugenii
1065 2331 1149 2412 sive
1176 2324 1371 2434 Gregorii
1409 2343 1556 2408 sanctae
1584 2329 1774 2406 Romanae
1802 2325 1907 2406 sedis

111 2443 333 2549 presulum
360 2442 441 2523 hoc
469 2442 680 2550 legationis
710 2443 861 2526 Christi
888 2439 1095 2550 exemplar
1123 2437 1277 2520 editum
1306 2439 1461 2518 eunctis
1489 2435 1675 2520 Ecclesiae
1703 2437 1910 2517 catholicae

110 2551 205 2634 filiis
233 2570 469 2662 porrectum
496 2571 619 2666 atque
646 2556 876 2662 praefixum,
918 2579 1038 2672 opem
1066 2548 1309 2646 ferentibus,
1342 2547 1551 2628 ‘felicitatis
1578 2549 1805 2654 negotium3
1826 2550 1910 2628 'im-

109 2659 372 2772 pedientibus
400 2680 535 2746 autem
551 2666 732 2749 terribile
760 2663 1032 2748 damnationis
1052 2659 1270 2771 judicium,
1298 2659 1333 2739 si
1348 2657 1500 2767 ligandi
1515 2656 1780 2770 solvendique
1808 2687 1909 2768 apo·

110 2773 265 2874 stolicae
292 2776 501 2883 dignitatis
527 2801 669 2856 verum
694 2776 776 2856 'Dei
804 2801 890 2858 esse
924 2788 1060 2887 potest
1103 2771 1373 2854 testimonium
1401 2767 1609 2860 dicentis:¹
1635 2771 1909 2880 Quodcunque

108 2883 309 2991 ligaveris
335 2907 652 2996 superterram,
684 2891 724 2966 &
752 2886 917 2997 reliqua.
973 2888 1144 2992 Insuper
1177 2908 1275 2964 vero
1309 2881 1416 2990 quod
1442 2887 1513 2964 ruti
1538 2909 1590 2960 en·
1617 2885 1785 2962 minimis
1812 2887 1909 2962 uuis

98 2997 286 3097 fecistis,
317 2999 413 3078 nulii
427 3001 588 3106 fecistis
595 3026 611 3094 ‚·
639 3013 687 3078 ut
714 3001 785 3106 qui
823 2999 1163 3080 scandalizaturis
1204 3019 1327 3072 unum
1353 2994 1402 3073 de
1432 2993 1612 3101 pusillu;
1655 2990 1719 3072 vel
1742 3007 1906 3090 caetera,

110 3103 271 3186 mundo
299 3106 627 3217 superbientibus
654 3105 849 3190 divinitus
892 3107 1056 3216 vulgata
1084 3119 1298 3186 tormenta.
1353 3103 1434 3181 Piis
1461 3117 1598 3182 tamen
1639 3099 1906 3212 benignisque

109 3217 317 3300 mentibus
360 3219 445 3304 haec
472 3221 544 3305 ⁴ita
588 3218 835 3330 conscripta,
875 3245 950 3332 per
989 3217 1164 3300 orditum
1195 3215 1485 3324 firmwverunt.
1511 3211 1768 3298 uoiotatua
1801 3215 1908 3324 jura

108 3327 352 3439 apouotuu'
1511 3376 1514 3387 ‹
1869 3373 1873 3383 ι

336 3561 484 3645 Literae
510 3559 724 3648 Paslualis
750 3563 879 3675 Papae
906 3563 964 3646 od
989 3571 1120 3644 omnes
1147 3559 1393 3675 Cluistinnos
1420 3561 1507 3642 Deo
1524 3555 1685 3666 fideles.¹

223 3704 444 3788 Psseelus
473 3705 620 3815 Episco
653 3723 700 3787 us
726 3733 866 3788 servus
893 3731 1101 3786 servorum
1133 3705 1209 3785 Dei
1217 3717 1237 3801 ,'
1264 3702 1461 3782 universis
1480 3699 1745 3782 sanctissimis
1772 3695 1908 3780 fratri·

107 3813 212 3914 bus,
242 3815 505 3924 coepiscopis,
534 3735 798 3927 presbyteris,
824 3843 896 3899 seu
924 3817 1075 3896 caeteris
1109 3815 1384 3910 ecclesiasticis
1411 3811 1625 3894 ordinibus
1669 3809 1909 3922 gloriosissi·

105 3928 270 4038 misque
298 3926 573 4036 Principibus,
596 3929 802 4026 ²Ducibus,
839 3928 922 4008 sive
950 3924 1169 4035 magnificis
1197 3924 1442 4021 Comitibus,
1471 3926 1511 4003 δι’
1538 3924 1695 4004 cunctis
1718 3920 1910 4002 Christia-

106 4037 173 4117 nis
203 4035 283 4117 Dei
311 4033 512 4118 fidelibus·
558 4037 661 4118 Cum
688 4039 1029 4147 religiosissimum
1056 4051 1212 4134 constet
1240 4063 1378 4117 curam
1406 4063 1452 4114 ac
1479 4026 1790 4116 sollicitudinem
1812 4055 1909 4138 erga

107 4145 365 4227 dominicum
394 4174 555 4257 gregem
584 4175 736 4256 gerere,
766 4177 886 4260 quem
915 4147 1051 4230 divina
1079 4147 1377 4256 dispensatione
1404 4146 1651 4253 suscepimus
1674 4143 1907 4252 gubernan-

106 4256 231 4354 dum,
259 4271 382 4366 atque
410 4259 584 4354 coelestia
614 4259 764 4368 pabula
791 4259 944 4340 salubri
972 4261 1332 4343 communicatione
1373 4252 1780 4348 subministrandum,
1810 4255 1908 4334 ‘mae
1989 4295 1996 4300 ’

104 4368 221 4448 xime
248 4367 328 4462 his,
357 4369 429 4477 qui
457 4369 500 4446 in
528 4373 722 4478 competis
748 4377 788 4452 &
814 4373 929 4480 pagis
960 4370 1036 4452 sub
1065 4370 1250 4480 principe
1277 4368 1536 4449 tenebrarum
1549 4362 1693 4446 callida
1721 4363 1909 4445 suasione

102 4478 354 4584 persistunt,
384 4478 574 4559 &vitam
607 4481 683 4561 viae
710 4482 941 4589 ignorantes
969 4480 1095 4590 devij,
1139 4483 1222 4562 riou
1258 4507 1349 4590 quae
1376 4487 1675 4576 sursumsunt,
1716 4469 1787 4554 sed
1813 4493 1910 4584 quas

1 4683 2 4686 g
103 4585 330 4686 deorsum,
365 4587 487 4670 stulta
534 4591 790 4700 instigatione
832 4594 1088 4703 perquirunt.
1146 4589 1226 4674 Sed
1269 4591 1365 4700 quia
1393 4591 1437 4669 in
1466 4588 1652 4698 partibus
1693 4583 1909 4695 Aquilonis

81 4693 310 4807 ·quasdam
338 4713 477 4804 gentes
504 4700 742 4800 consistere,
771 4718 863 4813 quae
890 4731 966 4785 nec
994 4705 1091 4786 dum
1120 4703 1367 4813 agnitionem
1395 4700 1470 4779 Dei
1497 4698 1666 4798 habere,
1694 4723 1769 4776 nee
1796 4715 1909 4778 sacra

1 4877 2 4914 ᾗ
104 4808 224 4892 unda
254 4807 508 4915 baptismatis
534 4825 629 4895 sunt
656 4815 808 4914 renati,
835 4814 911 4898 sub
941 4815 1084 4897 umbra
1113 4814 1252 4896 mortis
1280 4813 1468 4906 existere,
1496 4813 1537 4894 8t
1565 4808 1690 4920 magis
1706 4815 1908 4890 ‘creaturae

1 4947 2 4954 ’
246 4949 293 5010 ὃν,
315 4947 396 5020 utpt.
643 5015 648 5020 Ι
940 4975 943 4980 ·
1141 4971 1146 4986 r
1213 5009 1216 5015 .
1755 4941 1769 4992 Ι
1849 5007 1854 5014 .
