4384 5946
839 483 1229 568 ...33-

3 757 4 764 ¹
114 707 282 802 roobiam
324 713 365 788 8(
405 701 615 801 dioecesin,
644 703 687 784 in
702 685 901 786 'omnibus
923 697 1176 812 ¹supradictis
1213 703 1409 814 gentibus.
1470 705 1524 787 Et
1545 708 1585 788 si
1627 708 1722 817 quis
1752 723 1894 791 contro

113 820 224 929 hujus
253 836 400 899 nostrae
427 817 675 898 auctoritatis
702 816 953 925 priviligium
981 817 1041 896 ire
1068 817 1337 926 temptaverit,
1365 831 1435 898 aut
1462 817 1504 898 in
1526 845 1697 930 quoquc
1713 818 1835 903 modo
1850 823 1894 902 in

114 949 220 1046 parte
248 930 312 1010 vel
341 931 386 1010 in'
412 945 500 1009 toto
530 927 713 1035 frangere
742 929 852 1008 nisus
880 927 1020 1024 fuerit,
1062 930 1114 1010 sit
1157 929 1541 1026 excommunicatus,
1577 957 1601 1009 a
1639 955 1811 1040 corpore
1852 937 1895 1012 8(

3 1079 5 1152 3
116 1042 266 1126 vivifico
295 1040 494 1149 sanguine·
515 1039 679 1122 Domini
707 1041 835 1121 nostri
862 1039 957 1120 Jesu
985 1039 1153 1135 Christi,
1183 1045 1223 1122 8(
1250 1067 1274 1119 a
1300 1037 1445 1119 sanctae
1474 1040 1548 1120 Dei
1581 1040 1766 1124 Ecclesiae
1807 1041 1894 1124 adi·

3 1159 5 1216 !
117 1175 157 1236 tu
183 1169 397 1262 separatus.
454 1147 703 1264 Obseryator
729 1169 862 1231 autem
890 1150 1010 1259 hujus
1037 1169 1185 1231 nostrae
1212 1151 1506 1232 ammonitionis
1534 1155 1574 1232 8(
1605 1151 1790 1258 jussionis
1825 1153 1895 1234 ho·

3 1279 4 1284 '
118 1269 202 1348 beat
228 1263 560 1345 benedictionem·
576 1264 861 1370 omnipotentis
891 1264 966 1343 Dei
993 1268 1033 1341 8(
1062 1263 1272 1343 beatorum
1300 1261 1576 1371 apostolorum
1604 1265 1712 1343 Petri
1740 1268 1896 1346 &Peu-

118 1377 144 1456 li
168 1383 206 1456 8(
232 1391 415 1455 nostram
443 1375 515 1483 qui
542 1401 680 1455 eorum
710 1373 913 1480 fungimur
928 1376 1195 1455 vicariatione.
1253 1374 1357 1454 Dato
1389 1375 1513 1481 igitur
1526 1373 1790 1469 vobis,frater
1805 1376 1897 1457 cha·

120 1489 263 1569 rissime
294 1485 471 1582 Liavizo,
500 1502 647 1567 nostrae
676 1487 924 1566 auctoritatis
952 1479 1165 1592 privilegio
1194 1484 1310 1566 simul
1340 1483 1596 1567 concedimus
1610 1486 1738 1582 vobis,
1753 1491 1793 1567 8(
1807 1483 1902 1566 Pal-¹

3 1683 4 1690 Ν
122 1601 170 1680 lio
196 1600 256 1678 uti
286 1597 438 1704 ubique
466 1595 648 1676 locorum
679 1597 720 1677 in
748 1615 920 1706 utraque
949 1597 1077 1676 Albiae
1105 1595 1277 1676 fluminis
1305 1599 1414 1706 ripa,
1443 1597 1598 1678 stabitis
1619 1593 1780 1693 diebus,
1796 1597 1900 1680 sicut

122 1709 432 1791 antecessoribus
460 1709 602 1788 vestris
630 1710 752 1788 moris
780 1725 875 1788 erat
931 1707 1103 1816 Insuper
1130 1708 1313 1788 addimus
1341 1735 1419 1817 pro
1445 1725 1543 1789 voto
1572 1726 1713 1790 vestrae
1750 1705 1901 1816 dignis·

3 1877 4 1880 κ
122 1824 219 1902 simae
247 1819 476 1929 petitionis,
506 1821 548 1898 in
575 1819 769 1899 nataliciis
797 1819 1007 1899 beatorum
1036 1817 1255 1926 Martyrum
1286 1819 1509 1912 Laurentii,
1539 1815 1736 1914 Maurici,
1773 1819 1903 1900 socio·

3 2025 4 2032 ἶ
122 1961 288 2042 rumque
316 1927 552 2025 eorundem,
580 1935 618 2009 8(
647 1930 690 2007 in
718 1929 884 2035 singulis
912 1927 1190 2010 festivitatibus
1218 1932 1334 2011 vobis
1362 1929 1578 2012 commissae
1607 1929 1791 2009 Ecclesiae
1819 1927 1906 2040 pal-

30 2069 34 2076 ’
124 2044 173 2125 lio
198 2071 274 2125 vos
304 2040 428 2122 indui.
486 2043 630 2122 Sancta
657 2040 835 2120 Trinitas
864 2041 1150 2121 fraternitatem
1178 2057 1350 2122 vestram
1377 2041 1447 2122 diu
1469 2067 1704 2122 conservare
1716 2039 1907 2149 dignetur

124 2155 383 2248 incolumem,
411 2169 531 2261 atque
561 2169 654 2260 post
682 2152 802 2260 hujus
830 2152 964 2232 saeculi
991 2149 1312 2249 amaritudinem,
1348 2151 1399 2234 ad
1435 2169 1669 2262 perpetuam
1711 2152 1907 2261 perducat

3 2265 4 2316 ³
125 2264 419 2348 beatitudinem.
476 2263 678 2370 Scriptum
707 2291 780 2372 per
809 2289 968 2342 manum
998 2256 1190 2373 Stephani
1218 2263 1392 2359 Notarii,
1421 2264 1651 2371 Regionarii
1665 2281 1785 2373 atque
1799 2263 1906 2343 Scri·

3 2403 4 2478 ss
126 2380 234 2459 niarii
264 2375 429 2472 Palatii,
457 2378 500 2456 in
527 2374 661 2454 Mense
690 2375 935 2454 Novembrio
964 2380 1004 2453 8(
1033 2372 1256 2454 indictione
1284 2376 1354 2454 111.
1384 2377 1487 2455 Data
1514 2376 1572 2455 VI
1601 2375 1696 2456 Idus
1736 2377 1909 2456 Novem·
1966 2453 1973 2462 ,

3 2489 18 2515 ''
126 2491 203 2572 bris
231 2515 309 2597 per
337 2513 477 2567 manus
506 2485 693 2592 Gregorii
722 2487 911 2592 Episcopi
939 2501 1085 2564 sanctae
1114 2487 1343 2566 Portuensis
1358 2485 1554 2566 Ecclesiae.
1610 2487 1729 2566 Anno
1744 2484 1910 2566 Pontifi·
1996 2524 1998 2530 v

3 2589 5 2639 l
128 2617 233 2680 catus
263 2597 428 2678 Domini
456 2595 647 2677 lobannis
675 2597 908 2676 sanctissimi
937 2598 1054 2703 Papae
1082 2595 1131 2676 X.
1189 2598 1308 2678 Anno
1344 2598 1395 2677 ab
1437 2597 1709 2678 incarnatione
1749 2596 1912 2677 Domini

3 2779 4 2782 ,
128 2714 251 2792 nostri
284 2709 376 2788 Jesu
404 2708 554 2788 Christi
583 2706 1030 2786 DCCCCLXXXVIIII
1059 2708 1102 2786 in
1131 2705 1265 2787 Mense
1293 2707 1531 2789 Novembris
1553 2713 1592 2788 8(
1607 2708 1829 2789 indictione
1845 2705 1909 2788 ΙΙΙ

3 2853 5 2926 ᾗ
128 2823 294 2904 Pallium
323 2820 440 2900 vobis
469 2818 660 2898 mittimus
689 2822 729 2896 &
757 2821 921 2926 insuper
946 2817 1204 2902 concedimus
1232 2819 1308 2898 isto
1337 2817 1401 2899 vel
1429 2815 1508 2900 alio
1536 2817 1809 2928 cujuscunque
1844 2843 1912 2925 ge·

3 2927 5 2974 ⁵
132 2944 235 3013 neris
264 2929 381 3012 nitidi
411 2929 596 3011 candoris
625 2927 739 3009 vobis
768 2929 965 3038 placuerit
992 2957 1064 3010 vos
1092 2929 1216 3010 indui.
1273 2931 1410 3012 Amen.
1474 2981 1476 2990 ·

145 3325 224 3427 18.
592 3315 605 3330 ⁸
817 3321 932 3466 996
980 3326 996 3422 i
1040 3257 1175 3426 luni.

215 3545 316 3610 Pati,
338 3545 491 3608 lomnes
511 3542 616 3608 xvtes
637 3540 829 3622 sladllstelsa
849 3543 899 3609 fiir
920 3540 1052 3606 frte-R
1073 3545 1236 3611 Lirenates
1256 3545 1296 3630 pt
1319 3545 1383 3608 olla
1401 3546 1578 3629 hamburgi
1588 3542 1922 3626 stiststillbiirigbeter.

402 3691 406 3702 ι
501 3659 505 3668 “
1608 3671 1610 3674 ’
1673 3661 1712 3719 K.
1732 3659 1792 3730 ³¹91

307 3763 511 3843 sommus
541 3762 779 3870 Episcopus,
808 3761 957 3844 Servus
986 3763 1202 3846 Servorum
1238 3766 1332 3862 Dei,
1367 3765 1686 3849 reverentissimo
1729 3758 1921 3842 Livezoni
2024 3773 2028 3783 “

3 3817 5 3900 l
140 3892 288 3957 sanctae
316 3872 697 3979 Hammaburgeosis
730 3872 915 3954 Ecclesiae
943 3869 1257 3984 Archiepisoopo
1286 3883 1326 3957 8(
1353 3876 1546 3960 confratri
1578 3893 1736 3970 nostro,
1765 3877 1804 3952 8(
1833 3877 1925 3977 post
1961 3891 1966 3898 '
2023 3975 2033 3982 -

3 4027 4 4070 ῑ
141 4003 180 4068 te
208 3989 253 4066 in
282 3984 421 4065 eadem
450 3982 625 4064 Ecclesia
654 3985 697 4063 in
725 4001 974 4092 perpetuum.
1030 3987 1132 4067 Cum
1160 3989 1237 4095 piae
1265 3986 1506 4070 desiderium
1534 3980 1925 4080 voluntatieorum

3 4185 5 4192 ,
51 4083 52 4088 ¹
141 4096 278 4178 danda
307 4094 536 4177 devotionis
564 4095 734 4176 intentio
762 4096 991 4204 apostolicis
1019 4099 1071 4179 sit
1099 4119 1255 4206 semper
1282 4097 1424 4181 studiis
1451 4097 1688 4208 adjuvanda,
1731 4119 1827 4174 cura
1868 4107 1927 4172 est

146 4207 430 4289 sollicitudinis
458 4205 701 4302 adhibenda,
730 4212 770 4286 8(
797 4233 842 4286 ea
869 4235 963 4317 quac
991 4208 1168 4316 legaliter
1211 4227 1429 4317 geruntur,
1470 4216 1510 4292 &
1550 4205 1750 4318 aequitatis
1790 4201 1928 4284 mma

81 4345 84 4352 ·
150 4321 416 4414 conveniunt,
445 4317 556 4397 nullo
584 4317 741 4398 valeant
768 4318 1033 4426 refragatione
1061 4322 1310 4428 perturbari,
1339 4322 1409 4405 sed
1445 4319 1671 4428 infragabili
1711 4314 1802 4423 jure
1840 4312 1928 4396 Dec
1977 4355 1979 4361 v
2101 4281 2104 4288 ,

80 4452 85 4472 ·
149 4446 289 4511 autore
318 4429 496 4512 debeant
518 4455 770 4536 permanere,
797 4435 838 4510 8(
865 4432 920 4511 ob
961 4429 1039 4512 hoc
1081 4432 1313 4540 apostolicis¹
1350 4432 1611 4542 promulgatis
1659 4427 1931 4512 sanctionibus

3 4559 5 4596 ‘
101 4637 106 4646 ι
150 4537 331 4649 propria‘
347 4539 567 4646 unicuique
596 4567 688 4648 quae
714 4541 861 4621 rationi
888 4559 1109 4651 suppetunt
1135 4543 1397 4652 possidenda,
1425 4540 1482 4624 fas
1511 4544 1643 4650 exigat
1685 4537 1931 4638 confirmare.
2011 4595 2016 4602 -

33 4662 39 4671 '
151 4651 205 4732 Et
231 4678 360 4762 quum
389 4649 623 4760 postulasti,
650 4667 697 4731 ut
723 4652 977 4760 privilegium
1005 4673 1085 4736 tuae
1127 4653 1343 4736 faceremus
1386 4652 1589 4751 Ehclesiae,
1630 4657 1671 4734 8(
1712 4646 1931 4758 apostolica

3 4723 5 4810 i
149 4763 326 4844 tuitiorm
354 4763 655 4858 roboraremus,
683 4761 848 4844 candent
877 4767 920 4846 in
948 4765 1161 4874 pristinum
1179 4792 1340 4847 manere
1354 4782 1499 4848 statum
1513 4764 1768 4847 concedimus
1782 4767 1823 4842 8(
1835 4785 1936 4868 apo-

3 4855 6 5012 l

152 4874 297 4955 stolico
326 4873 426 4981 jure
441 4873 660 4969 firmamus,
676 4872 778 4957 'tibi
791 4893 950 4986 tuaeque
979 4877 1165 4957 Ecclesia
1193 4894 1339 4957 sanum
1373 4875 1756 4986 Hammaburgensi,
1783 4896 1937 4952 succes·

154 4987 329 5179 scribussv
344 4985 425 5194 tp:
453 4985 560 5064 illam
589 4984 822 5094 dignitatem
850 4992 890 5112 8(
916 4989 1012 5069 lines
1041 4988 1226 5098 proprias
1255 5015 1345 5068 oum
1374 4987 1536 5096 prediis
1557 4988 1809 5172 'oneribuslilg
1820 5007 1939 5089 parc·
