<?xml version="1.0" encoding="UTF-8"?>
<!DOCTYPE html PUBLIC "-//W3C//DTD XHTML 1.0 Transitional//EN"
    "http://www.w3.org/TR/xhtml1/DTD/xhtml1-transitional.dtd">
<html xmlns="http://www.w3.org/1999/xhtml" xml:lang="en" lang="en">
 <head>
  <title>
</title>
<meta http-equiv="Content-Type" content="text/html;charset=utf-8" />
  <meta name='ocr-system' content='tesseract 3.04.00' />
  <meta name='ocr-capabilities' content='ocr_page ocr_carea ocr_par ocr_line ocrx_word'/>
</head>
<body>
  <div class='ocr_page' id='page_1' title='image "./svensktdiplomat00swegoog_0106.png"; bbox 0 0 4370 5950; ppageno 0'>
   <div class='ocr_carea' id='block_1_1' title="bbox 971 345 1359 422">
    <p class='ocr_par' dir='ltr' id='par_1_1' title="bbox 971 345 1359 422">
     <span class='ocr_line' id='line_1_1' title="bbox 971 345 1359 422; baseline 0.008 -15"><span class='ocrx_word' id='word_1_1' title='bbox 971 345 1359 422; x_wconf 62' lang='lat'>...62-</span> 
     </span>
    </p>
   </div>
   <div class='ocr_carea' id='block_1_2' title="bbox 268 561 2040 680">
    <p class='ocr_par' dir='ltr' id='par_1_2' title="bbox 268 561 2040 680">
     <span class='ocr_line' id='line_1_2' title="bbox 268 561 2040 680; baseline 0.002 -32"><span class='ocrx_word' id='word_1_2' title='bbox 268 567 307 648; x_wconf 88' lang='lat' dir='ltr'>ri</span> <span class='ocrx_word' id='word_1_3' title='bbox 335 579 508 668; x_wconf 85' lang='lat' dir='ltr'>testante</span> <span class='ocrx_word' id='word_1_4' title='bbox 536 563 719 672; x_wconf 86' lang='lat' dir='ltr'>apostolo</span> <span class='ocrx_word' id='word_1_5' title='bbox 752 589 921 669; x_wconf 91' lang='lat' dir='ltr'>regnum</span> <span class='ocrx_word' id='word_1_6' title='bbox 953 563 1027 642; x_wconf 91' lang='lat' dir='ltr'>Dei</span> <span class='ocrx_word' id='word_1_7' title='bbox 1047 567 1140 641; x_wconf 89' lang='lat' dir='ltr'>&#39;non</span> <span class='ocrx_word' id='word_1_8' title='bbox 1168 561 1436 672; x_wconf 86' lang='lat' dir='ltr'>possidebunt</span> <span class='ocrx_word' id='word_1_9' title='bbox 1464 563 1598 646; x_wconf 82' lang='lat' dir='ltr'>Habet</span> <span class='ocrx_word' id='word_1_10' title='bbox 1612 591 1775 680; x_wconf 85' lang='lat' dir='ltr'>quoque</span> <span class='ocrx_word' id='word_1_11' title='bbox 1797 565 2040 657; x_wconf 76' lang='lat' dir='ltr'>ecelesiastica</span> 
     </span>
    </p>
   </div>
   <div class='ocr_carea' id='block_1_3' title="bbox 141 672 2040 782">
    <p class='ocr_par' dir='ltr' id='par_1_3' title="bbox 141 672 2040 782">
     <span class='ocr_line' id='line_1_3' title="bbox 141 672 2040 782; baseline 0.003 -24"><span class='ocrx_word' id='word_1_12' title='bbox 141 673 147 682; x_wconf 81' lang='grc'><strong>’</strong></span> <span class='ocrx_word' id='word_1_13' title='bbox 266 679 477 775; x_wconf 79' lang='lat' dir='ltr'>&#39;lustitueio</span> <span class='ocrx_word' id='word_1_14' title='bbox 505 689 550 756; x_wconf 94' lang='lat' dir='ltr'>ut</span> <span class='ocrx_word' id='word_1_15' title='bbox 579 680 738 776; x_wconf 81' lang='lat' dir='ltr'>mortua</span> <span class='ocrx_word' id='word_1_16' title='bbox 767 687 893 769; x_wconf 71' lang='lat' dir='ltr'>uxore</span> <span class='ocrx_word' id='word_1_17' title='bbox 922 674 1043 754; x_wconf 92' lang='lat' dir='ltr'>ullam</span> <span class='ocrx_word' id='word_1_18' title='bbox 1074 672 1124 754; x_wconf 91' lang='lat' dir='ltr'>de</span> <span class='ocrx_word' id='word_1_19' title='bbox 1144 673 1501 782; x_wconf 77' lang='lat' dir='ltr'>,consanguinitate</span> <span class='ocrx_word' id='word_1_20' title='bbox 1532 673 1721 756; x_wconf 86' lang='lat' dir='ltr'>defuncte</span> <span class='ocrx_word' id='word_1_21' title='bbox 1750 677 1884 764; x_wconf 74' lang='lat' dir='ltr'>uxoris</span> <span class='ocrx_word' id='word_1_22' title='bbox 1904 682 1962 759; x_wconf 85' lang='lat' dir='ltr'>vir</span> <span class='ocrx_word' id='word_1_23' title='bbox 1975 683 2040 764; x_wconf 93' lang='lat' dir='ltr'>du-</span> 
     </span>
    </p>
   </div>
   <div class='ocr_carea' id='block_1_4' title="bbox 141 781 2167 4446">
    <p class='ocr_par' dir='ltr' id='par_1_4' title="bbox 141 781 2167 4446">
     <span class='ocr_line' id='line_1_4' title="bbox 224 781 2131 896; baseline 0.003 -27"><span class='ocrx_word' id='word_1_24' title='bbox 224 837 228 842; x_wconf 94' lang='lat'><em>·</em></span> <span class='ocrx_word' id='word_1_25' title='bbox 271 807 338 870; x_wconf 88' lang='lat' dir='ltr'>cat</span> <span class='ocrx_word' id='word_1_26' title='bbox 365 817 539 869; x_wconf 85' lang='lat' dir='ltr'>uxorem.</span> <span class='ocrx_word' id='word_1_27' title='bbox 598 787 651 865; x_wconf 87' lang='lat' dir='ltr'>Et</span> <span class='ocrx_word' id='word_1_28' title='bbox 680 784 871 866; x_wconf 87' lang='lat' dir='ltr'>defuncto</span> <span class='ocrx_word' id='word_1_29' title='bbox 898 788 987 866; x_wconf 88' lang='lat' dir='ltr'>viro</span> <span class='ocrx_word' id='word_1_30' title='bbox 1016 781 1173 862; x_wconf 92' lang='lat' dir='ltr'>nullum</span> <span class='ocrx_word' id='word_1_31' title='bbox 1207 785 1257 865; x_wconf 90' lang='lat' dir='ltr'>de</span> <span class='ocrx_word' id='word_1_32' title='bbox 1287 786 1634 891; x_wconf 86' lang='lat' dir='ltr'>consanguinitate</span> <span class='ocrx_word' id='word_1_33' title='bbox 1649 786 1838 868; x_wconf 86' lang='lat' dir='ltr'>defuncti.</span> <span class='ocrx_word' id='word_1_34' title='bbox 1855 810 2042 896; x_wconf 87' lang='lat' dir='ltr'>superstes</span> <span class='ocrx_word' id='word_1_35' title='bbox 2120 787 2131 800; x_wconf 78' lang='grc'><strong>’</strong></span> 
     </span>
     <span class='ocr_line' id='line_1_5' title="bbox 268 895 2043 1006; baseline 0.001 -26"><span class='ocrx_word' id='word_1_36' title='bbox 268 901 419 982; x_wconf 88' lang='lat' dir='ltr'>mulier.</span> <span class='ocrx_word' id='word_1_37' title='bbox 439 901 482 978; x_wconf 93' lang='lat' dir='ltr'>in</span> <span class='ocrx_word' id='word_1_38' title='bbox 510 901 642 984; x_wconf 74' lang='lat' dir='ltr'>‚virum</span> <span class='ocrx_word' id='word_1_39' title='bbox 675 897 865 1002; x_wconf 89' lang='lat' dir='ltr'>suscipiat</span> <span class='ocrx_word' id='word_1_40' title='bbox 894 899 989 1006; x_wconf 90' lang='lat' dir='ltr'>quia</span> <span class='ocrx_word' id='word_1_41' title='bbox 1017 923 1065 973; x_wconf 83' lang='lat' dir='ltr'>ex</span> <span class='ocrx_word' id='word_1_42' title='bbox 1093 895 1169 974; x_wconf 94' lang='lat' dir='ltr'>hoc</span> <span class='ocrx_word' id='word_1_43' title='bbox 1198 895 1440 976; x_wconf 84' lang='lat' dir='ltr'>sinedubio</span> <span class='ocrx_word' id='word_1_44' title='bbox 1466 898 1618 976; x_wconf 87' lang='lat' dir='ltr'>crimen</span> <span class='ocrx_word' id='word_1_45' title='bbox 1650 900 1821 980; x_wconf 89' lang='lat' dir='ltr'>incestus</span> <span class='ocrx_word' id='word_1_46' title='bbox 1844 905 2043 984; x_wconf 88' lang='lat' dir='ltr'>committi-</span> 
     </span>
     <span class='ocr_line' id='line_1_6' title="bbox 155 1005 2042 1114; baseline 0.002 -23"><span class='ocrx_word' id='word_1_47' title='bbox 155 1045 161 1055; x_wconf 93' lang='lat'><strong>·</strong></span> <span class='ocrx_word' id='word_1_48' title='bbox 268 1028 335 1100; x_wconf 89' lang='lat' dir='ltr'>tur</span> <span class='ocrx_word' id='word_1_49' title='bbox 363 1008 435 1089; x_wconf 90' lang='lat' dir='ltr'>ubi</span> <span class='ocrx_word' id='word_1_50' title='bbox 464 1009 578 1089; x_wconf 92' lang='lat' dir='ltr'>nulla</span> <span class='ocrx_word' id='word_1_51' title='bbox 608 1007 861 1113; x_wconf 84' lang='lat' dir='ltr'>dispensacio</span> <span class='ocrx_word' id='word_1_52' title='bbox 891 1007 1084 1086; x_wconf 85' lang='lat' dir='ltr'>adhiberi.</span> <span class='ocrx_word' id='word_1_53' title='bbox 1144 1005 1266 1106; x_wconf 88' lang='lat' dir='ltr'>Quod</span> <span class='ocrx_word' id='word_1_54' title='bbox 1295 1020 1336 1086; x_wconf 82' lang='lat' dir='ltr'>et</span> <span class='ocrx_word' id='word_1_55' title='bbox 1365 1005 1415 1086; x_wconf 90' lang='lat' dir='ltr'>de</span> <span class='ocrx_word' id='word_1_56' title='bbox 1444 1035 1604 1114; x_wconf 89' lang='lat' dir='ltr'>sponsa.</span> <span class='ocrx_word' id='word_1_57' title='bbox 1633 1025 1674 1088; x_wconf 92' lang='lat' dir='ltr'>et</span> <span class='ocrx_word' id='word_1_58' title='bbox 1702 1010 1883 1091; x_wconf 91' lang='lat' dir='ltr'>nondum</span> <span class='ocrx_word' id='word_1_59' title='bbox 1911 1039 1933 1090; x_wconf 91' lang='lat' dir='ltr'>a</span> <span class='ocrx_word' id='word_1_60' title='bbox 1962 1017 2042 1095; x_wconf 88' lang='lat' dir='ltr'>viro</span> 
     </span>
     <span class='ocr_line' id='line_1_7' title="bbox 264 1115 2044 1225; baseline 0.001 -23"><span class='ocrx_word' id='word_1_61' title='bbox 264 1138 391 1202; x_wconf 92' lang='lat' dir='ltr'>morte</span> <span class='ocrx_word' id='word_1_62' title='bbox 422 1137 493 1198; x_wconf 88' lang='lat' dir='ltr'>aut</span> <span class='ocrx_word' id='word_1_63' title='bbox 522 1119 609 1198; x_wconf 86' lang='lat' dir='ltr'>aliis</span> <span class='ocrx_word' id='word_1_64' title='bbox 638 1119 765 1196; x_wconf 90' lang='lat' dir='ltr'>causis</span> <span class='ocrx_word' id='word_1_65' title='bbox 795 1115 1125 1225; x_wconf 90' lang='lat' dir='ltr'>prepedientibus</span> <span class='ocrx_word' id='word_1_66' title='bbox 1154 1118 1328 1223; x_wconf 88' lang='lat' dir='ltr'>cognita.</span> <span class='ocrx_word' id='word_1_67' title='bbox 1359 1118 1520 1197; x_wconf 80' lang='lat' dir='ltr'>racione</span> <span class='ocrx_word' id='word_1_68' title='bbox 1549 1118 1771 1199; x_wconf 77' lang='lat' dir='ltr'>honestatis</span> <span class='ocrx_word' id='word_1_69' title='bbox 1792 1121 1969 1202; x_wconf 88' lang='lat' dir='ltr'>similiter</span> <span class='ocrx_word' id='word_1_70' title='bbox 1982 1153 2044 1205; x_wconf 90' lang='lat' dir='ltr'>cu·</span> 
     </span>
     <span class='ocr_line' id='line_1_8' title="bbox 266 1227 2044 1340; baseline 0.002 -27"><span class='ocrx_word' id='word_1_71' title='bbox 266 1231 451 1313; x_wconf 87' lang='lat' dir='ltr'>stoditur.</span> <span class='ocrx_word' id='word_1_72' title='bbox 517 1233 702 1309; x_wconf 89' lang='lat' dir='ltr'>Preterea</span> <span class='ocrx_word' id='word_1_73' title='bbox 738 1229 948 1334; x_wconf 90' lang='lat' dir='ltr'>episcopos</span> <span class='ocrx_word' id='word_1_74' title='bbox 984 1227 1223 1311; x_wconf 81' lang='lat' dir='ltr'>sacerdotes.</span> <span class='ocrx_word' id='word_1_75' title='bbox 1258 1229 1474 1307; x_wconf 87' lang='lat' dir='ltr'>monachos</span> <span class='ocrx_word' id='word_1_76' title='bbox 1504 1228 1684 1340; x_wconf 88' lang='lat' dir='ltr'>aliosque</span> <span class='ocrx_word' id='word_1_77' title='bbox 1713 1232 1821 1311; x_wconf 87' lang='lat' dir='ltr'>viros</span> <span class='ocrx_word' id='word_1_78' title='bbox 1849 1231 2044 1340; x_wconf 88' lang='lat' dir='ltr'>religiosos</span> 
     </span>
     <span class='ocr_line' id='line_1_9' title="bbox 265 1331 2042 1448; baseline 0.002 -27"><span class='ocrx_word' id='word_1_79' title='bbox 265 1342 463 1421; x_wconf 89' lang='lat' dir='ltr'>atteucius</span> <span class='ocrx_word' id='word_1_80' title='bbox 493 1340 685 1419; x_wconf 89' lang='lat' dir='ltr'>honorari</span> <span class='ocrx_word' id='word_1_81' title='bbox 715 1355 889 1445; x_wconf 87' lang='lat' dir='ltr'>oportet.</span> <span class='ocrx_word' id='word_1_82' title='bbox 920 1367 1022 1448; x_wconf 92' lang='lat' dir='ltr'>quos</span> <span class='ocrx_word' id='word_1_83' title='bbox 1039 1339 1225 1420; x_wconf 84' lang='lat' dir='ltr'>dominus</span> <span class='ocrx_word' id='word_1_84' title='bbox 1239 1340 1367 1418; x_wconf 87' lang='lat' dir='ltr'>uerho</span> <span class='ocrx_word' id='word_1_85' title='bbox 1389 1345 1461 1417; x_wconf 93' lang='lat' dir='ltr'>suo</span> <span class='ocrx_word' id='word_1_86' title='bbox 1477 1339 1616 1419; x_wconf 84' lang='lat' dir='ltr'>docuit</span> <span class='ocrx_word' id='word_1_87' title='bbox 1630 1338 1890 1424; x_wconf 88' lang='lat' dir='ltr'>honorandos</span> <span class='ocrx_word' id='word_1_88' title='bbox 1906 1331 2042 1426; x_wconf 75' lang='lat' dir='ltr'>dicens.</span> 
     </span>
     <span class='ocr_line' id='line_1_10' title="bbox 265 1447 2045 1562; baseline 0.001 -28"><span class='ocrx_word' id='word_1_89' title='bbox 265 1454 349 1556; x_wconf 89' lang='lat' dir='ltr'>Qui</span> <span class='ocrx_word' id='word_1_90' title='bbox 378 1477 450 1536; x_wconf 87' lang='lat' dir='ltr'>vos</span> <span class='ocrx_word' id='word_1_91' title='bbox 479 1448 603 1532; x_wconf 87' lang='lat' dir='ltr'>audit.</span> <span class='ocrx_word' id='word_1_92' title='bbox 634 1474 696 1529; x_wconf 89' lang='lat' dir='ltr'>me</span> <span class='ocrx_word' id='word_1_93' title='bbox 730 1449 854 1530; x_wconf 89' lang='lat' dir='ltr'>audit.</span> <span class='ocrx_word' id='word_1_94' title='bbox 885 1452 957 1559; x_wconf 90' lang='lat' dir='ltr'>qui</span> <span class='ocrx_word' id='word_1_95' title='bbox 986 1477 1056 1529; x_wconf 82' lang='lat' dir='ltr'>vos</span> <span class='ocrx_word' id='word_1_96' title='bbox 1085 1447 1242 1558; x_wconf 85' lang='lat' dir='ltr'>spernit</span> <span class='ocrx_word' id='word_1_97' title='bbox 1269 1475 1333 1527; x_wconf 93' lang='lat' dir='ltr'>me</span> <span class='ocrx_word' id='word_1_98' title='bbox 1348 1451 1505 1556; x_wconf 90' lang='lat' dir='ltr'>spernit</span> <span class='ocrx_word' id='word_1_99' title='bbox 1521 1454 1572 1530; x_wconf 90' lang='lat' dir='ltr'>Et</span> <span class='ocrx_word' id='word_1_100' title='bbox 1586 1452 1659 1561; x_wconf 89' lang='lat' dir='ltr'>qui</span> <span class='ocrx_word' id='word_1_101' title='bbox 1673 1479 1745 1531; x_wconf 92' lang='lat' dir='ltr'>vos</span> <span class='ocrx_word' id='word_1_102' title='bbox 1760 1454 1900 1561; x_wconf 88' lang='lat' dir='ltr'>tangit.</span> <span class='ocrx_word' id='word_1_103' title='bbox 1923 1457 2045 1562; x_wconf 90' lang='lat' dir='ltr'>tangit</span> 
     </span>
     <span class='ocr_line' id='line_1_11' title="bbox 192 1559 2044 1672; baseline 0.002 -30"><span class='ocrx_word' id='word_1_104' title='bbox 192 1567 198 1575; x_wconf 79' lang='grc'><strong>’</strong></span> <span class='ocrx_word' id='word_1_105' title='bbox 262 1560 470 1672; x_wconf 87' lang='lat' dir='ltr'>pupillam</span> <span class='ocrx_word' id='word_1_106' title='bbox 490 1563 597 1642; x_wconf 92' lang='lat' dir='ltr'>oculi</span> <span class='ocrx_word' id='word_1_107' title='bbox 626 1561 704 1640; x_wconf 92' lang='lat' dir='ltr'>mei</span> <span class='ocrx_word' id='word_1_108' title='bbox 733 1559 852 1640; x_wconf 86' lang='lat' dir='ltr'>Vnde</span> <span class='ocrx_word' id='word_1_109' title='bbox 882 1561 955 1670; x_wconf 91' lang='lat' dir='ltr'>qui</span> <span class='ocrx_word' id='word_1_110' title='bbox 983 1589 1050 1640; x_wconf 90' lang='lat' dir='ltr'>eos</span> <span class='ocrx_word' id='word_1_111' title='bbox 1066 1575 1393 1668; x_wconf 86' lang='lat' dir='ltr'>persequuturet</span> <span class='ocrx_word' id='word_1_112' title='bbox 1410 1588 1547 1640; x_wconf 91' lang='lat' dir='ltr'>eorum</span> <span class='ocrx_word' id='word_1_113' title='bbox 1565 1561 1673 1641; x_wconf 86' lang='lat' dir='ltr'>bona</span> <span class='ocrx_word' id='word_1_114' title='bbox 1699 1561 1897 1672; x_wconf 92' lang='lat' dir='ltr'>diripiunt</span> <span class='ocrx_word' id='word_1_115' title='bbox 1912 1567 1974 1644; x_wconf 90' lang='lat' dir='ltr'>uel</span> <span class='ocrx_word' id='word_1_116' title='bbox 1988 1568 2044 1646; x_wconf 90' lang='lat' dir='ltr'>iu·</span> 
     </span>
     <span class='ocr_line' id='line_1_12' title="bbox 264 1671 2047 1780; baseline 0.002 -27"><span class='ocrx_word' id='word_1_117' title='bbox 264 1675 430 1754; x_wconf 91' lang='lat' dir='ltr'>uadunt.</span> <span class='ocrx_word' id='word_1_118' title='bbox 449 1673 641 1753; x_wconf 87' lang='lat' dir='ltr'>christum</span> <span class='ocrx_word' id='word_1_119' title='bbox 669 1671 942 1779; x_wconf 88' lang='lat' dir='ltr'>proculdubio</span> <span class='ocrx_word' id='word_1_120' title='bbox 970 1686 1253 1780; x_wconf 80' lang='lat' dir='ltr'>persequatur.</span> <span class='ocrx_word' id='word_1_121' title='bbox 1271 1689 1311 1749; x_wconf 88' lang='lat' dir='ltr'>et</span> <span class='ocrx_word' id='word_1_122' title='bbox 1325 1672 1524 1778; x_wconf 84' lang='lat' dir='ltr'>saerilegij</span> <span class='ocrx_word' id='word_1_123' title='bbox 1546 1677 1695 1753; x_wconf 88' lang='lat' dir='ltr'>crimen</span> <span class='ocrx_word' id='word_1_124' title='bbox 1717 1701 1857 1754; x_wconf 92' lang='lat' dir='ltr'>eorum</span> <span class='ocrx_word' id='word_1_125' title='bbox 1871 1675 1975 1755; x_wconf 85' lang='lat' dir='ltr'>hona</span> <span class='ocrx_word' id='word_1_126' title='bbox 1990 1679 2047 1756; x_wconf 74' lang='lat' dir='ltr'>in·‘</span> 
     </span>
     <span class='ocr_line' id='line_1_13' title="bbox 263 1779 2046 1892; baseline 0 -26"><span class='ocrx_word' id='word_1_127' title='bbox 263 1781 453 1866; x_wconf 85' lang='lat' dir='ltr'>uadendo</span> <span class='ocrx_word' id='word_1_128' title='bbox 479 1784 544 1864; x_wconf 92' lang='lat' dir='ltr'>uel</span> <span class='ocrx_word' id='word_1_129' title='bbox 575 1781 806 1890; x_wconf 88' lang='lat' dir='ltr'>diripiendo</span> <span class='ocrx_word' id='word_1_130' title='bbox 835 1784 1103 1862; x_wconf 88' lang='lat' dir='ltr'>committunt.</span> <span class='ocrx_word' id='word_1_131' title='bbox 1134 1779 1252 1860; x_wconf 90' lang='lat' dir='ltr'>valde</span> <span class='ocrx_word' id='word_1_132' title='bbox 1281 1785 1386 1862; x_wconf 85' lang='lat' dir='ltr'>enim</span> <span class='ocrx_word' id='word_1_133' title='bbox 1401 1783 1585 1890; x_wconf 92' lang='lat' dir='ltr'>iniquum</span> <span class='ocrx_word' id='word_1_134' title='bbox 1602 1802 1661 1864; x_wconf 91' lang='lat' dir='ltr'>est</span> <span class='ocrx_word' id='word_1_135' title='bbox 1683 1787 1881 1892; x_wconf 23' lang='lat' dir='ltr'>etqingens</span> <span class='ocrx_word' id='word_1_136' title='bbox 1896 1787 2046 1866; x_wconf 87' lang='lat' dir='ltr'>sacrile-</span> 
     </span>
     <span class='ocr_line' id='line_1_14' title="bbox 263 1893 2046 2006; baseline 0.001 -31"><span class='ocrx_word' id='word_1_137' title='bbox 263 1897 373 2004; x_wconf 92' lang='lat' dir='ltr'>gium</span> <span class='ocrx_word' id='word_1_138' title='bbox 402 1910 473 1974; x_wconf 89' lang='lat' dir='ltr'>est.</span> <span class='ocrx_word' id='word_1_139' title='bbox 503 1921 757 2003; x_wconf 87' lang='lat' dir='ltr'>quecumque</span> <span class='ocrx_word' id='word_1_140' title='bbox 787 1921 863 2002; x_wconf 92' lang='lat' dir='ltr'>pro</span> <span class='ocrx_word' id='word_1_141' title='bbox 892 1894 1070 1974; x_wconf 90' lang='lat' dir='ltr'>remedio</span> <span class='ocrx_word' id='word_1_142' title='bbox 1100 1912 1354 2000; x_wconf 91' lang='lat' dir='ltr'>peecatorum</span> <span class='ocrx_word' id='word_1_143' title='bbox 1378 1893 1449 1972; x_wconf 89' lang='lat' dir='ltr'>uel</span> <span class='ocrx_word' id='word_1_144' title='bbox 1479 1921 1555 2000; x_wconf 90' lang='lat' dir='ltr'>pro</span> <span class='ocrx_word' id='word_1_145' title='bbox 1585 1895 1713 1975; x_wconf 89' lang='lat' dir='ltr'>salute</span> <span class='ocrx_word' id='word_1_146' title='bbox 1729 1914 1800 1974; x_wconf 90' lang='lat' dir='ltr'>aut</span> <span class='ocrx_word' id='word_1_147' title='bbox 1815 1898 1952 2006; x_wconf 90' lang='lat' dir='ltr'>requie</span> <span class='ocrx_word' id='word_1_148' title='bbox 1968 1900 2046 1977; x_wconf 83' lang='lat' dir='ltr'>ani-</span> 
     </span>
     <span class='ocr_line' id='line_1_15' title="bbox 262 2003 2045 2116; baseline 0.001 -31"><span class='ocrx_word' id='word_1_149' title='bbox 262 2033 418 2086; x_wconf 90' lang='lat' dir='ltr'>marum</span> <span class='ocrx_word' id='word_1_150' title='bbox 454 2006 731 2114; x_wconf 90' lang='lat' dir='ltr'>vnusquisque</span> <span class='ocrx_word' id='word_1_151' title='bbox 760 2005 923 2083; x_wconf 87' lang='lat' dir='ltr'>ecclesie</span> <span class='ocrx_word' id='word_1_152' title='bbox 952 2021 1022 2084; x_wconf 84' lang='lat' dir='ltr'>aut</span> <span class='ocrx_word' id='word_1_153' title='bbox 1050 2004 1239 2111; x_wconf 86' lang='lat' dir='ltr'>religioso</span> <span class='ocrx_word' id='word_1_154' title='bbox 1268 2003 1358 2085; x_wconf 93' lang='lat' dir='ltr'>loco</span> <span class='ocrx_word' id='word_1_155' title='bbox 1386 2003 1602 2085; x_wconf 87' lang='lat' dir='ltr'>contulerit</span> <span class='ocrx_word' id='word_1_156' title='bbox 1618 2006 1683 2084; x_wconf 91' lang='lat' dir='ltr'>uel</span> <span class='ocrx_word' id='word_1_157' title='bbox 1699 2024 1806 2086; x_wconf 89' lang='lat' dir='ltr'>certe</span> <span class='ocrx_word' id='word_1_158' title='bbox 1822 2008 1985 2116; x_wconf 89' lang='lat' dir='ltr'>reliquit</span> <span class='ocrx_word' id='word_1_159' title='bbox 1999 2009 2045 2087; x_wconf 93' lang='lat' dir='ltr'>ah</span> 
     </span>
     <span class='ocr_line' id='line_1_16' title="bbox 248 2112 2046 2224; baseline 0.003 -32"><span class='ocrx_word' id='word_1_160' title='bbox 248 2114 343 2196; x_wconf 82' lang='lat' dir='ltr'>,hiis</span> <span class='ocrx_word' id='word_1_161' title='bbox 359 2117 540 2194; x_wconf 87' lang='lat' dir='ltr'>maxime</span> <span class='ocrx_word' id='word_1_162' title='bbox 569 2115 718 2224; x_wconf 90' lang='lat' dir='ltr'>quibus</span> <span class='ocrx_word' id='word_1_163' title='bbox 747 2142 907 2194; x_wconf 87' lang='lat' dir='ltr'>seruare</span> <span class='ocrx_word' id='word_1_164' title='bbox 929 2117 1121 2195; x_wconf 91' lang='lat' dir='ltr'>conuenit</span> <span class='ocrx_word' id='word_1_165' title='bbox 1150 2112 1253 2224; x_wconf 82' lang='lat' dir='ltr'>idest</span> <span class='ocrx_word' id='word_1_166' title='bbox 1282 2112 1507 2197; x_wconf 84' lang='lat' dir='ltr'>christianis</span> <span class='ocrx_word' id='word_1_167' title='bbox 1537 2131 1577 2196; x_wconf 90' lang='lat' dir='ltr'>et</span> <span class='ocrx_word' id='word_1_168' title='bbox 1599 2117 1805 2196; x_wconf 87' lang='lat' dir='ltr'>dominum</span> <span class='ocrx_word' id='word_1_169' title='bbox 1821 2119 2046 2200; x_wconf 87' lang='lat' dir='ltr'>timentibus</span> 
     </span>
     <span class='ocr_line' id='line_1_17' title="bbox 264 2225 2046 2341; baseline 0 -35"><span class='ocrx_word' id='word_1_170' title='bbox 264 2225 496 2306; x_wconf 89' lang='lat' dir='ltr'>hominibus</span> <span class='ocrx_word' id='word_1_171' title='bbox 518 2243 559 2306; x_wconf 89' lang='lat' dir='ltr'>et</span> <span class='ocrx_word' id='word_1_172' title='bbox 595 2225 804 2332; x_wconf 87' lang='lat' dir='ltr'>presertim</span> <span class='ocrx_word' id='word_1_173' title='bbox 840 2253 863 2304; x_wconf 86' lang='lat' dir='ltr'>a</span> <span class='ocrx_word' id='word_1_174' title='bbox 899 2226 1153 2335; x_wconf 90' lang='lat' dir='ltr'>principibus</span> <span class='ocrx_word' id='word_1_175' title='bbox 1187 2247 1241 2308; x_wconf 88' lang='lat' dir='ltr'>et·</span> <span class='ocrx_word' id='word_1_176' title='bbox 1261 2227 1517 2333; x_wconf 87' lang='lat' dir='ltr'>magnatibus</span> <span class='ocrx_word' id='word_1_177' title='bbox 1554 2229 1763 2334; x_wconf 90' lang='lat' dir='ltr'>regionum</span> <span class='ocrx_word' id='word_1_178' title='bbox 1801 2231 1963 2341; x_wconf 66' lang='lat' dir='ltr'>preripi‘</span> <span class='ocrx_word' id='word_1_179' title='bbox 1987 2227 2046 2309; x_wconf 92' lang='lat' dir='ltr'>uel</span> 
     </span>
     <span class='ocr_line' id='line_1_18' title="bbox 264 2330 2047 2450; baseline 0.002 -34"><span class='ocrx_word' id='word_1_180' title='bbox 264 2337 414 2418; x_wconf 82' lang='lat' dir='ltr'>auferri</span> <span class='ocrx_word' id='word_1_181' title='bbox 448 2352 519 2416; x_wconf 91' lang='lat' dir='ltr'>aut</span> <span class='ocrx_word' id='word_1_182' title='bbox 555 2338 596 2415; x_wconf 92' lang='lat' dir='ltr'>in</span> <span class='ocrx_word' id='word_1_183' title='bbox 626 2330 873 2417; x_wconf 85' lang='lat' dir='ltr'>domesticos</span> <span class='ocrx_word' id='word_1_184' title='bbox 892 2353 931 2418; x_wconf 92' lang='lat' dir='ltr'>et</span> <span class='ocrx_word' id='word_1_185' title='bbox 960 2339 1147 2448; x_wconf 85' lang='lat' dir='ltr'>proprios</span> <span class='ocrx_word' id='word_1_186' title='bbox 1176 2343 1270 2418; x_wconf 77' lang='lat' dir='ltr'>vsu‘s</span> <span class='ocrx_word' id='word_1_187' title='bbox 1297 2336 1527 2416; x_wconf 85' lang='lat' dir='ltr'>transferre.</span> <span class='ocrx_word' id='word_1_188' title='bbox 1559 2366 1649 2417; x_wconf 90' lang='lat' dir='ltr'>eum</span> <span class='ocrx_word' id='word_1_189' title='bbox 1683 2339 1808 2444; x_wconf 89' lang='lat' dir='ltr'>laycis</span> <span class='ocrx_word' id='word_1_190' title='bbox 1837 2355 2047 2450; x_wconf 90' lang='lat' dir='ltr'>quantum·</span> 
     </span>
     <span class='ocr_line' id='line_1_19' title="bbox 264 2444 2048 2560; baseline 0 -30"><span class='ocrx_word' id='word_1_191' title='bbox 264 2445 365 2530; x_wconf 89' lang='lat' dir='ltr'>libet</span> <span class='ocrx_word' id='word_1_192' title='bbox 392 2448 589 2555; x_wconf 86' lang='lat' dir='ltr'>religiosis</span> <span class='ocrx_word' id='word_1_193' title='bbox 618 2447 668 2528; x_wconf 89' lang='lat' dir='ltr'>de</span> <span class='ocrx_word' id='word_1_194' title='bbox 699 2449 972 2528; x_wconf 90' lang='lat' dir='ltr'>ecclesiasticis</span> <span class='ocrx_word' id='word_1_195' title='bbox 997 2449 1264 2528; x_wconf 72' lang='lat' dir='ltr'>facultatibus</span> <span class='ocrx_word' id='word_1_196' title='bbox 1294 2444 1448 2556; x_wconf 92' lang='lat' dir='ltr'>aliquid</span> <span class='ocrx_word' id='word_1_197' title='bbox 1478 2445 1718 2554; x_wconf 88' lang='lat' dir='ltr'>disponendi</span> <span class='ocrx_word' id='word_1_198' title='bbox 1746 2450 1859 2530; x_wconf 90' lang='lat' dir='ltr'>nulla</span> <span class='ocrx_word' id='word_1_199' title='bbox 1891 2479 2048 2560; x_wconf 88' lang='lat' dir='ltr'>prorsus</span> 
     </span>
     <span class='ocr_line' id='line_1_20' title="bbox 263 2558 2151 2666; baseline -0.001 -24"><span class='ocrx_word' id='word_1_200' title='bbox 263 2562 316 2642; x_wconf 87' lang='lat' dir='ltr'>sit</span> <span class='ocrx_word' id='word_1_201' title='bbox 345 2559 539 2640; x_wconf 86' lang='lat' dir='ltr'>attributa</span> <span class='ocrx_word' id='word_1_202' title='bbox 567 2558 747 2637; x_wconf 85' lang='lat' dir='ltr'>facultas.</span> <span class='ocrx_word' id='word_1_203' title='bbox 807 2559 988 2636; x_wconf 78' lang='lat' dir='ltr'>Decimus</span> <span class='ocrx_word' id='word_1_204' title='bbox 1017 2576 1160 2638; x_wconf 90' lang='lat' dir='ltr'>autem.</span> <span class='ocrx_word' id='word_1_205' title='bbox 1193 2561 1256 2638; x_wconf 88' lang='lat' dir='ltr'>lex</span> <span class='ocrx_word' id='word_1_206' title='bbox 1286 2575 1366 2636; x_wconf 84' lang='lat' dir='ltr'>tam</span> <span class='ocrx_word' id='word_1_207' title='bbox 1396 2558 1494 2636; x_wconf 88' lang='lat' dir='ltr'>noui</span> <span class='ocrx_word' id='word_1_208' title='bbox 1524 2584 1644 2666; x_wconf 86' lang='lat' dir='ltr'>quam</span> <span class='ocrx_word' id='word_1_209' title='bbox 1673 2563 1821 2640; x_wconf 85' lang='lat' dir='ltr'>veteris</span> <span class='ocrx_word' id='word_1_210' title='bbox 1842 2571 2048 2643; x_wconf 86' lang='lat' dir='ltr'>testamen·</span> <span class='ocrx_word' id='word_1_211' title='bbox 2149 2614 2151 2620; x_wconf 91' lang='lat'><em>-</em></span> 
     </span>
     <span class='ocr_line' id='line_1_21' title="bbox 262 2665 2048 2777; baseline 0.002 -27"><span class='ocrx_word' id='word_1_212' title='bbox 262 2673 296 2750; x_wconf 89' lang='lat' dir='ltr'>ti</span> <span class='ocrx_word' id='word_1_213' title='bbox 338 2669 617 2750; x_wconf 89' lang='lat' dir='ltr'>sacerdotibus</span> <span class='ocrx_word' id='word_1_214' title='bbox 657 2669 827 2777; x_wconf 85' lang='lat' dir='ltr'>aliisque</span> <span class='ocrx_word' id='word_1_215' title='bbox 856 2665 1113 2748; x_wconf 82' lang='lat' dir='ltr'>ecelesiarum</span> <span class='ocrx_word' id='word_1_216' title='bbox 1141 2668 1332 2748; x_wconf 82' lang='lat' dir='ltr'>ministris</span> <span class='ocrx_word' id='word_1_217' title='bbox 1361 2665 1480 2746; x_wconf 89' lang='lat' dir='ltr'>docet</span> <span class='ocrx_word' id='word_1_218' title='bbox 1508 2695 1593 2747; x_wconf 91' lang='lat' dir='ltr'>esse</span> <span class='ocrx_word' id='word_1_219' title='bbox 1626 2668 1864 2753; x_wconf 89' lang='lat' dir='ltr'>reddendas.</span> <span class='ocrx_word' id='word_1_220' title='bbox 1897 2671 2048 2755; x_wconf 80' lang='lat' dir='ltr'>dicente</span> 
     </span>
     <span class='ocr_line' id='line_1_22' title="bbox 264 2777 2049 2876; baseline -0.001 -12"><span class='ocrx_word' id='word_1_221' title='bbox 264 2781 440 2864; x_wconf 89' lang='lat' dir='ltr'>domino.</span> <span class='ocrx_word' id='word_1_222' title='bbox 514 2778 668 2876; x_wconf 86' lang='lat' dir='ltr'>Affertc</span> <span class='ocrx_word' id='word_1_223' title='bbox 711 2806 868 2860; x_wconf 91' lang='lat' dir='ltr'>omnem</span> <span class='ocrx_word' id='word_1_224' title='bbox 908 2777 1225 2860; x_wconf 81' lang='lat' dir='ltr'>‘decimacionem</span> <span class='ocrx_word' id='word_1_225' title='bbox 1261 2781 1304 2857; x_wconf 86' lang='lat' dir='ltr'>in</span> <span class='ocrx_word' id='word_1_226' title='bbox 1334 2777 1523 2858; x_wconf 91' lang='lat' dir='ltr'>horreum</span> <span class='ocrx_word' id='word_1_227' title='bbox 1551 2805 1683 2858; x_wconf 91' lang='lat' dir='ltr'>meum</span> <span class='ocrx_word' id='word_1_228' title='bbox 1712 2796 1758 2859; x_wconf 95' lang='lat' dir='ltr'>ut</span> <span class='ocrx_word' id='word_1_229' title='bbox 1787 2785 1839 2863; x_wconf 90' lang='lat' dir='ltr'>sit</span> <span class='ocrx_word' id='word_1_230' title='bbox 1867 2783 1982 2865; x_wconf 89' lang='lat' dir='ltr'>cibus</span> <span class='ocrx_word' id='word_1_231' title='bbox 2010 2787 2049 2864; x_wconf 92' lang='lat' dir='ltr'>in</span> 
     </span>
     <span class='ocr_line' id='line_1_23' title="bbox 193 2883 2167 3006; baseline -0.003 -31"><span class='ocrx_word' id='word_1_232' title='bbox 193 2912 198 2916; x_wconf 84' lang='grc'><strong>’</strong></span> <span class='ocrx_word' id='word_1_233' title='bbox 263 2892 384 2976; x_wconf 92' lang='lat' dir='ltr'>domo</span> <span class='ocrx_word' id='word_1_234' title='bbox 426 2921 523 2975; x_wconf 87' lang='lat' dir='ltr'>mea.</span> <span class='ocrx_word' id='word_1_235' title='bbox 583 2888 690 2970; x_wconf 90' lang='lat' dir='ltr'>Deus</span> <span class='ocrx_word' id='word_1_236' title='bbox 724 2892 831 2971; x_wconf 88' lang='lat' dir='ltr'>enim</span> <span class='ocrx_word' id='word_1_237' title='bbox 865 2893 936 3006; x_wconf 91' lang='lat' dir='ltr'>qui</span> <span class='ocrx_word' id='word_1_238' title='bbox 972 2889 1246 2998; x_wconf 88' lang='lat' dir='ltr'>dignatusest</span> <span class='ocrx_word' id='word_1_239' title='bbox 1274 2906 1403 2970; x_wconf 86' lang='lat' dir='ltr'>totum</span> <span class='ocrx_word' id='word_1_240' title='bbox 1432 2883 1527 2970; x_wconf 86' lang='lat' dir='ltr'>dare</span> <span class='ocrx_word' id='word_1_241' title='bbox 1556 2890 1747 2992; x_wconf 81' lang='lat' dir='ltr'>decimam</span> <span class='ocrx_word' id='word_1_242' title='bbox 1777 2894 1966 3002; x_wconf 82' lang='lat' dir='ltr'>dignatus</span> <span class='ocrx_word' id='word_1_243' title='bbox 1994 2911 2051 2976; x_wconf 90' lang='lat' dir='ltr'>est</span> <span class='ocrx_word' id='word_1_244' title='bbox 2165 2895 2167 2970; x_wconf 76' lang='grc' dir='ltr'><strong>ἑ</strong></span> 
     </span>
     <span class='ocr_line' id='line_1_24' title="bbox 264 2997 2129 3119; baseline 0.002 -35"><span class='ocrx_word' id='word_1_245' title='bbox 264 3007 432 3085; x_wconf 87' lang='lat' dir='ltr'>anobis</span> <span class='ocrx_word' id='word_1_246' title='bbox 461 3003 644 3109; x_wconf 88' lang='lat' dir='ltr'>accipere</span> <span class='ocrx_word' id='word_1_247' title='bbox 673 2999 868 3083; x_wconf 90' lang='lat' dir='ltr'>nonsibi.</span> <span class='ocrx_word' id='word_1_248' title='bbox 899 3001 968 3082; x_wconf 89' lang='lat' dir='ltr'>sed</span> <span class='ocrx_word' id='word_1_249' title='bbox 997 3001 1115 3082; x_wconf 86' lang='lat' dir='ltr'>nohis</span> <span class='ocrx_word' id='word_1_250' title='bbox 1142 3004 1229 3080; x_wconf 91' lang='lat' dir='ltr'>siue</span> <span class='ocrx_word' id='word_1_251' title='bbox 1246 2997 1384 3081; x_wconf 84' lang='lat' dir='ltr'>&#39;dubio</span> <span class='ocrx_word' id='word_1_252' title='bbox 1414 3000 1678 3108; x_wconf 85' lang='lat' dir='ltr'>profuturam.</span> <span class='ocrx_word' id='word_1_253' title='bbox 1710 3008 1901 3114; x_wconf 92' lang='lat' dir='ltr'>quoniam</span> <span class='ocrx_word' id='word_1_254' title='bbox 1918 3007 2048 3119; x_wconf 86' lang='lat' dir='ltr'>quide</span> <span class='ocrx_word' id='word_1_255' title='bbox 2127 3101 2129 3107; x_wconf 20' lang='lat' dir='ltr'>s</span> 
     </span>
     <span class='ocr_line' id='line_1_25' title="bbox 263 3112 2167 3232; baseline 0.002 -38"><span class='ocrx_word' id='word_1_256' title='bbox 263 3115 382 3196; x_wconf 87' lang='lat' dir='ltr'>bonis</span> <span class='ocrx_word' id='word_1_257' title='bbox 417 3114 498 3194; x_wconf 90' lang='lat' dir='ltr'>suis</span> <span class='ocrx_word' id='word_1_258' title='bbox 527 3112 699 3195; x_wconf 79' lang='lat' dir='ltr'>deeimas&#39;</span> <span class='ocrx_word' id='word_1_259' title='bbox 729 3112 898 3194; x_wconf 87' lang='lat' dir='ltr'>fideliter</span> <span class='ocrx_word' id='word_1_260' title='bbox 926 3113 1123 3195; x_wconf 89' lang='lat' dir='ltr'>dederint.</span> <span class='ocrx_word' id='word_1_261' title='bbox 1154 3131 1204 3193; x_wconf 86' lang='lat' dir='ltr'>et·</span> <span class='ocrx_word' id='word_1_262' title='bbox 1221 3128 1383 3193; x_wconf 92' lang='lat' dir='ltr'>terrena</span> <span class='ocrx_word' id='word_1_263' title='bbox 1412 3130 1605 3222; x_wconf 89' lang='lat' dir='ltr'>poterunt</span> <span class='ocrx_word' id='word_1_264' title='bbox 1634 3131 1674 3194; x_wconf 91' lang='lat' dir='ltr'>et</span> <span class='ocrx_word' id='word_1_265' title='bbox 1704 3116 1865 3196; x_wconf 88' lang='lat' dir='ltr'>celestia</span> <span class='ocrx_word' id='word_1_266' title='bbox 1894 3147 2049 3232; x_wconf 89' lang='lat' dir='ltr'>prome·</span> <span class='ocrx_word' id='word_1_267' title='bbox 2165 3125 2167 3212; x_wconf 68' lang='lat'>3</span> 
     </span>
     <span class='ocr_line' id='line_1_26' title="bbox 262 3223 2167 3335; baseline 0.002 -30"><span class='ocrx_word' id='word_1_268' title='bbox 262 3227 343 3305; x_wconf 81' lang='lat' dir='ltr'>reri</span> <span class='ocrx_word' id='word_1_269' title='bbox 373 3244 413 3305; x_wconf 89' lang='lat' dir='ltr'>et</span> <span class='ocrx_word' id='word_1_270' title='bbox 441 3223 776 3306; x_wconf 80' lang='lat' dir='ltr'>honis-omnihus</span> <span class='ocrx_word' id='word_1_271' title='bbox 804 3223 1114 3305; x_wconf 86' lang='lat' dir='ltr'>habundabunt.</span> <span class='ocrx_word' id='word_1_272' title='bbox 1173 3224 1215 3304; x_wconf 89' lang='lat' dir='ltr'>Si</span> <span class='ocrx_word' id='word_1_273' title='bbox 1244 3223 1410 3333; x_wconf 91' lang='lat' dir='ltr'>quando</span> <span class='ocrx_word' id='word_1_274' title='bbox 1439 3227 1547 3318; x_wconf 86' lang='lat' dir='ltr'>enim</span> <span class='ocrx_word' id='word_1_275' title='bbox 1574 3225 1696 3304; x_wconf 86' lang='lat' dir='ltr'>fames</span> <span class='ocrx_word' id='word_1_276' title='bbox 1718 3227 1783 3307; x_wconf 88' lang='lat' dir='ltr'>uel</span> <span class='ocrx_word' id='word_1_277' title='bbox 1799 3231 1972 3335; x_wconf 90' lang='lat' dir='ltr'>penuria</span> <span class='ocrx_word' id='word_1_278' title='bbox 1987 3226 2047 3309; x_wconf 89' lang='lat' dir='ltr'>uel</span> <span class='ocrx_word' id='word_1_279' title='bbox 2166 3287 2167 3290; x_wconf 14' lang='lat' dir='ltr'>a</span> 
     </span>
     <span class='ocr_line' id='line_1_27' title="bbox 183 3334 2048 3448; baseline 0.001 -32"><span class='ocrx_word' id='word_1_280' title='bbox 183 3369 184 3372; x_wconf 44' lang='lat'>¹</span> <span class='ocrx_word' id='word_1_281' title='bbox 260 3363 398 3417; x_wconf 90' lang='lat' dir='ltr'>rerum</span> <span class='ocrx_word' id='word_1_282' title='bbox 441 3352 594 3444; x_wconf 83' lang='lat' dir='ltr'>egestas</span> <span class='ocrx_word' id='word_1_283' title='bbox 624 3335 819 3444; x_wconf 90' lang='lat' dir='ltr'>opprimit</span> <span class='ocrx_word' id='word_1_284' title='bbox 854 3336 1060 3417; x_wconf 88' lang='lat' dir='ltr'>mundum.</span> <span class='ocrx_word' id='word_1_285' title='bbox 1097 3337 1229 3415; x_wconf 89' lang='lat' dir='ltr'>sciatis</span> <span class='ocrx_word' id='word_1_286' title='bbox 1265 3363 1315 3414; x_wconf 83' lang='lat' dir='ltr'>ex</span> <span class='ocrx_word' id='word_1_287' title='bbox 1350 3338 1410 3414; x_wconf 91' lang='lat' dir='ltr'>ira</span> <span class='ocrx_word' id='word_1_288' title='bbox 1445 3334 1510 3415; x_wconf 90' lang='lat' dir='ltr'>dei</span> <span class='ocrx_word' id='word_1_289' title='bbox 1545 3338 1629 3414; x_wconf 92' lang='lat' dir='ltr'>sine</span> <span class='ocrx_word' id='word_1_290' title='bbox 1660 3334 1785 3418; x_wconf 92' lang='lat' dir='ltr'>dubio</span> <span class='ocrx_word' id='word_1_291' title='bbox 1820 3345 2048 3448; x_wconf 89' lang='lat' dir='ltr'>prouenire.</span> 
     </span>
     <span class='ocr_line' id='line_1_28' title="bbox 262 3447 2049 3557; baseline 0.001 -29"><span class='ocrx_word' id='word_1_292' title='bbox 262 3449 405 3557; x_wconf 89' lang='lat' dir='ltr'>quise</span> <span class='ocrx_word' id='word_1_293' title='bbox 434 3449 477 3527; x_wconf 93' lang='lat' dir='ltr'>in</span> <span class='ocrx_word' id='word_1_294' title='bbox 507 3448 695 3526; x_wconf 91' lang='lat' dir='ltr'>ministris</span> <span class='ocrx_word' id='word_1_295' title='bbox 724 3447 805 3534; x_wconf 85' lang='lat' dir='ltr'>suis</span> <span class='ocrx_word' id='word_1_296' title='bbox 833 3449 865 3526; x_wconf 93' lang='lat' dir='ltr'>si</span> <span class='ocrx_word' id='word_1_297' title='bbox 894 3447 1066 3528; x_wconf 83' lang='lat' dir='ltr'>decimas</span> <span class='ocrx_word' id='word_1_298' title='bbox 1095 3473 1179 3528; x_wconf 86' lang='lat' dir='ltr'>uon</span> <span class='ocrx_word' id='word_1_299' title='bbox 1209 3448 1379 3555; x_wconf 82' lang='lat' dir='ltr'>accipiat</span> <span class='ocrx_word' id='word_1_300' title='bbox 1408 3449 1672 3557; x_wconf 90' lang='lat' dir='ltr'>conqueritur</span> <span class='ocrx_word' id='word_1_301' title='bbox 1700 3447 1944 3533; x_wconf 84' lang='lat' dir='ltr'>defraudari.</span> <span class='ocrx_word' id='word_1_302' title='bbox 2003 3453 2049 3532; x_wconf 87' lang='lat' dir='ltr'>Et</span> 
     </span>
     <span class='ocr_line' id='line_1_29' title="bbox 258 3555 2047 3670; baseline 0.001 -32"><span class='ocrx_word' id='word_1_303' title='bbox 258 3559 334 3640; x_wconf 88' lang='lat' dir='ltr'>hec</span> <span class='ocrx_word' id='word_1_304' title='bbox 376 3576 437 3638; x_wconf 89' lang='lat' dir='ltr'>est</span> <span class='ocrx_word' id='word_1_305' title='bbox 479 3572 654 3636; x_wconf 89' lang='lat' dir='ltr'>testante</span> <span class='ocrx_word' id='word_1_306' title='bbox 697 3555 865 3638; x_wconf 90' lang='lat' dir='ltr'>doctore</span> <span class='ocrx_word' id='word_1_307' title='bbox 908 3564 1070 3670; x_wconf 89' lang='lat' dir='ltr'>egregio</span> <span class='ocrx_word' id='word_1_308' title='bbox 1099 3562 1327 3667; x_wconf 88' lang='lat' dir='ltr'>augustino.</span> <span class='ocrx_word' id='word_1_309' title='bbox 1358 3559 1571 3639; x_wconf 89' lang='lat' dir='ltr'>iustissima</span> <span class='ocrx_word' id='word_1_310' title='bbox 1600 3557 1754 3638; x_wconf 91' lang='lat' dir='ltr'>domini</span> <span class='ocrx_word' id='word_1_311' title='bbox 1784 3562 2047 3645; x_wconf 88' lang='lat' dir='ltr'>consuetudo.</span> 
     </span>
     <span class='ocr_line' id='line_1_30' title="bbox 197 3667 2049 3778; baseline 0.001 -28"><span class='ocrx_word' id='word_1_312' title='bbox 197 3739 203 3750; x_wconf 90' lang='lat'>.</span> <span class='ocrx_word' id='word_1_313' title='bbox 260 3687 306 3749; x_wconf 90' lang='lat' dir='ltr'>ut</span> <span class='ocrx_word' id='word_1_314' title='bbox 341 3671 412 3778; x_wconf 91' lang='lat' dir='ltr'>qui</span> <span class='ocrx_word' id='word_1_315' title='bbox 448 3669 506 3748; x_wconf 91' lang='lat' dir='ltr'>illi</span> <span class='ocrx_word' id='word_1_316' title='bbox 542 3667 735 3750; x_wconf 88' lang='lat' dir='ltr'>decimam</span> <span class='ocrx_word' id='word_1_317' title='bbox 763 3698 847 3750; x_wconf 91' lang='lat' dir='ltr'>non</span> <span class='ocrx_word' id='word_1_318' title='bbox 875 3670 1073 3752; x_wconf 88' lang='lat' dir='ltr'>dederint.</span> <span class='ocrx_word' id='word_1_319' title='bbox 1105 3671 1157 3752; x_wconf 95' lang='lat' dir='ltr'>ad</span> <span class='ocrx_word' id='word_1_320' title='bbox 1186 3669 1390 3752; x_wconf 89' lang='lat' dir='ltr'>decimam</span> <span class='ocrx_word' id='word_1_321' title='bbox 1410 3688 1548 3778; x_wconf 90' lang='lat' dir='ltr'>postea</span> <span class='ocrx_word' id='word_1_322' title='bbox 1578 3685 1848 3750; x_wconf 78' lang='lat' dir='ltr'>reuertentur.</span> <span class='ocrx_word' id='word_1_323' title='bbox 1881 3675 1989 3756; x_wconf 86' lang='lat' dir='ltr'>vnde</span> <span class='ocrx_word' id='word_1_324' title='bbox 2018 3675 2049 3752; x_wconf 91' lang='lat' dir='ltr'>si</span> 
     </span>
     <span class='ocr_line' id='line_1_31' title="bbox 194 3778 2049 3894; baseline 0.003 -34"><span class='ocrx_word' id='word_1_325' title='bbox 194 3810 203 3825; x_wconf 54' lang='lat'><strong>⁸</strong></span> <span class='ocrx_word' id='word_1_326' title='bbox 260 3778 383 3860; x_wconf 89' lang='lat' dir='ltr'>uultis</span> <span class='ocrx_word' id='word_1_327' title='bbox 420 3809 442 3860; x_wconf 92' lang='lat' dir='ltr'>a</span> <span class='ocrx_word' id='word_1_328' title='bbox 476 3778 554 3860; x_wconf 91' lang='lat' dir='ltr'>deo</span> <span class='ocrx_word' id='word_1_329' title='bbox 589 3782 706 3861; x_wconf 90' lang='lat' dir='ltr'>uobis</span> <span class='ocrx_word' id='word_1_330' title='bbox 741 3783 939 3888; x_wconf 88' lang='lat' dir='ltr'>premium</span> <span class='ocrx_word' id='word_1_331' title='bbox 973 3809 1219 3892; x_wconf 48' lang='lat' dir='ltr'>comparare*</span> <span class='ocrx_word' id='word_1_332' title='bbox 1243 3801 1314 3862; x_wconf 94' lang='lat' dir='ltr'>aut</span> <span class='ocrx_word' id='word_1_333' title='bbox 1342 3799 1599 3889; x_wconf 84' lang='lat' dir='ltr'>peccatorum</span> <span class='ocrx_word' id='word_1_334' title='bbox 1628 3778 1925 3889; x_wconf 77' lang='lat' dir='ltr'>indulgenciam</span> <span class='ocrx_word' id='word_1_335' title='bbox 1955 3813 2049 3894; x_wconf 80' lang='lat' dir='ltr'>pro·</span> 
     </span>
     <span class='ocr_line' id='line_1_32' title="bbox 259 3889 2050 4004; baseline 0.002 -31"><span class='ocrx_word' id='word_1_336' title='bbox 259 3892 406 3973; x_wconf 91' lang='lat' dir='ltr'>mereri</span> <span class='ocrx_word' id='word_1_337' title='bbox 441 3889 600 3972; x_wconf 88' lang='lat' dir='ltr'>reddite</span> <span class='ocrx_word' id='word_1_338' title='bbox 637 3890 820 3972; x_wconf 89' lang='lat' dir='ltr'>decimas.</span> <span class='ocrx_word' id='word_1_339' title='bbox 858 3911 899 3973; x_wconf 92' lang='lat' dir='ltr'>et</span> <span class='ocrx_word' id='word_1_340' title='bbox 934 3891 984 3974; x_wconf 92' lang='lat' dir='ltr'>de</span> <span class='ocrx_word' id='word_1_341' title='bbox 1020 3921 1168 3973; x_wconf 91' lang='lat' dir='ltr'>nouem</span> <span class='ocrx_word' id='word_1_342' title='bbox 1203 3893 1388 4000; x_wconf 89' lang='lat' dir='ltr'>partibus</span> <span class='ocrx_word' id='word_1_343' title='bbox 1423 3891 1680 3970; x_wconf 87' lang='lat' dir='ltr'>elemosinam</span> <span class='ocrx_word' id='word_1_344' title='bbox 1717 3889 1883 3973; x_wconf 91' lang='lat' dir='ltr'>domino</span> <span class='ocrx_word' id='word_1_345' title='bbox 1912 3925 2050 4004; x_wconf 89' lang='lat' dir='ltr'>perso·</span> 
     </span>
     <span class='ocr_line' id='line_1_33' title="bbox 141 3996 2050 4113; baseline 0.003 -33"><span class='ocrx_word' id='word_1_346' title='bbox 141 4001 146 4010; x_wconf 84' lang='lat'><em>&#39;</em></span> <span class='ocrx_word' id='word_1_347' title='bbox 261 4003 391 4083; x_wconf 88' lang='lat' dir='ltr'>luatis.</span> <span class='ocrx_word' id='word_1_348' title='bbox 457 4001 521 4082; x_wconf 85' lang='lat' dir='ltr'>Ad</span> <span class='ocrx_word' id='word_1_349' title='bbox 557 4003 632 4082; x_wconf 91' lang='lat' dir='ltr'>hec</span> <span class='ocrx_word' id='word_1_350' title='bbox 667 4003 906 4091; x_wconf 83' lang='lat' dir='ltr'>nunciatum</span> <span class='ocrx_word' id='word_1_351' title='bbox 934 4003 1053 4084; x_wconf 91' lang='lat' dir='ltr'>nobis</span> <span class='ocrx_word' id='word_1_352' title='bbox 1082 4019 1142 4086; x_wconf 88' lang='lat' dir='ltr'>est</span> <span class='ocrx_word' id='word_1_353' title='bbox 1171 4002 1283 4111; x_wconf 92' lang='lat' dir='ltr'>quod</span> <span class='ocrx_word' id='word_1_354' title='bbox 1312 4016 1407 4080; x_wconf 89' lang='lat' dir='ltr'>sunt</span> <span class='ocrx_word' id='word_1_355' title='bbox 1436 3996 1562 4110; x_wconf 85' lang='lat' dir='ltr'>aliqui</span> <span class='ocrx_word' id='word_1_356' title='bbox 1591 4003 1698 4080; x_wconf 91' lang='lat' dir='ltr'>inter</span> <span class='ocrx_word' id='word_1_357' title='bbox 1726 4029 1799 4082; x_wconf 87' lang='lat' dir='ltr'>vos</span> <span class='ocrx_word' id='word_1_358' title='bbox 1827 4007 1898 4113; x_wconf 91' lang='lat' dir='ltr'>qui</span> <span class='ocrx_word' id='word_1_359' title='bbox 1928 4006 2050 4088; x_wconf 84' lang='lat' dir='ltr'>exhe-</span> 
     </span>
     <span class='ocr_line' id='line_1_34' title="bbox 258 4109 2052 4226; baseline 0.002 -32"><span class='ocrx_word' id='word_1_360' title='bbox 258 4113 411 4194; x_wconf 89' lang='lat' dir='ltr'>redatis</span> <span class='ocrx_word' id='word_1_361' title='bbox 444 4113 631 4222; x_wconf 89' lang='lat' dir='ltr'>legitimis</span> <span class='ocrx_word' id='word_1_362' title='bbox 665 4113 767 4194; x_wconf 89' lang='lat' dir='ltr'>filiis.</span> <span class='ocrx_word' id='word_1_363' title='bbox 804 4115 914 4194; x_wconf 88' lang='lat' dir='ltr'>bona</span> <span class='ocrx_word' id='word_1_364' title='bbox 956 4143 1027 4194; x_wconf 87' lang='lat' dir='ltr'>sua</span> <span class='ocrx_word' id='word_1_365' title='bbox 1057 4114 1191 4220; x_wconf 88' lang='lat' dir='ltr'>omnia</span> <span class='ocrx_word' id='word_1_366' title='bbox 1221 4111 1398 4194; x_wconf 88' lang='lat' dir='ltr'>eeclesiis</span> <span class='ocrx_word' id='word_1_367' title='bbox 1427 4109 1700 4223; x_wconf 88' lang='lat' dir='ltr'>derelinqunt.</span> <span class='ocrx_word' id='word_1_368' title='bbox 1731 4114 1854 4222; x_wconf 88' lang='lat' dir='ltr'>quod.</span> <span class='ocrx_word' id='word_1_369' title='bbox 1885 4116 2052 4226; x_wconf 91' lang='lat' dir='ltr'>quidem</span> 
     </span>
     <span class='ocr_line' id='line_1_35' title="bbox 259 4221 2052 4334; baseline 0.002 -29"><span class='ocrx_word' id='word_1_370' title='bbox 259 4224 375 4305; x_wconf 86' lang='lat' dir='ltr'>uullo</span> <span class='ocrx_word' id='word_1_371' title='bbox 411 4226 501 4304; x_wconf 88' lang='lat' dir='ltr'>iure</span> <span class='ocrx_word' id='word_1_372' title='bbox 535 4224 797 4332; x_wconf 90' lang='lat' dir='ltr'>permittitur.</span> <span class='ocrx_word' id='word_1_373' title='bbox 834 4223 905 4307; x_wconf 88' lang='lat' dir='ltr'>sed</span> <span class='ocrx_word' id='word_1_374' title='bbox 940 4228 1012 4334; x_wconf 91' lang='lat' dir='ltr'>qui</span> <span class='ocrx_word' id='word_1_375' title='bbox 1046 4225 1172 4306; x_wconf 89' lang='lat' dir='ltr'>habet</span> <span class='ocrx_word' id='word_1_376' title='bbox 1207 4251 1332 4303; x_wconf 86' lang='lat' dir='ltr'>vnum</span> <span class='ocrx_word' id='word_1_377' title='bbox 1367 4221 1493 4302; x_wconf 88' lang='lat' dir='ltr'>lilium</span> <span class='ocrx_word' id='word_1_378' title='bbox 1529 4222 1563 4300; x_wconf 92' lang='lat' dir='ltr'>si</span> <span class='ocrx_word' id='word_1_379' title='bbox 1587 4223 1697 4302; x_wconf 66' lang='lat' dir='ltr'>⁴uult</span> <span class='ocrx_word' id='word_1_380' title='bbox 1725 4227 1896 4307; x_wconf 88' lang='lat' dir='ltr'>alterum</span> <span class='ocrx_word' id='word_1_381' title='bbox 1927 4228 2052 4308; x_wconf 88' lang='lat' dir='ltr'>faeiat</span> 
     </span>
     <span class='ocr_line' id='line_1_36' title="bbox 260 4326 2053 4446; baseline 0.002 -30"><span class='ocrx_word' id='word_1_382' title='bbox 260 4336 466 4422; x_wconf 85' lang='lat' dir='ltr'>christum.</span> <span class='ocrx_word' id='word_1_383' title='bbox 497 4334 710 4416; x_wconf 90' lang='lat' dir='ltr'>dimidiam</span> <span class='ocrx_word' id='word_1_384' title='bbox 731 4336 896 4417; x_wconf 83' lang='lat' dir='ltr'>ecclesie</span> <span class='ocrx_word' id='word_1_385' title='bbox 924 4332 1177 4446; x_wconf 91' lang='lat' dir='ltr'>reliquendo.</span> <span class='ocrx_word' id='word_1_386' title='bbox 1236 4336 1320 4438; x_wconf 87' lang='lat' dir='ltr'>Qui</span> <span class='ocrx_word' id='word_1_387' title='bbox 1348 4332 1472 4412; x_wconf 90' lang='lat' dir='ltr'>habet</span> <span class='ocrx_word' id='word_1_388' title='bbox 1494 4331 1607 4430; x_wconf 83' lang='lat' dir='ltr'>duos,</span> <span class='ocrx_word' id='word_1_389' title='bbox 1624 4333 1744 4415; x_wconf 79' lang='lat' dir='ltr'>faciat</span> <span class='ocrx_word' id='word_1_390' title='bbox 1758 4326 1928 4418; x_wconf 74' lang='lat' dir='ltr'>tercium</span> <span class='ocrx_word' id='word_1_391' title='bbox 1944 4339 2053 4419; x_wconf 76' lang='lat' dir='ltr'>chri·</span> 
     </span>
    </p>
   </div>
   <div class='ocr_carea' id='block_1_5' title="bbox 257 4433 2057 5014">
    <p class='ocr_par' dir='ltr' id='par_1_5' title="bbox 257 4433 2057 5014">
     <span class='ocr_line' id='line_1_37' title="bbox 259 4433 2048 4568; baseline 0.001 -42"><span class='ocrx_word' id='word_1_392' title='bbox 259 4461 376 4526; x_wconf 83' lang='lat' dir='ltr'>stum.</span> <span class='ocrx_word' id='word_1_393' title='bbox 420 4463 462 4524; x_wconf 92' lang='lat' dir='ltr'>et</span> <span class='ocrx_word' id='word_1_394' title='bbox 493 4449 561 4527; x_wconf 77' lang='lat' dir='ltr'>&#39;sic</span> <span class='ocrx_word' id='word_1_395' title='bbox 595 4449 638 4526; x_wconf 93' lang='lat' dir='ltr'>in</span> <span class='ocrx_word' id='word_1_396' title='bbox 673 4451 826 4528; x_wconf 87' lang='lat' dir='ltr'>ceteris.</span> <span class='ocrx_word' id='word_1_397' title='bbox 861 4449 1054 4557; x_wconf 92' lang='lat' dir='ltr'>quoniam</span> <span class='ocrx_word' id='word_1_398' title='bbox 1074 4445 1256 4568; x_wconf 54' lang='lat' dir='ltr'>ffioelesia</span> <span class='ocrx_word' id='word_1_399' title='bbox 1291 4433 1545 4524; x_wconf 81' lang='lat' dir='ltr'>exheredatis</span> <span class='ocrx_word' id='word_1_400' title='bbox 1581 4444 1672 4523; x_wconf 87' lang='lat' dir='ltr'>liliis</span> <span class='ocrx_word' id='word_1_401' title='bbox 1706 4448 1887 4556; x_wconf 89' lang='lat' dir='ltr'>recipere</span> <span class='ocrx_word' id='word_1_402' title='bbox 1917 4466 2048 4530; x_wconf 91' lang='lat' dir='ltr'>totum</span> 
     </span>
     <span class='ocr_line' id='line_1_38' title="bbox 258 4553 2051 4668; baseline 0 -28"><span class='ocrx_word' id='word_1_403' title='bbox 258 4585 343 4640; x_wconf 89' lang='lat' dir='ltr'>non</span> <span class='ocrx_word' id='word_1_404' title='bbox 379 4555 512 4637; x_wconf 89' lang='lat' dir='ltr'>debet.</span> <span class='ocrx_word' id='word_1_405' title='bbox 549 4553 662 4668; x_wconf 81' lang='lat' dir='ltr'>quod</span> <span class='ocrx_word' id='word_1_406' title='bbox 694 4557 886 4637; x_wconf 84' lang='lat' dir='ltr'>nimirum</span> <span class='ocrx_word' id='word_1_407' title='bbox 921 4559 1065 4638; x_wconf 88' lang='lat' dir='ltr'>fratres</span> <span class='ocrx_word' id='word_1_408' title='bbox 1099 4555 1166 4636; x_wconf 91' lang='lat' dir='ltr'>uel</span> <span class='ocrx_word' id='word_1_409' title='bbox 1203 4582 1361 4636; x_wconf 90' lang='lat' dir='ltr'>sorores</span> <span class='ocrx_word' id='word_1_410' title='bbox 1395 4554 1589 4634; x_wconf 83' lang='lat' dir='ltr'>fratribus</span> <span class='ocrx_word' id='word_1_411' title='bbox 1625 4555 1691 4636; x_wconf 91' lang='lat' dir='ltr'>uel</span> <span class='ocrx_word' id='word_1_412' title='bbox 1719 4559 1927 4639; x_wconf 89' lang='lat' dir='ltr'>sororibus</span> <span class='ocrx_word' id='word_1_413' title='bbox 1955 4589 2051 4668; x_wconf 90' lang='lat' dir='ltr'>pre·</span> 
     </span>
     <span class='ocr_line' id='line_1_39' title="bbox 259 4665 2053 4780; baseline 0.001 -31"><span class='ocrx_word' id='word_1_414' title='bbox 259 4667 450 4749; x_wconf 89' lang='lat' dir='ltr'>termissis</span> <span class='ocrx_word' id='word_1_415' title='bbox 478 4668 610 4748; x_wconf 82' lang='lat' dir='ltr'>facere</span> <span class='ocrx_word' id='word_1_416' title='bbox 638 4684 810 4777; x_wconf 88' lang='lat' dir='ltr'>possunt</span> <span class='ocrx_word' id='word_1_417' title='bbox 837 4684 882 4747; x_wconf 87' lang='lat' dir='ltr'>vt</span> <span class='ocrx_word' id='word_1_418' title='bbox 909 4671 995 4748; x_wconf 87' lang='lat' dir='ltr'>sine</span> <span class='ocrx_word' id='word_1_419' title='bbox 1022 4668 1116 4748; x_wconf 87' lang='lat' dir='ltr'>filiis</span> <span class='ocrx_word' id='word_1_420' title='bbox 1144 4665 1395 4749; x_wconf 89' lang='lat' dir='ltr'>decedentes.</span> <span class='ocrx_word' id='word_1_421' title='bbox 1424 4681 1555 4746; x_wconf 89' lang='lat' dir='ltr'>totum·</span> <span class='ocrx_word' id='word_1_422' title='bbox 1569 4665 2053 4780; x_wconf 74' lang='lat' dir='ltr'>ecclesiisderelinquant,</span> 
     </span>
     <span class='ocr_line' id='line_1_40' title="bbox 259 4774 2051 4889; baseline 0.003 -32"><span class='ocrx_word' id='word_1_423' title='bbox 259 4779 367 4858; x_wconf 90' lang='lat' dir='ltr'>Viris</span> <span class='ocrx_word' id='word_1_424' title='bbox 398 4781 531 4858; x_wconf 90' lang='lat' dir='ltr'>autem</span> <span class='ocrx_word' id='word_1_425' title='bbox 559 4782 603 4859; x_wconf 90' lang='lat' dir='ltr'>in</span> <span class='ocrx_word' id='word_1_426' title='bbox 632 4781 869 4888; x_wconf 88' lang='lat' dir='ltr'>captiuitate</span> <span class='ocrx_word' id='word_1_427' title='bbox 898 4809 922 4857; x_wconf 88' lang='lat' dir='ltr'>a</span> <span class='ocrx_word' id='word_1_428' title='bbox 950 4779 1120 4889; x_wconf 89' lang='lat' dir='ltr'>paganis</span> <span class='ocrx_word' id='word_1_429' title='bbox 1148 4778 1214 4858; x_wconf 87' lang='lat' dir='ltr'>uel</span> <span class='ocrx_word' id='word_1_430' title='bbox 1244 4775 1473 4858; x_wconf 87' lang='lat' dir='ltr'>christianis</span> <span class='ocrx_word' id='word_1_431' title='bbox 1502 4774 1685 4858; x_wconf 87' lang='lat' dir='ltr'>deductis</span> <span class='ocrx_word' id='word_1_432' title='bbox 1700 4807 1784 4858; x_wconf 93' lang='lat' dir='ltr'>non</span> <span class='ocrx_word' id='word_1_433' title='bbox 1800 4780 2051 4864; x_wconf 90' lang='lat' dir='ltr'>lieeteorum</span> 
     </span>
     <span class='ocr_line' id='line_1_41' title="bbox 257 4885 2057 5014; baseline 0.002 -44"><span class='ocrx_word' id='word_1_434' title='bbox 257 4889 451 4974; x_wconf 75' lang='lat' dir='ltr'>viroribus</span> <span class='ocrx_word' id='word_1_435' title='bbox 487 4888 584 4974; x_wconf 90' lang='lat' dir='ltr'>aliis.</span> <span class='ocrx_word' id='word_1_436' title='bbox 614 4890 692 4972; x_wconf 90' lang='lat' dir='ltr'>illis</span> <span class='ocrx_word' id='word_1_437' title='bbox 714 4889 955 4972; x_wconf 71' lang='lat' dir='ltr'>uiuentibus</span> <span class='ocrx_word' id='word_1_438' title='bbox 981 4889 1166 5004; x_wconf 88' lang='lat' dir='ltr'>copulari</span> <span class='ocrx_word' id='word_1_439' title='bbox 1195 4887 1330 5014; x_wconf 79' lang='lat' dir='ltr'>Quod·</span> <span class='ocrx_word' id='word_1_440' title='bbox 1349 4890 1382 4970; x_wconf 87' lang='lat' dir='ltr'>si</span> <span class='ocrx_word' id='word_1_441' title='bbox 1410 4885 1613 5000; x_wconf 67' lang='lat' dir='ltr'>copulate</span> <span class='ocrx_word' id='word_1_442' title='bbox 1627 4887 1780 4971; x_wconf 87' lang='lat' dir='ltr'>fuerint</span> <span class='ocrx_word' id='word_1_443' title='bbox 1809 4891 1906 4974; x_wconf 89' lang='lat' dir='ltr'>viris</span> <span class='ocrx_word' id='word_1_444' title='bbox 1934 4889 2057 5010; x_wconf 80' lang='lat' dir='ltr'>prio·¹</span> 
     </span>
    </p>
   </div>
   <div class='ocr_carea' id='block_1_6' title="bbox 0 0 2190 5941">
    <p class='ocr_par' dir='ltr' id='par_1_6' title="bbox 0 0 2190 5941">
     <span class='ocr_line' id='line_1_42' title="bbox 0 0 2190 5941; baseline 0 0"><span class='ocrx_word' id='word_1_445' title='bbox 0 0 2190 5941; x_wconf 95' lang='lat' dir='ltr'> </span> 
     </span>
    </p>
   </div>
  </div>
 </body>
</html>
