4398 5958
1025 491 1080 514 -
1188 429 1441 558 47οΪ-

1562 629 1576 658 ἱ

338 692 467 758 strum
494 670 814 752 anniuersarium
842 671 885 750 in
912 665 1093 751 futurum
1120 671 1209 751 Hoc
1236 669 1344 752 idem
1380 673 1654 780 promittimus
1681 673 2067 766 successoribnsuestris

336 783 530 868 canonice
556 780 847 866 substituendis
875 781 949 891 qui
978 779 1083 863 dicte
1111 779 1255 864 domus
1284 787 1324 861 a
1351 781 1522 864 fratrum
1560 784 1710 866 ibidem
1744 785 1817 867 deo
1857 791 2068 876 semiermium

337 895 578 980 utilitatibus
606 897 673 1004 pie
702 893 895 975 duxerint
928 893 1222 975 consulendum
1251 894 1401 974 Datum
1428 922 1528 976 vero
1568 893 1620 976 de
1649 896 1770 1004 pleno
1810 899 1962 979 seruicia
1984 931 2069 1012 supe·

330 1011 422 1090 rius
450 1024 714 1088 memoratum
742 1003 907 1085 extendi
933 1005 1120 1085 volumus
1156 1021 1235 1086 tam
1266 1003 1318 1085 ad
1348 1022 1442 1113 post
1478 1006 1639 1089 futuros
1682 1007 1841 1089 ecclesie
1879 1008 2070 1120 lincopensis

335 1119 555 1202 canonicos
584 1146 706 1229 quam
734 1131 940 1224 presentes
968 1117 1020 1196 Jn
1048 1115 1169 1196 buius
1203 1118 1261 1197 rei
1297 1119 1572 1199 testimonium
1615 1137 1835 1225 presentem
1873 1137 1999 1201 cartam
2022 1152 2069 1232 ap

334 1233 529 1340 pensione
558 1229 680 1337 sigilli
706 1227 835 1307 nostri
856 1225 1022 1307 fecimus
1050 1228 1291 1307 communiri
1320 1226 1459 1310 datum
1487 1227 1662 1337 lincopia
1690 1257 1798 1312 anno
1818 1229 1957 1311 domini
1979 1235 2069 1316 ttet-

336 1343 462 1426 LXX.
491 1343 620 1424 tercio
648 1340 765 1421 nonis
793 1336 910 1447 junij.
1800 1358 1804 1366 ·

331 1614 471 1815 ⁸569.
733 1779 735 1784 ,
984 1664 1135 1809 1273
1182 1662 1232 1768 d.
1279 1681 1366 1793 ad·
1400 1662 1499 1770 Jnl.
1712 1582 1718 1590 ¹
1989 1668 2070 1772 Bro.

415 1890 497 1951 cist.
518 1871 650 1950 Hanntr's
671 1889 681 1948 i
703 1886 877 1969 Linldping
900 1883 1071 1967 befallning
1092 1885 1139 1946 till
1161 1885 1245 1946 Cant
1267 1885 1420 1948 Unrssorts
1441 1886 1656 1967 arfuingaratt
1667 1886 1816 1948 afstaden
1837 1886 1872 1946 af
1887 1886 2000 1948 bemtlte
2016 1887 2071 1947 cn

466 1972 515 2034 till
537 1970 715 2033 Skokloster
736 1970 820 2051 gisna
842 1967 988 2030 Fladstad
1010 1967 1102 2048 gaird,
1124 1967 1185 2031 och
1218 1967 1267 2030 lb'r
1288 1969 1466 2031 densamms
1486 1970 1571 2052 gifva
1592 1969 1696 2032 Peras
1718 1969 1927 2034 hovannss‘os
1945 1971 2071 2049 ersittniag.

1782 2081 1816 2135 s.
1835 2081 1858 2133 s.
1880 2081 1904 2133 s.
1923 2095 1942 2172 ..ι
1957 2081 1977 2150 4.

336 2297 345 2315 „
496 2219 568 2300 He.
597 2215 664 2298 dei
693 2218 827 2324 gracia
856 2218 1097 2324 lincopensis
1125 2217 1351 2326 episcopus.
1381 2215 1563 2298 discretis
1579 2217 1689 2296 uiris.
1718 2216 1929 2301 heredibus
1952 2217 2069 2298 donini.

328 2322 382 2418 K.
411 2329 603 2440 ulphonis
632 2329 839 2439 quondam
866 2327 979 2437 ducis
1008 2327 1089 2406 filii.
1119 2328 1288 2408 salutem
1317 2333 1356 2407 8
1384 2346 1550 2437 paterne
1578 2328 1810 2410 dileccionis
1825 2327 2068 2441 plenitudinem

331 2445 441 2546 Quia
470 2441 668 2523 dominus.
698 2441 750 2518 K.
781 2438 908 2519 felicis
936 2441 1126 2520 memorie
1156 2437 1318 2550 dequo
1360 2442 1544 2548 superius
1587 2439 1764 2520 fecimus
1797 2443 2023 2522 mencionem.
2043 2443 2070 2514 in

328 2569 569 2636 testamento
597 2579 672 2632 suo
700 2553 945 2631 mansionem
975 2549 1162 2631 fladstath
1190 2550 1398 2632 sororibus
1431 2551 1481 2632 de
1508 2552 1607 2632 scho
1636 2551 1703 2659 pie
1732 2554 1904 2633 contulit
1928 2558 1961 2632 &
1983 2550 2069 2630 deuo

329 2685 372 2748 te
411 2665 697 2764 discrecioncm
739 2679 914 2743 uestram
943 2658 1160 2742 affectuose
1188 2689 1485 2743 commonemus
1521 2661 1761 2744 auctoritate
1805 2664 2068 2774 apostolicam
2145 2721 2146 2724 a

328 2777 512 2860 hiscum
541 2776 689 2854 nostris
717 2771 997 2853 ooniudicibus
1032 2800 1154 2880 super
1190 2774 1279 2883 ipso
1324 2776 1493 2882 negocio
1537 2775 1745 2856 commissa
1793 2772 2068 2886 precipientes&
2115 2811 2118 2818 ·

225 2931 229 2941 =
327 2883 577 2970 mandantes.
608 2885 799 2994 quatinus
816 2881 1050 2995 'predictam
1080 2886 1328 2964 mansionem
1352 2885 1448 2994 ipsis
1476 2887 1683 2966 sororibus
1713 2885 1842 2968 libere
1883 2887 2065 2989 resignatam

324 3007 368 3082 &
402 2999 455 3081 ab
483 2995 593 3078 omni
623 3011 757 3074 uestra
786 2996 1028 3104 inpeticione
1058 3023 1224 3104 prorsus
1252 2996 1480 3077 absolutam
1508 2999 1551 3078 in
1580 3023 1677 3076 usus
1713 2995 1928 3078 earundem
1954 3002 2066 3100 &pro-

319 3110 541 3220 prietatem
569 3105 673 3186 tradi
702 3104 857 3187 faciatis
887 3111 925 3184 &
955 3107 1161 3187 committi.
1186 3106 1378 3188 facientes
1405 3107 1624 3190 dominum.
1662 3137 1701 3217 p.
1736 3107 1956 3217 ragnwaldi
1978 3127 2068 3212 quon·

326 3219 420 3302 dam
448 3217 575 3297 filium
603 3217 824 3298 secundnm
854 3219 998 3298 iustam
1042 3219 1326 3328 complementi
1354 3247 1425 3299 sne
1468 3221 1594 3327 partis
1622 3222 1927 3303 estimaeionem.
1959 3213 2068 3294 inden

325 3357 448 3442 pnem
505 3346 673 3409 uantum
702 3328 753 3410 ad
782 3331 1025 3410 mansionem
1054 3347 1323 3410 memoratam.
1354 3331 1414 3410 Ne
1441 3331 1475 3412 si
1504 3333 1545 3411 in
1573 3331 1728 3412 iusticia
1758 3331 1936 3413 facienda
1966 3340 2068 3406 contu·

326 3469 458 3524 maces
474 3359 656 3521 lueritis.
684 3441 768 3521 Nos
795 3443 868 3552 qui
897 3467 970 3520 uos
1001 3444 1042 3522 in
1072 3443 1182 3522 omni
1208 3441 1320 3522 bono
1348 3442 1552 3552 diligimus
1582 3441 1659 3524 deo
1675 3457 1786 3524 teste.
1806 3457 2069 3540 contrauosper

325 3556 502 3664 rigorem
553 3554 650 3632 iuris
693 3553 948 3633 ecclesiastici
991 3581 1081 3634 oum
1135 3555 1285 3634 nostris
1332 3553 1613 3634 coniudicibns
1654 3554 1877 3661 procedere
1918 3543 2070 3655 conpella-

326 3692 430 3748 ntur.
489 3662 571 3744 uod
601 3665 722 3742 inuiti
749 3682 881 3745 tamen
911 3663 1078 3745 facimus
1107 3669 1146 3745 &
1174 3664 1371 3746 uidemus.
1401 3667 1551 3746 Datum
1579 3664 1667 3746 bro.
1697 3693 1808 3746 anno
1836 3661 1986 3748 domini.
2008 3655 2069 3736 ll⁰.·

305 3777 425 3883 xCC0.
502 3776 630 3855 XIII⁰.
660 3776 712 3853 Jn
741 3775 877 3884 vigilia
906 3778 1033 3856 saneti
1063 3776 1194 3856 iacobi
1224 3778 1409 3884 apostoli.
1753 3797 1759 3807 ’

571 3917 654 3979 Blott
676 3927 718 3979 ctt
740 3920 808 3982 litet
828 3919 933 4004 stycle
954 3919 990 3978 af
1005 3917 1118 4000 sigillet
1138 3925 1174 3978 tr
1195 3937 1273 4001 qvar
1292 3917 1334 4004 pa
1354 3939 1393 3980 en
1414 3918 1450 3980 af
1466 3917 1587 3981 brefvet
1606 3917 1742 4002 utttippt
1763 3939 1873 3982 renisa.

321 4268 463 4430 dyo.
618 4231 620 4235 Ι
978 4283 1128 4429 1273
1175 4284 1224 4392 d.
1272 4284 1345 4392 28
1392 4283 1490 4392 lul.
1792 4273 2071 4390 stoctholn.

407 4505 448 4568 Κ.
468 4510 669 4576 Watnsutns
690 4507 860 4591 glfvobref
874 4507 914 4591 pt
937 4505 1062 4592 Spanga
1084 4529 1181 4591 qvarn
1202 4505 1263 4568 och
1283 4506 1304 4586 4
1326 4504 1493 4606 Markland
1514 4508 1525 4568 i
1547 4504 1675 4590 Husaby
1696 4505 1744 4566 till
1764 4504 1883 4592 Upsala
1904 4492 2060 4581 oontpta

1842 4617 1872 4673 B.
1893 4634 1916 4672 a:
1936 4617 1976 4688 98.

487 4760 552 4838 De
580 4776 756 4867 quotuor
782 4763 927 4838 marcis
955 4777 1060 4838 terre
1087 4731 1130 4836 in
1157 4756 1313 4861 bnsaby
1342 4759 1383 4834 &
1409 4755 1640 4836 molendinis
1667 4760 1708 4836 in
1735 4783 1943 4868 spangam.

489 4897 558 4981 W.
586 4900 654 5010 dej
684 4906 817 5011 gracia
848 4927 920 4981 rex
947 4925 1148 4980 sweorum
1173 4897 1369 4977 vniuersis
1396 4913 1602 5007 presentes
1630 4897 1782 4978 litteras
1796 4889 2020 5006 inspecturis
2030 4907 2073 4962 sa·
2144 4961 2146 5018 t

323 5015 447 5093 latent
476 5011 520 5092 in
548 5009 713 5095 domino
740 5013 1042 5125 sempiternam,
1070 5008 1325 5120 presentibus
1353 5025 1538 5092 constare
1561 5007 1746 5091 volumus
1760 5009 1964 5102 uniuersis,
1989 4985 2072 5110 qu⁰d
