4362 5946
746 423 1239 536 '-sss-

120 735 122 742 ,
149 682 184 757 a
208 687 321 781 grata
345 673 402 754 eis
428 671 607 755 caritatis
634 671 822 769 subsidia.
838 669 1047 781 ,erogetisn‘
1061 689 1108 753 ut
1131 672 1540 782 pcrsubuentionem
1554 690 1730 757 uestram
1744 673 1923 786 ipsorum
2064 765 2067 778 ,

146 782 273 891 inopie
301 783 548 866 consulatur.¹
576 787 618 864 St
644 811 716 865 uos
745 809 819 892 per
846 782 922 863 hec
950 787 990 861 a
1018 781 1095 862 alia
1123 782 1231 863 bona
1254 809 1339 894 que
1368 783 1533 866 domino
1567 787 1790 897 inspirante
1818 787 1923 872 fece-

77 917 80 924 *
143 896 226 988 ritis
257 891 311 974 ad
340 911 475 976 eterne
503 895 664 1002 possitis
704 893 900 976 felicitatis
942 891 1087 1001 gaudia
1120 897 1344 1001 peruenire.
1401 895 1486 974 Nos
1513 897 1620 978 enim
1647 898 1698 981 de
1737 903 1923 1008 omnipo·

21 1057 22 1062 Ν
142 1005 256 1087 tentis
286 1003 353 1086 dei
380 1002 653 1114 misericordia
681 1010 719 1085 &
749 1003 959 1085 beatorum
986 1004 1095 1084 Petri
1121 1020 1163 1084 et
1189 1004 1304 1086 Pauli
1326 1003 1603 1114 apostolorum
1631 1010 1716 1091 eius
1746 1003 1922 1092 auctori·

138 1133 217 1196 tate
244 1115 401 1211 conlisi,
430 1115 618 1196 omnibus
645 1140 742 1194 uere
769 1112 1046 1223 penitentibus
1075 1117 1115 1194 8t
1135 1112 1352 1214 ‚confessis
1380 1115 1452 1225 qui
1480 1141 1644 1198 manum
1659 1121 1714 1199 eis
1725 1147 1921 1226 porrexe-

137 1227 215 1307 rint
242 1215 436 1321 caritatis‚
465 1223 746 1334 Quadraginta
776 1224 862 1306 dies
894 1223 945 1305 de
974 1226 1152 1306 iniuncta
1175 1223 1262 1306 'sibi
1290 1225 1514 1334 penitentia
1535 1228 1844 1320 misericorditer
1857 1259 1921 1312 re·

135 1338 321 1416 laxamus.
349 1336 498 1417 Datum
527 1337 569 1417 in
595 1351 727 1416 castro
755 1335 876 1442 Regis
907 1335 1042 1416 Suetie
1077 1337 1128 1416 ΙΙ.
1159 1336 1262 1420 Non.
1290 1335 1438 1444 Martij.
1473 1337 1733 1423 Pontificatus
1769 1338 1920 1424 domini
1955 1399 1961 1406 -

132 1446 364 1554 J'nnocentij.
394 1473 500 1556 pape
527 1447 618 1528 IIII.
647 1447 768 1528 Anno
797 1447 965 1548 Quinto.
1293 1451 1321 1520 ’.

828 1584 948 1668 Sigillet
974 1586 1068 1668 nlgot
1088 1583 1229 1648 skadadt
1365 1627 1367 1636 ‚

127 1941 264 2058 362.
767 1951 916 2080 1248
963 1949 1011 2054 d.
1058 1952 1131 2054 '25
1179 1951 1298 2092 Maj.
1394 2053 1398 2058 ,
1661 1977 1663 1986 '
1717 1949 1919 2102 Wisby'.
2033 1977 2049 2040 ,¹

24 2213 31 2222 .
125 2159 132 2190 ⁵
208 2165 287 2230 ran.
309 2169 454 2250 bagatat,
471 2167 550 2230 nist.
571 2167 909 2232 Wnnmsafsahina
929 2167 1245 2313 StadlastelseApaden
1319 2163 1399 2229 But.
1420 2167 1502 2231 Lars
1523 2169 1533 2230 i
1554 2169 1916 2256 Linkb'pinggjordaan-

125 2264 129 2276 ·
257 2250 392 2331 ordning
413 2261 457 2312 att
477 2250 534 2312 allt
554 2248 646 2326 offer,
668 2271 734 2316 som
756 2251 847 2314 laller
867 2251 909 2337 pa
930 2250 961 2313 S.
983 2251 1083 2315 Onors
1146 2259 1211 2312 tare
1233 2252 1243 2310 i
1265 2241 1430 2332 ltergun,
1452 2249 1643 2315 tillltommer
1675 2258 1844 2317 Nunnorna
1864 2258 1911 2317 uti

259 2333 413 2416 Solberga
431 2333 547 2408 kloster
567 2332 578 2392 i
598 2333 720 2416 Wisby.
1170 2387 1176 2394 .
1583 2348 1618 2472 ¹·-
1636 2433 1664 2486 q·
1683 2432 1738 2487 ”a
1756 2419 1782 2487 ᾳ)
1855 2347 1858 2356 ,

260 2623 262 2628 ,
293 2551 548 2631 Wrnasnuus
571 2551 825 2632 miseratione
854 2549 994 2631 diuina
1024 2518 1254 2630 Sabinensis
1282 2553 1516 2661 Episcopus,
1537 2550 1779 2658 Apostolicae
1807 2547 1914 2632 sedis

116 2662 320 2770 Legatos,
333 2715 334 2718 a
349 2658 545 2768 religiosis
574 2663 804 2758 sororibus,
832 2662 1034 2741 Priorissae
1062 2667 1102 2741 &
1128 2660 1369 2744 Monialibus
1385 2662 1435 2742 de
1456 2662 1595 2742 Monte
1610 2662 1720 2742 Solis
1730 2661 1774 2740 in
1801 2660 1952 2740 Wis·

116 2771 174 2876 by
213 2768 384 2851 ordinis
416 2770 708 2868 Cisterciensis‚
750 2771 1013 2879 Lincopensis
1056 2769 1291 2866 Dioecesios,
1326 2773 1494 2854 salutem
1525 2774 1568 2852 in
1613 2772 1776 2852 nomine
1803 2771 1910 2850 lEsu

113 2881 286 2962 Christi.
318 2881 420 2960 Cum
449 2907 471 2960 a
500 2881 617 2963 nobis
655 2882 788 2990 petitis
817 2879 931 2991 quod
959 2882 1111 2988 justum
1140 2895 1200 2961 est
1227 2887 1273 2962 δι’
1294 2883 1505 2964 honesturn
1533 2898 1616 2961 tam
1644 2883 1760 2989 vigor
1788 2881 1911 2988 aequi·
1984 2884 2013 2936 s
2125 2943 2130 2956 ,

112 2994 231 3084 tatis,
264 3018 388 3100 quam
416 2989 529 3072 ordo¹
546 2991 672 3100 exigit
698 2993 941 3088 vocationis,
977 3007 1025 3070 ut
1060 2989 1103 3070 id
1144 3018 1218 3100 per
1258 2991 1569 3074 sollicitudinem
1612 2991 1736 3072 officii
1779 2991 1910 3070 nostri

111 3100 166 3182 ad
196 3101 388 3182 debitum
417 3099 669 3208 perducatur
696 3101 897 3190 effectum.
928 3102 1031 3181 Cum
1059 3102 1184 3210 igitur
1220 3101 1459 3184 venerabilis
1493 3101 1612 3182 Pater
1648 3101 1908 3198 Laurentius,

18 3223 22 3232 '
108 3211 188 3292 Dei
218 3215 357 3319 gratia
384 3210 649 3319 Lincopensis
677 3215 902 3322 Episcopus
931 3211 1048 3293 vobis
1076 3211 1215 3292 Altare
1244 3211 1283 3296 S.
1315 3213 1434 3296 Olavi
1462 3209 1506 3294 in
1545 3209 1781 3320 Askergarn
1816 3237 1909 3291 cuna

107 3321 400 3403 oblationibus
429 3348 519 3430 quae
547 3322 604 3402 ibi
633 3350 657 3401 a
685 3323 837 3404 Christi
866 3320 1053 3403 fidelibus
1083 3321 1331 3421 offeruntur,
1375 3323 1425 3406 de
1454 3323 1585 3430 gratia
1613 3323 1830 3404 contulerit
1859 3323 1907 3401 li·

102 3431 268 3530 berali‚
300 3433 405 3512 sicut
432 3435 475 3511 in
502 3432 591 3539 ejus
620 3432 744 3515 literis
777 3431 964 3530 vidimus,
979 3432 1137 3540 plenius
1166 3433 1383 3531 contineri,
1412 3460 1584 3544 quarum
1598 3452 1780 3515 tenorem
1806 3460 1909 3540 prae·

102 3538 306 3623 sentibus
334 3543 455 3622 inseri
483 3539 648 3623 fecimus
692 3545 736 3650 in
764 3544 849 3623 haec
893 3543 1035 3653 verba,
1083 3542 1322 3622 Laurentius
1366 3544 1441 3623 Dei
1482 3547 1610 3653 gratia
1646 3545 1909 3651 Lincopensis

99 3654 350 3761 Episcopus
364 3658 436 3733 &c
453 3653 505 3733 Se
519 3654 601 3733 N:o
631 3655 720 3734 336.
758 3649 880 3755 Quod
909 3651 960 3731 ab
989 3650 1129 3732 eodem
1160 3653 1305 3760 Episco
1390 3653 1540 3734 factum
1569 3657 1685 3736 estin
1704 3655 1780 3734 hac
1794 3671 1910 3762 parte

98 3779 248 3843 ratum
283 3768 509 3870 &gratum
538 3761 751 3850 habentes;
788 3761 888 3842 illud
926 3763 1165 3841 auctoritate
1197 3789 1278 3870 qua
1305 3681 1514 3872 litongimur
1549 3765 1783 3872 Apostolica
1811 3789 1928 3858 con-v

95 3873 343 3968 firmamus,
373 3877 412 3954 &
440 3874 646 3981 praesentis
681 3874 819 3980 scripti
862 3873 1088 3981 patrocinio
1130 3875 1439 3971 communimus,
1481 3873 1739 3956 nibilominus
1766 3873 1907 3981 prohi-

92 3987 276 4081 bentes,
308 4009 362 4062 ne
388 3985 480 4092 quis
505 4010 580 4072 ros
608 4010 730 4091 super
758 3983 844 4063 ullo
879 4011 1058 4092 unquam
1101 3999 1285 4091 tempore
1325 3983 1477 4067 audeat
1515 3984 1736 4066 molestare.
1792 3981 1906 4062 Nulli

92 4123 202 4206 ergo
238 4095 412 4176 omnino
443 4094 651 4175 hominurn
680 4094 800 4174 liceat
827 4093 947 4178 hanc,
962 4095 1148 4202 paginam
1177 4111 1324 4175 nostrae
1359 4095 1738 4177 confirmationis&
1765 4091 1916 4199 Pr⁰h¹⁹a

90 4206 284 4290 bitionis
314 4201 535 4312 infringere
562 4204 627 4284 vel
656 4205 693 4285 ei
721 4231 815 4285 casu
844 4205 1059 4284 temerario
1086 4205 1384 4301 contravenire,
1406 4204 1552 4318 siquis
1574 4220 1706 4284 autern
1739 4203 1817 4282 hoc
1844 4217 1911 4309 atq

88 4333 272 4400 tentare
293 4315 603 4423 ‘praesumpserit
631 4313 944 4423 indignationem
982 4314 1279 4422 Omnipotentis
1314 4315 1392 4395 Dei
1421 4319 1461 4394 a
1489 4313 1701 4396 beatorum
1715 4313 1836 4393 ‘Petri
1864 4316 1904 4392 St

83 4428 216 4512 Pauli
252 4423 548 4532 Apostolorum
562 4426 806 4509 senoverit
833 4426 1103 4509 incursurum.
1178 4427 1326 4506 Datum
1368 4425 1516 4534 Wisby
1545 4421 1570 4509 8
1600 4421 1767 4507 Calendi
1792 4421 1904 4502 lunii
1966 4504 1983 4534 s

19 4617 22 4624 .
83 4541 226 4619 Anno
263 4535 432 4615 Domini
466 4538 608 4632 1248:
1842 4542 1846 4550 ’

80 4797 84 4806 ·
124 4786 156 4861 *p
182 4777 298 4846 Estn·
315 4763 356 4840 en
374 4773 524 4842 odaterad
546 4773 727 4842 ridimstion
748 4776 785 4842 af
800 4775 879 4842 aas.
902 4779 978 4844 stans
997 4779 1007 4839 i
1028 4775 1216 4860 Linkdping«
