4406 5966
977 440 1035 488 -ς-
1145 423 1226 504 700
1333 365 1428 508 -Ι,

212 667 215 674 =
268 617 486 704 *Similiter
513 623 554 700 &
581 619 716 701 omnia
744 619 820 702 alia
849 645 928 730 que
957 631 1230 737 mrtecessorps
1273 621 1403 702 nostri
1431 600 1624 730 superius
1666 622 1861 704 nominati
1888 624 1934 706 in
1962 626 2087 736 priri·
2189 615 2191 640 ⁴

292 731 408 842 legiis
435 729 518 816 suis
552 730 776 842 antiquitus
813 745 1044 812 statuerunt
1069 727 1273 812 ‘dolumus
1300 733 1538 815 observare
1565 747 1648 811 tam
1680 759 1802 842 super
1842 738 2086 846 purgatione
2189 815 2191 828 ,

289 841 391 942 ferri
417 837 583 948 candidi
611 859 736 954 <ptam
763 842 891 924 eciam
919 840 1155 924 mulieribus
1184 843 1227 923 in
1256 841 1390 925 soluto
1423 843 1680 924 matrimonio
1701 845 1963 954 inpregnatis.
1994 851 2084 930 Pre-
2189 837 2191 928 l

194 971 201 981 '
289 969 402 1038 terea
429 953 564 1065 siqui
593 953 645 1037 de
673 972 805 1036 vestra
834 952 996 1035 civitate
1023 979 1147 1062 penes
1175 981 1249 1036 vos
1276 955 1319 1035 in
1348 955 1447 1034 mari
1477 955 1639 1064 rapinas
1673 954 1800 1035 velint
1832 963 2084 1040 exercerc&

289 1065 403 1181 pacis
428 1062 509 1193 jem
538 1065 721 1176 predicte
749 1061 887 1147 federa
915 1062 1177 1172 perturbare,
1207 1067 1321 1174 ipsos
1342 1064 1393 1148 de
1420 1083 1553 1147 vestra
1581 1065 1745 1146 civitate
1772 1068 1815 1148 iu
1843 1084 2083 1177 perpetuum

211 1175 214 1184 ’
289 1177 529 1269 exulem&
556 1175 738 1289 bocnos
766 1174 871 1258 idem
900 1171 1007 1255 circa
1036 1200 1228 1284 personas
1263 1174 1404 1270 talium
1438 1174 1568 1257 facere
1610 1175 1814 1275 volumus,
1857 1178 2088 1292 ubicunque

291 1291 423 1400 prope
450 1305 586 1398 partes
613 1306 772 1371 nostras
800 1302 997 1397 poterunt
1024 1286 1210 1367 inveniri.
1238 1287 1427 1370 Preterea
1456 1285 1629 1396 petimus
1661 1289 1898 1386 instancius,
1928 1305 1979 1396 ut
2007 1293 2090 1374 illos

290 1401 367 1512 qui
394 1398 446 1482 de
472 1402 622 1483 nostris
647 1400 834 1513 partibus
863 1393 916 1478 ad
944 1423 1017 1478 vos
1045 1398 1235 1494 veniunt,
1263 1396 1390 1480 ueluti
1417 1413 1630 1494 vestrates,
1659 1403 1697 1478 &
1725 1426 1801 1480 nos
1827 1400 1922 1482 illos
1948 1401 2090 1515 quide

290 1525 426 1622 uestra
453 1513 621 1598 veniunt
648 1515 811 1598 civitate
838 1505 965 1595 veluti
995 1524 1196 1592 nostrates
1225 1508 1278 1593 cd
1306 1509 1477 1594 invicem
1505 1525 1650 1592 mutuo
1678 1506 1905 1620 diligamus.

145 1963 151 1975 ·
193 1911 200 1998 s
289 1908 431 2055 847.
813 1917 816 1926 ’
1000 1875 1403 2048 ιξόο-ηόὃ,

374 2129 457 2197 Kon.
477 2131 678 2196 wiennam
698 2128 760 2193 och
781 2131 900 2196 Biton
919 2132 1013 2198 Juaus
1034 2134 1114 2198 Bref
1128 2133 1264 2197 rdrande
1284 2135 1505 2200 Prestmannen
1534 2133 1705 2200 Tamucus
1725 2123 1787 2198 ech
1807 2127 1875 2197 dess
1897 2131 2020 2198 Broder
2039 2133 2094 2199 m·

426 2233 515 2280 com
535 2213 629 2296 galva
648 2211 686 2276 al'
701 2213 925 2302 Gudstcnstorp
945 2216 994 2281 till
1014 2217 1161 2281 Alvastra
1182 2217 1306 2282 kloster.
1655 2299 1692 2364 A·
1708 2296 1736 2356 3·
1753 2314 1781 2356 'O
1801 2310 1825 2351 η
1843 2296 1868 2350 5·
1885 2299 1914 2353 h
1931 2300 1963 2366 η

459 2439 753 2522 Wauouuunus
786 2431 854 2543 dej
883 2434 1017 2544 gracia
1045 2463 1118 2518 rex
1160 2463 1403 2520 sweuorum.
1449 2439 1499 2517 Et
1532 2436 1731 2546 byrgerus
1772 2429 1913 2516 eadem
1957 2436 2091 2542 gracia

295 2545 380 2630 dux
397 2549 651 2630 swechorum
671 2545 770 2628 dicti
784 2546 892 2656 regis
905 2563 1034 2655 pater.
1061 2548 1260 2632 uniuersis
1274 2547 1612 2632 christifidelibus
1626 2561 1829 2657 presentes
1858 2545 2015 2626 litteras
2036 2547 2098 2624 in·

290 2663 502 2768 specturis.
528 2659 695 2754 salutem
723 2658 870 2738 sanctis
898 2659 1086 2741 omnibus
1113 2663 1406 2768 repromissam.
1435 2663 1487 2741 Jn
1514 2676 1656 2740 nostro
1683 2673 1875 2765 tempore.
1915 2683 1999 2765 que
2029 2681 2097 2764 gc·

291 2781 449 2852 runtur.
476 2797 530 2850 ne
561 2797 654 2850 cum
683 2769 800 2876 lapsu
827 2769 1030 2878 temporis.
1060 2773 1213 2878 pariter
1242 2771 1445 2855 labantur.
1475 2774 1516 2851 a
1543 2797 1680 2881 nequa
1707 2767 1834 2878 possit
1862 2767 1920 2846 eis
1949 2769 1995 2847 in
2026 2791 2098 2876 po·

292 2885 442 2962 sterum
471 2881 700 2990 calumpnia
728 2880 916 2963 suboriri.
946 2880 1169 2962 litterarum
1213 2883 1407 2992 apicibus.
1438 2888 1478 2963 &
1506 2882 1687 2965 virorum
1732 2876 2008 2988 prudencium
2043 2894 2098 2959 te·

291 2992 483 3076 stimonio
511 2993 695 3074 volumus
724 2991 979 3098 perhennarj.
1011 2993 1221 3074 Elucescat
1246 3023 1344 3104 crgo
1389 2991 1642 3101 presentibus
1685 2992 1836 3100 pariter
1863 2993 1903 3068 8ι
1933 2987 2096 3070 bituris

291 3101 407 3214 quod
436 3102 574 3185 diuina
602 3103 828 3212 inspirante
857 3105 992 3210 gracia
1022 3102 1235 3212 religiosus
1265 3108 1329 3186 vir
1358 3103 1602 3212 Thingolfus
1624 3100 1832 3212 presbiter.
1860 3100 2098 3181 cumfratre

290 3239 378 3296 suo.
407 3214 584 3294 Nicolao.
613 3214 657 3294 in
685 3239 852 3296 suorum
894 3215 1168 3294 remissionem
1210 3217 1499 3324 peccaminum.
1535 3214 1734 3295 &eterni
1774 3213 1902 3320 patris
1944 3213 2097 3294 miseri·

113 3373 117 3382 ·
223 3383 226 3388 -
291 3321 472 3406 cordiam
501 3322 821 3434 promerendam.
863 3325 1050 3434 predium
1080 3329 1265 3407 suumin
1309 3324 1608 3436 gudstenthorp
1657 3350 1748 3405 cum
1794 3323 1997 3403 uniuersis
2026 3343 2097 3433 apt

292 3433 489 3545 pendiciis
517 3436 599 3516 suis
626 3435 865 3516 alucstrcnsi
898 3438 1143 3518 monasterio
1172 3454 1372 3546 perpetuo
1400 3435 1643 3518 tradiderint
1671 3430 1987 3544 possidendum,
2016 3435 2095 3515 Te·

291 3563 373 3629 stes
400 3545 523 3628 huius
549 3544 787 3628 donacionis
815 3563 911 3628 sunt
938 3548 1104 3656 cognati
1132 3553 1171 3629 &
1198 3550 1322 3630 vicini
1349 3575 1502 3630 eorum.
1534 3552 1576 3627 &
1605 3542 1879 3657 prouinciales
1907 3547 2093 3626 uniuersi.

200 3719 207 3742 .
292 3655 507 3739 Dictorum
536 3658 661 3766 igitur
687 3658 868 3737 virorum
897 3657 1161 3742 donacionem
1196 3661 1436 3740 auctoritate
1471 3675 1610 3740 nostra
1654 3659 1808 3739 firmam
1850 3659 2100 3740 monasterio

291 3767 559 3879 stabilemque
588 3768 718 3850 facere
750 3765 944 3850 volentes.
972 3799 1024 3853 ne
1052 3798 1243 3879 processu
1271 3769 1467 3880 temporis
1495 3771 1719 3879 inportuna
1739 3767 1976 3878 calumpnia
2006 3797 2129 3885 pos·⁸

292 3879 346 3962 sit
374 3879 570 3962 reuocari.
607 3879 746 3972 ‚faeere
773 3879 863 3960 hoc.
893 3880 1077 3989 mandarj
1120 3882 1267 3963 litteris
1300 3883 1485 3969 volumus
1514 3879 1704 3990 &sigilli
1738 3880 1873 3961 nostri
1908 3882 2102 3963 munimi-

291 3993 347 4073 ne‘
375 3991 573 4099 roborari.
603 3993 848 4102 Quicunque
877 3989 1002 4100 igitur
1042 4011 1183 4084 contra
1215 4019 1376 4102 presens
1404 3993 1612 4103 scriptum.
1642 4018 1743 4074 ausu
1764 3993 1990 4076 temerario
2003 4019 2104 4075 oon-

291 4101 418 4184 traire
445 4104 744 4213 presumpserit.
773 4103 1064 4213 omnipotentis
1092 4103 1161 4212 dej
1189 4103 1408 4186 vindictam
1437 4110 1478 4185 &
1504 4124 1738 4189 sanctorum
1772 4101 1874 4202 eius.
1910 4131 1991 4190 nec
2021 4133 2108 4190 non

293 4217 337 4296 δι
362 4215 492 4296 nostri
518 4211 644 4324 gladii
670 4214 883 4299 victorem.
910 4241 952 4298 se
981 4217 1154 4301 Nouerit
1179 4217 1451 4299 incursurum.

336 4589 363 4666 *l
384 4586 400 4648 1
418 4607 457 4652 ea
477 4589 629 4656 edmund
647 4590 832 4659 vidimatiou
851 4593 890 4658 al
903 4587 1050 4678 dstgdtha
1071 4593 1272 4678 tagmnnen
1293 4591 1386 4658 Krmr
1406 4589 1562 4658 tonum:
