4406 5966
743 407 899 534 ’.··-
1008 397 1262 538 7'09'2*

143 649 462 765 supradiximus,
492 647 712 734 obliuionis
740 647 934 732 iacturam
963 645 1199 758 frequenter
1226 635 1423 749 scnciun‘t,
1437 641 1523 758 nisi·
1543 649 1938 742 munimenmstit'te·

143 791 283 848 rarum
313 763 541 873 alligentur,
571 760 722 843 ideirco
753 773 976 868 presentem
1003 785 1095 839 cum
1124 758 1472 868 siggillimeivna
1487 790 1578 845 cum
1606 759 1767 877 siggillo
1797 793 1940 877 supra·
2028 813 2032 824 ·

144 876 240 959 dicti
270 874 423 956 domini
451 876 511 954 lo,
539 871 714 970 abbatis,
744 869 965 950 munimine
984 867 1083 951 duri
1097 869 1373 952 roborandam
1400 901 1452 956 ne
1479 873 1619 984 supra·
1638 872 1832 987 pactione
1844 905 1940 988 pre·

13 1003 18 1010 '
141 988 250 1069 missi
277 987 405 1095 possit
433 984 690 1096 aliquatenus
719 981 762 1063 in
791 999 997 1091 posterum
1025 977 1205 1062 dubitari
1232 981 1364 1064 valete
1392 985 1436 1065 in
1464 983 1641 1071 domiuo.
1762 1056 1767 1064 ,
1804 1024 1812 1038 ν

637 1121 685 1186 Pe
705 1120 878 1185 macidane
899 1121 1035 1185 Domine
1055 1117 1201 1183 christine
1221 1116 1262 1184 de
1282 1120 1440 1206 landaeyo.

131 1195 268 1382 fsigrpn
289 1236 449 1383 angnia
469 1237 512 1322 pa
526 1233 981 1384 uverghnmueumbpeon
1006 1233 1124 1380 upupa
1150 1233 1283 1382 rippa
1304 1237 1318 1334 ⁵.
1337 1237 1528 1357 tinktpingg
1550 1257 1569 1302 η
1590 1239 1767 1358 somenae
1789 1241 1808 1306 s
1828 1241 1937 1338 Albe

180 1323 541 1487 {prpppppapavgspgp'g
558 1319 753 1468 phadardreetme
773 1315 834 1404 (ett
889 1327 1017 1384 omsters
1051 1337 1165 1394 n,m
1237 1337 1401 1401 emungen
1421 1363 1430 1383 .
1452 1365 1461 1386 .
1482 1342 1520 1387 m.
1541 1343 1603 1389 mu.
1623 1343 1651 1390 a.
1671 1322 1793 1411 rura-l·
1812 1325 1938 1392 arom.

28 1909 33 1922 ¹
143 1765 275 1912 857·
773 1770 921 1878 1262
970 1767 1018 1876 d.
1068 1770 1152 1922 28Ι
1186 1772 1307 1918 Maj.
1563 1830 1566 1840 ·
1614 1811 1617 1822 ·
1674 1771 1936 1932 Bbrringe..

220 1947 287 2052 llru
306 1987 422 2054 Eccum
442 1987 650 2056 Nusoorrsm
670 1989 864 2056 Testamente
884 1990 923 2054 ai
937 1971 1099 2074 sina‘gods
1118 1992 1130 2054 i
1150 1985 1253 2056 Skdne
1273 2011 1316 2056 m.
1335 1965 1386 2056 m'
1398 1965 1615 2104 till'lliipiingc
1635 2011 1678 2057 m.
1697 1986 1736 2057 fl:
1749 1995 1875 2060 kloster.
1933 2088 1938 2098 1

434 2179 438 2198 ¹
802 2197 808 2206 ¹
1496 2145 1500 2159 ν
1628 2101 1663 2168 ln
1684 2098 1724 2168 io:
1743 2113 1805 2218 97}
1915 2201 1918 2208 ι

1 2305 5 2316 .
152 2245 197 2310 -ιί
305 2237 356 2324 lb
380 2246 543 2328 nonvine
574 2242 702 2352 patris
728 2247 769 2324 ct
797 2229 869 2324 lilii
897 2243 939 2325 et
964 2244 1131 2353 spiritus
1173 2237 1302 2326 sancti
1329 2248 1473 2328 limen.
1537 2247 1626 2354 Eg'o
1652 2247 1824 2330 Estr'idis
1852 2247 1936 2330 illia

4 2419 7 2426 .
138 2357 313 2437 Domini·
331 2355 488 2437 Nicolai
515 2353 588 2436 lilii
614 2349 847 2453 Alexandri,
874 2357 1073 2463 presentis
1100 2354 1184 2437 vite
1211 2355 1400 2466 ambigue
1428 2373 1468 2440 et
1497 2357 1640 2438 mortis
1667 2357 1844 2441 affuture
1871 2361 1935 2442 in·

136 2467 325 2576 ambigue
352 2461 438 2546 no'n
466 2468 693 2562 immemor,
721 2463 889 2546 liberam
917 2493 1096 2548 mearum
1125 2463 1470 2575 disponendarum
1511 2493 1648 2549 rerum
1675 2465 1845 2550 habens,
1890 2495 1935 2552 o·

135 2593 343 2674 testatem,
371 2577 489 2658 nulla·
510 2589 682 2692 urgente
709 2573 961 2692 egritudine,
989 2576 1059 2660 sed
1087 2574 1141 2658 de
1165 2577 1276 2658 bone
1318 2578 1529 2660 voluntate
1557 2595 1598 2664 ct
1625 2577 1749 2689 plena
1788 2498 1937 2690 preba-

133 2687 222 2770 bita
246 2687 543 2788 deliberatione
571 2689 856 2768 testamentum·
880 2715 1011 2768 meum
1027 2683 1193 2768 condidi
1220 2688 1263 2768 in
1291 2687 1400 2770 hunc
1415 2687 1593 2798 modum.
1613 2691 1670 2786 ¹In
1689 2691 1830 2798 primis
1857 2691 1935 2800 igi·

132 2795 226 2897 tur,
246 2799 315 2889 ad
337 2801 413 2881 Dei
431 2813 493 2880 ’et'
509 2795 779 2880 beateiblarie
798 2799 975 2908 uirginis
1000 2798 1227 2894 bonorem,
1251 2807 1312 2880 uc?
1326 2823 1516 2882 meorum,
1550 2802 1827 2911 peccaminum
1869 2825 1933 2884 re·

91 2923 94 2930 “
132 2907 827 3008 missionem-‘contuli:etuscotavi
849 2909 893 2988 in
921 2907 986 2990 dic
1013 2925 1150 2993 sancte
1172 2911 1434 2994 'Pentecoetcs
1460 2938 1598 2994 coram
1626 2912 1782 3000 clericis
1803 2910 1934 3002 etlai-

5 3024 8 3032 ’
129 3023 213 3122 cis,
239 3023 314 3132 'qui
336 3017 492 3104 'ibidem
519 3018 709 3132 adoranti
738 3020 872 3102 omnia
901 3019 1009 3100 bone
1039 3047 1146 3117 mea,
1165 3022 1328 3129 quein
1355 3022 1499 3105 Scania
1528 3021 1700 3132 possedi,
1729 3023 1775 3102 in
1803 3020 1936 3114 domi·

125 3135 223 3229 bue,
252 3135 296 3213 in
324 3135 442 3214 terris
470 3150 512 3214 et
538 3131 791 3229 nemoribus,
821 3129 1009 3214 Claustra
1036 3131 1396 3215 sanctimonialium
1425 3133 1469 3214 in
1497 3131 1730 3244 Byrtbingi,
1761 3134 1932 3242 insuper

124 3247 168 3328 in
205 3242 395 3325 Selandia
427 3243 552 3351 Salby
581 3259 623 3326 et
650 3247 776 3323 Asum
809 3269 902 3327 cnm
927 3243 1116 3324 omnibus
1129 3243 1212 3324 suis
1241 3243 1464 3325 attinentiis
1491 3242 1642 3326 ibidem
1670 3243 1826 3328 contuli
1838 3251 1934 3352 peri

6 3347 14 3358 ’
126 3357 238 3438 fecte
263 3353 496 3439 etdonavi.
526 3357 711 3435 Pretcrea
739 3351 964 3434 Kalslnnde
995 3352 1309 3451 ethbterleuoe,
1338 3365 1420 3465 quc'
1447 3356 1490 3436 in
1519 3352 1707 3440 Sclandia
1750 3353 1935 3464 possedi,

130 3495 226 3550 cum
254 3461 441 3548 omnibus
468 3467 550 3546 suis
576 3465 797 3546 attinentiis
832 3463 988 3545 contuli
1028 3483 1082 3546 et.
1109 3465 1263 3548 scotavi
1280 3465 1480 3548 ¹Clau'stro
1509 3463 1764 3551 dominarum
1792 3483 1930 3548 sancte

4 3577 9 3588 '
130 3579 252 3660 Clare
281 3573 505 3673 Roskildis,
533 3574 610 3657 sub
639 3575 715 3657 hac
743 3568 891 3673 salma,
919 3591 966 3656 ut
993 3602 1044 3656 ex
1071 3574 1222 3658 eisdem
1235 3575 1355 3658 bonis
1383 3577 1594 3660 solvantur
1608 3575 1782 3666 ducente
1798 3603 1932 3660 marce

129 3688 410 3784 denariorum,
439 3714 520 3796 que
546 3684 646 3768 locis
674 3684 904 3815 relligiosis,
933 3686 1219 3795 hospitalibus,
1255 3702 1296 3768 ct
1313 3687 1513 3785 ecclesiis,
1541 3687 1764 3770 secundum
1792 3684 1932 3797 dispo·

30 3857 37 3863 -
129 3801 320 3882 sitioncm
349 3796 487 3880 dilecti
515 3799 677 3906 cognati
705 3824 784 3877 mer
817 3796 961 3878 fratris
1002 3797 1186 3894 Astradi,
1230 3795 1281 3880 de
1310 3795 1454 3880 ordine
1487 3798 1660 3878 fratrum
1701 3800 1932 3897 minorum,

129 3907 444 4012 distribuantur.
486 3909 577 3990 Istis
605 3923 739 3989 autem
782 3909 867 3988 rite.
899 3905 1114 4015 ordinatis,
1156 3910 1252 3990 vovi
1280 3925 1320 3990 et
1349 3912 1393 3990 in
1420 3911 1647 3990 continenti
1676 3906 1836 3992 reddidi
1865 3937 1930 4010 me

128 4016 259 4132 ipsam
274 4009 478 4102 *Claustro
505 4017 866 4103 sanctimonialium
886 4021 939 4099 ‘in
956 4017 1181 4130 Blntlimgi,
1209 4019 1401 4130 qvalndiu
1415 4036 1617 4128 superstes
1638 4047 1745 4119 sum,
1775 4021 1866 4124 Dap
1884 4033 1927 4102 et

128 4131 250 4239 beate
278 4131 403 4229 Marie
431 4131 580 4242 virgini
607 4133 864 4228 servituram,
891 4131 1075 4216 habitum
1103 4131 1323 4214 secularem
1337 4156 1473 4210 coram
1503 4133 1689 4214 omnibus
1720 4128 1928 4242 deponen-

129 4242 206 4342 do,
232 4224 281 4325 ¹et
308 4238 492 4326 habitum
521 4244 661 4324 Sancti
689 4234 897 4323 Benedicti
924 4218 1420 4334 ind'uendo.„Executores
1447 4258 1583 4324 autem
1603 4245 1803 4351 presentis
1831 4240 1929 4323 facti
1957 4283 1960 4290 ⁴

127 4355 210 4434 mei
237 4372 280 4437 et
307 4353 537 4436 testamenta·
565 4352 752 4435 ordinavi
782 4353 999 4435 Dominum
1028 4353 1225 4434 Jaccbum
1252 4351 1612 4461 Archiepiseopum
1649 4352 1925 4454 Lundenscm,

1 4489 54 4514 ’··
128 4477 170 4542 et
188 4464 418 4558 Dominum
433 4462 657 4561 Erlapdum
685 4461 864 4574 ejusdem
893 4464 972 4546 loci
1006 4463 1366 4566 Arcbidiaconum,
1394 4478 1437 4544 et
1464 4464 1685 4569 Dominum
1711 4464 1925 4555 Nicolaum

127 4563 346 4674 Ondaesun,
374 4575 617 4687 supplicans,
640 4575 788 4660 eisdem
814 4576 859 4657 in
888 4573 1066 4673 domino,
1094 4591 1294 4686 quatenus
1314 4575 1485 4671 viriliter
1499 4590 1542 4657 et
1569 4575 1766 4684 veraciter
1794 4603 1835 4656 se
1864 4578 1927 4658 in·

73 4685 372 4785 '‘uonittant
400 4703 448 4768 ut
475 4685 550 4780 bec
575 4713 740 4796 presens
768 4685 936 4790 donatio
969 4713 1072 4786 mea,
1099 4686 1274 4796 seposita
1301 4687 1412 4768 omni
1434 4686 1769 4782 contradictione,
1790 4680 1925 4794 'possit

122 4809 233 4874 stare
267 4797 434 4878 firmiter
461 4812 503 4878 ct
530 4799 671 4896 teneri,
699 4825 874 4910 quorum
905 4798 1027 4902 etiarn
1060 4798 1201 4907 sigillis
1244 4793 1465 4879 deliberavi
1493 4813 1536 4878 et
1563 4797 1666 4904 elegi
1695 4812 1921 4904 presentem

118 4905 588 5015 paginamconsignari
643 4909 761 5018 liuga
789 4923 924 4995 autem
966 4934 1106 4995 omnes,
1131 4924 1173 4990 et
1187 4905 1400 5019 lamgulps,
1428 4905 1542 5026 quod
1576 4907 1693 5006 huics'
1714 4905 1926 4988 donationi

118 5043 206 5102 mee
233 5021 326 5106 sint
353 5015 596 5107 favorabiles
622 5017 871 5132 et'benigni,
898 5017 1011 5134 qvod
1025 5023 1153 5132 possit
1180 5021 1263 5110 vim
1280 5018 1441 5106 roboris
1454 5033 1497 5108 ct
1515 5017 1715 5107 firmitatis
1727 5015 1923 5108 obtinere.
