4368 5950
973 419 1030 444 ··-
1142 405 1222 483 190
1307 344 1399 452 ¹'····'
1517 478 1521 484 ¹

291 590 405 700 plum
446 593 761 678 conversationis
802 593 991 694 honeste,
1027 622 1184 678 sumere
1213 599 1366 694 valeas,
1397 623 1545 705 anper
1574 625 1642 678 cos
1671 599 1752 680 vite
1781 614 1850 678 tue
1876 600 2064 694 sinceritas

289 731 314 780 a
347 701 666 784 detractionibus
685 703 909 786 bominum
943 709 996 790 ait
1023 735 1175 790 secura.
1231 705 1408 790 Proinde
1437 737 1459 786 a
1488 708 1607 788 uobis
1649 708 1855 789 humiliter
1884 713 2065 792 11111111-

289 815 466 894 ternitas.
484 811 722 921 postulavit,
747 832 793 899 ut
823 816 941 898 liccat
969 818 1045 900 tibi
1072 817 1124 898 de
1152 846 1410 929 quocumque
1438 819 1721 926 religiosorum
1750 820 1893 903 ordine
1909 848 2065 902 assume·

288 949 333 1002 re
362 923 617 1021 Monachum,
647 927 909 1025 Canonicum,
938 948 1013 1010 aut.
1029 943 1283 1026 conuersum,
1313 957 1416 1039 quos
1444 930 1486 1008 in
1513 945 1582 1008 tue
1613 927 1895 1010 familiaritatis
1918 959 2066 1034 consor.-
2158 969 2162 1000 1

103 1087 117 1100 -
162 1043 164 1048 ’
288 1033 388 1112 tium
416 1035 548 1116 valeas
578 1038 769 1133 retinere,
798 1039 860 1118 vel
890 1040 1130 1148 aliquotiens
1146 1043 1302 1122 mittere
1331 1066 1407 1148 pro
1437 1039 1613 1120 Ecclesia
1642 1058 1711 1120 tue
1727 1040 1969 1132 utilitatibus
1984 1071 2066 1149 pro-

287 1142 488 1226 curandis.
533 1148 616 1227 Nos
656 1151 779 1257 igitur
815 1169 906 1248 vota
945 1167 1034 1246 tua,
1064 1179 1143 1258 que
1173 1149 1223 1230 de
1254 1152 1400 1257 pietate
1429 1148 1655 1259 procedunt
1685 1150 1935 1259 benignitate
1963 1154 2065 1234 solita

287 1275 575 1363 prosequentes
619 1261 855 1363 auctoritate
899 1261 974 1338 tibi
1010 1262 1257 1368 presentium
1293 1259 1563 1368 indulgemus,
1593 1278 1638 1339 ut
1667 1262 1700 1340 si
1729 1262 1805 1342 tibi
1833 1281 1874 1341 et
1906 1264 2066 1343 Ecclesia

285 1382 353 1443 tue
381 1363 528 1448 videris
557 1367 749 1475 expedire
776 1370 891 1449 liceat
919 1371 994 1450 tibi
1023 1368 1073 1449 de
1103 1399 1359 1480 quocumque
1388 1370 1630 1450 Monasterio
1661 1385 1728 1451 tue
1754 1373 1934 1452 Diooesis
1954 1401 2067 1453 unum

284 1472 495 1555 dumtaxat
529 1477 758 1587 religiosum
794 1507 1008 1576 assumere,
1036 1507 1158 1590 quem
1186 1482 1412 1561 litteratura
1441 1478 1607 1576 videris,
1637 1497 1678 1559 ct
1706 1509 1864 1562 morum
1895 1481 2067 1570 honesta·

284 1599 326 1662 te
355 1583 508 1678 fulciri,
537 1587 604 1668 illa
634 1607 765 1690 tamen
796 1588 976 1670 adbibita
1005 1594 1312 1699 temperamenti
1342 1593 1513 1688 cautela,
1543 1588 1657 1700 quod
1673 1618 1747 1698 per
1767 1595 1985 1673 absentiam
2004 1594 2066 1673 ali·

283 1693 401 1801 cujus
431 1697 604 1777 Ecclesia
635 1704 799 1808 proprie
835 1695 985 1780 utilitas
1015 1703 1233 1782 enormiter
1265 1729 1350 1780 non
1380 1702 1548 1782 ledatur.
1581 1701 1730 1781 Datum
1760 1703 1950 1786 Laterani
1971 1705 2099 1783 VIII.-

284 1805 455 1886 Kalend.
487 1809 715 1916 Februarij,
746 1811 1007 1892 Pontificatus
1035 1814 1164 1891 nostri
1193 1814 1313 1890 llnno
1343 1815 1486 1891 Primo.

293 2141 445 2322 rlids,
549 2164 552 2172 ‚
669 2157 707 2286 ·'·
944 2239 1092 2342 1117
1140 2201 1189 2306 d.
1238 2180 1311 2307 3'0
1357 2203 1464 2306 Jan.
1578 2307 1582 2318 ,
1650 2271 1654 2280 ·
1844 2201 2065 2319 Laterau·
2162 2169 2163 2180 i

362 2383 452 2504 Pristi.
470 2419 645 2496 ¹Honouurs
678 2422 746 2482 lllts
778 2381 975 2484 stadlb'stelse¹
996 2424 1034 2506 pa
1057 2423 1261 2486 Gotttandska
1284 2425 1532 2502 Prestcrskapets
1552 2425 1612 2484 och
1636 2424 1813 2504 Allmogens
1835 2426 1941 2506 gemla
1962 2384 2062 2487 diver·

412 2501 632 2564 enslrommelsc
654 2502 725 2563 med
746 2505 895 2588 Biskopeu
918 2508 927 2564 i
951 2506 1123 2588 Linlu'iping
1143 2506 1377 2585 omdelningeu
1400 2507 1437 2565 al
1459 2511 1530 2566 dens
1553 2505 1665 2566 tionde.

1308 2621 1328 2672 F
1361 2621 1445 2675 1:31.
1486 2619 1583 2672 Anti·
1608 2617 1659 2689 Ep.
1684 2637 1743 2690 ²¹7·
1785 2619 1821 2674 K.
1840 2637 1862 2673 e.
1885 2622 1942 2673 168.
2026 2695 2029 2702 Δ
2161 2637 2163 2650 ·

444 2710 646 2853 Honorius
673 2763 745 2836 811.
776 2703 941 2838 Dilectis
959 2757 1064 2859 filius
1091 2707 1208 2836 Claro
1232 2777 1267 2834 et
1299 2758 1453 2864 Populo
1481 2757 1529 2834 <lc
1553 2743 1786 2834 Gattlartdt'n.
1804 2755 1980 2835 tl'alaram
1998 2747 2060 2835 tic
2162 2773 2163 2806 r

443 2902 565 2979 Justis
594 2902 816 3008 petentium
844 2905 916 2981 &c
945 2924 1066 3009 nsque
1094 2925 1273 2994 assensu,
1290 2899 1620 3006 compositionem
1635 2924 1756 3006 super
1772 2896 2062 2982 destributione

276 3009 518 3091 decimarum
547 3013 671 3091 totius
700 3028 806 3090 terre
834 3008 967 3090 vestre
996 3013 1216 3106 intervos,
1245 3028 1286 3091 et
1313 3008 1583 3089 venerabilem
1610 3007 1778 3087 fratrem
1806 3027 2060 3090 nostrum...

277 3121 570 3229 Lincopensem
601 3123 845 3228 Episcopum
874 3121 925 3202 de
955 3149 1131 3215 assensu,
1160 3138 1200 3199 et
1228 3123 1469 3200 auctoritate
1497 3118 1750 3199 Venerabilis
1779 3117 1918 3200 fratris
1941 3121 2061 3202 nostri

276 3230 503 3311 Lundensis
531 3233 835 3341 Archiepiscopi
864 3231 1128 3312 amicabiliter
1157 3231 1317 3325 initam,
1346 3232 1450 3310 sicut
1478 3231 1562 3308 sinc
1592 3231 1793 3336 pravitate
1816 3228 1990 3339 provide
2010 3229 2062 3309 la·

274 3358 340 3421 cta
367 3358 445 3440 est,
474 3360 514 3422 et
542 3345 594 3425 ab
627 3361 797 3453 utraque
825 3362 940 3452 parte
969 3359 1113 3450 sponte
1142 3357 1323 3449 recepta,
1352 3358 1392 3420 et
1422 3342 1556 3420 multis
1585 3342 1835 3447 temporibus
1863 3341 2060 3449 approba-

274 3466 336 3549 ta,
378 3470 418 3532 et
461 3455 501 3532 in
536 3454 813 3561 predictorum
847 3453 1169 3562 Archiepiscopi,
1210 3471 1248 3532 et
1278 3453 1468 3560 Episcopi
1498 3452 1640 3531 litteris
1669 3449 1819 3532 dicitur
1846 3453 2060 3547 contineri,

275 3567 512 3644 auctoritate
548 3564 765 3672 apostolica
800 3567 1101 3662 confirmamus,
1131 3579 1176 3644 et'
1196 3564 1393 3671 presentis
1421 3562 1560 3671 scripti
1588 3563 1815 3668 patrocinio
1843 3565 2060 3644 communi-

273 3703 370 3754 mus.
430 3674 540 3755 Nulli
568 3704 666 3784 ergo
695 3681 768 3759 &c
797 3678 903 3758 hanc
934 3679 1121 3785 paginam
1151 3693 1286 3756 nostre
1315 3673 1629 3755 confirmationis
1657 3670 1875 3782 infringere
1904 3681 1979 3756 811.
2023 3676 2059 3754 Si

273 3787 363 3894 quis
392 3800 524 3865 autem
551 3791 623 3866 &c
683 3789 832 3869 Datum
860 3789 1046 3867 Laterani
1075 3787 1195 3867 tertio
1224 3785 1428 3866 Kalendas
1456 3786 1648 3866 Februar.
1675 3784 1823 3864 Pontis.
1838 3787 1969 3866 nostri
1984 3789 2059 3870 An-

272 3927 326 3979 no
354 3897 499 3979 Primo.

255 4145 452 4302 169.Δ
812 4147 817 4166 ’
911 4195 1055 4298 1217
1107 4153 1155 4258 d.
1213 4195 1229 4258 1
1284 4137 1430 4260 Febr.
1700 4107 1704 4115 Ι
1830 4153 2056 4255 Laterau.

357 4383 446 4447 Pdsv.
481 4381 641 4444 Hoaonurs
674 4382 716 4441 lll
750 4381 798 4440 till
832 4375 1013 4440 tale-Bisk.
1036 4379 1044 4436 i
1067 4376 1188 4458 Upsala
1208 4387 1288 4436 sumt
1313 4377 1374 4436 1111
1398 4375 1497 4453 under
1519 4375 1631 4434 bonnm
1653 4372 1712 4433 och
1730 4311 1913 4432 isle-Bet.
1935 4375 1945 4432 i
1968 4371 2055 4434 Lund

322 4455 331 4514 s
410 4464 544 4546 lydande
567 4465 727 4546 Bislopar,
749 4483 799 4522 om
818 4463 878 4522 den
899 4459 1076 4522 sistna‘mdee
1098 4459 1144 4520 viil
1167 4459 1333 4541 uppfyllda
1354 4457 1412 4518 ocb
1435 4479 1495 4538 nye
1517 4455 1659 4518 erhdllne
1680 4453 1889 4515 fdrtroenden.

440 4647 639 4727 Honor-ius
668 4651 786 4752 Papa
815 4643 896 4721 Ill.
934 4642 1097 4746 Iff'olrrr'o
1125 4643 1334 4749 lssrsolcnsi
1362 4639 1658 4747 Archr'cpiscopo
1693 4659 1729 4714 ct
1761 4565 2054 4740 diffinimus-at·

468 4762 548 4836 suis
576 4761 616 4835 8c
644 4753 849 4867 Episcopus
869 4781 946 4867 per
974 4751 1219 4832 tardantem
1248 4752 1515 4830 Prouinciam.
1531 4753 1763 4830 constitutis.
1820 4794 1833 4862 ι·
2156 4771 2157 4774 ’

435 4899 472 4975 ls
501 4898 573 5006 qui
600 4897 696 4978 facit
723 4894 899 5008 Angelos
926 4921 1020 4974 suos
1049 4893 1230 5000 Spiritus
1250 4919 1342 4971 cum
1368 4890 1516 4998 singuli
1545 4893 1624 4971 sint
1652 4889 1703 4971 ad
1738 4888 1956 4968 ministeria
1985 4883 2050 4964 de·
2155 4927 2156 4930 ¹

158 5015 163 5036 ¹
268 5009 399 5117 putati
428 5030 502 5117 per
530 5032 599 5085 cos
627 5023 817 5115 operatur
840 5025 924 5086 ¹suae
951 5004 1226 5117 dispositionis
1254 5029 1463 5098 arcanum,
1493 5002 1680 5124 idemque
1709 5027 1812 5081 vnus
1837 4997 1992 5086 stabilis
2013 5001 2051 5078 &
