4382 5964
982 387 1435 572 gns..

333 709 373 785 &
400 693 658 783 concedimus
686 695 800 808 quod
824 693 1015 788 dominus
1040 698 1235 810 ⁴magister
1262 693 1448 812 mariscas
1475 697 1516 778 &
1549 693 1715 778 eandem
1751 697 1926 782 habituri
1950 697 2080 814 abipso

333 811 481 896 dictam
509 807 675 891 domum
703 809 807 890 Cum
834 797 1029 920 'granchia
1057 799 1218 918 jardino
1246 813 1288 889 &
1315 795 1576 918 pertinenciis
1613 809 1785 920 quietam
1813 816 1853 894 &
1880 809 2027 892 liberam
2045 817 2081 897 ah
2146 911 2147 914 g

238 960 242 967 ·
332 925 445 1007 omni
472 949 597 1004 onere
626 937 887 1032 preterquam
913 919 965 1002 de
993 947 1063 1004 sex
1101 918 1278 1002 denariis
1315 918 1583 1002 censualibus.
1630 918 1795 1004 domino
1823 922 1921 1033 Regi
1950 923 1988 1002 in
2009 923 2081 1008 lecto

234 1125 237 1136 ,
330 1035 440 1118 beati
468 1033 643 1142 Remigij
671 1033 878 1114 annuatim
906 1030 1139 1116 Reddendis
1167 1049 1304 1113 tenere
1346 1032 1503 1141 possint
1545 1033 1589 1112 in
1623 1033 1748 1116 manu
1776 1053 1932 1116 mortua
1958 1035 2080 1144 inpar

330 1163 499 1258 petuum
528 1151 568 1224 &
596 1145 762 1253 pacilioe
788 1141 997 1253 possidere
1024 1146 1111 1224 sine
1139 1144 1349 1246 conatione
1377 1141 1580 1224 vendendi
1607 1144 1673 1226 uel
1689 1162 1802 1250 extra
1823 1173 1981 1228 manum
2004 1174 2082 1228 suan

254 1281 258 1288 ’
362 1256 513 1339 onendi
541 1254 607 1336 uel
637 1259 762 1362 eciam
789 1255 946 1366 aliquas
974 1254 1125 1338 vendas
1153 1271 1222 1336 aut
1251 1254 1509 1336 Redibentias
1524 1253 1621 1335 alias
1642 1252 1846 1339 decadem
1859 1258 2082 1340 domoGran

329 1289 421 1454 <iria
449 1366 613 1477 jardino
642 1361 961 1476 &pertinentiis
997 1365 1256 1479 persoluendi
1284 1367 1318 1446 si
1345 1383 1481 1448 tamen
1509 1393 1596 1448 eam
1639 1367 1763 1450 vendi
1805 1371 2082 1476 contingentia

171 1513 190 1556 ·.
330 1481 517 1562 futurum
546 1479 669 1560 salua·
688 1477 729 1560 8c
756 1479 929 1559 Retenta
945 1475 1109 1560 domino
1138 1479 1239 1587 Regi
1271 1478 1317 1559 in
1344 1475 1451 1560 dicta
1479 1474 1602 1559 domo
1624 1475 1727 1560 Cum
1741 1479 1937 1592 granchia
1962 1479 2082 1588 jardino

156 3585 161 3598 '
218 3597 222 3602 ·
325 3571 418 3653 dam
452 3571 696 3680 lincopensis
724 3573 938 3683 episeopus
967 3569 1066 3654 dicti

240 1607 242 1614 ‘
329 1600 370 1676 &
398 1591 658 1700 pertinenciis
686 1586 916 1671 omnimoda
945 1588 1023 1670 alia
1052 1590 1208 1670 iusticia
1237 1593 1279 1672 &
1306 1588 1421 1672 saluo
1449 1589 1492 1671 in
1521 1586 1613 1670 aliis
1635 1589 1726 1699 jure
1755 1589 1912 1674 domini
1939 1593 2083 1702 Regis&

329 1703 419 1810 jure
448 1704 493 1784 in
521 1699 709 1782 omnibus
738 1699 870 1782 alieno
885 1698 1011 1806 Quod
1040 1717 1087 1781 ut
1115 1701 1262 1782 Ratum
1292 1707 1332 1782 ssr
1359 1699 1503 1782 stabile
1517 1718 1750 1808 permaneat
1778 1707 1821 1786 in
1837 1703 2009 1788 futurum
2021 1733 2082 1810 pre·

330 1831 464 1898 sentes
491 1814 646 1894 litteras
673 1811 805 1922 sigillo
833 1814 961 1920 Regio
989 1841 1073 1923 quo
1099 1813 1250 1893 vtimur
1278 1807 1445 1895 fecimus
1474 1809 1642 1919 sigillari
1669 1828 1804 1898 actum
1831 1816 1984 1926 parisiis
2008 1841 2083 1894 anno

191 1967 198 1978 ⁴
330 1925 486 2009 domini
514 1924 723 2005 lllillesimo
751 1922 1026 2052 ducentesimo
1054 1925 1301 2032 octogesimo
1329 1921 1499 2028 Quinto
1517 1950 1652 2008 mense
1680 1923 1866 2036 augusto.

333 2131 466 2330 809.
782 2099 783 2106 ¹
979 2113 1227 2293 saliis.
1268 2189 1306 2292 5
1354 2186 1487 2331 Aug.
1644 2315 1653 2327 ἱ
1929 2181 2084 2334 Upsale.

409 2404 547 2472 Utvalde
568 2363 748 2478 irie-Bisl.
769 2402 900 2480 Maccus
921 2407 966 2470 Bo
983 2428 1036 2470 ons
1056 2404 1366 2489 Tiltksnnagtfvande
1387 2415 1432 2468 att
1452 2403 1513 2466 den
1544 2401 1615 2467 lerd
1646 2405 1760 2491 Bislrop
1780 2404 1826 2468 Bo
1847 2405 1859 2468 i
1880 2405 2035 2490 Linlo'ping
2050 2404 2084 2465 li-

460 2428 1412 2637 tttntt‘l.lltllssltttfillsttllltltlttt
1434 2485 1702 2655 iilimlsslllg
1726 2489 1789 2637 eis
1803 2491 1960 2574 ΨΜ
1978 2489 2083 2567 aaa,

1848 2651 1883 2708 B.
1901 2655 1927 2710 3:
1944 2655 1983 2709 50.

453 2793 456 2801 ’
493 2793 546 2874 ln
575 2789 739 2873 nomine
775 2789 930 2873 domini
959 2797 1099 2885 Amen.
1129 2797 1248 2874 Anno
1275 2790 1431 2884 domini
1458 2789 1668 2872 Millesimo
1697 2787 1946 2872 CCLXXX.
1971 2791 2081 2898 quinte

324 2931 418 2987 non.
449 2903 611 3014 augusti
639 2903 724 2984 Nos
752 2930 922 3011 magnus
950 2900 1017 2984 dei
1038 2905 1185 3016 ⁴gracia
1212 2903 1367 2986 electus
1395 2901 1629 3011 Vpsalensis
1644 2899 1909 2983 confirmatus
1936 2925 2083 3011 procon-

325 3017 555 3100 sccracione
583 3029 721 3096 nostra
749 3013 886 3096 lundis
926 3014 1024 3096 ituri
1067 3031 1338 3126 protestamur
1380 3013 1617 3122 simpliciter
1645 3028 1688 3094 et
1721 3011 1897 3094 latemur
1940 3034 2083 3120 expresse

325 3125 439 3238 quod
466 3122 708 3207 venerahilis
736 3141 854 3235 pater
883 3123 1070 3208 dominus
1099 3127 1181 3209 boo
1210 3126 1453 3237 lincopensis
1494 3125 1707 3235 episcopus
1735 3151 1820 3207 non
1848 3141 2006 3206 tenetur
2034 3144 2083 3200 nos

324 3239 440 3350 sequi
468 3238 545 3322 hac
572 3235 659 3318 vice
688 3235 823 3326 lundis
858 3265 935 3348 pro
962 3239 1270 3336 consecratione
1299 3255 1436 3320 nostra
1464 3234 1705 3346 optinenda.
1755 3235 1824 3318 Set
1853 3238 1889 3316 si
1906 3234 2014 3320 wforte
2035 3255 2084 3310 nos

276 3442 281 3450 ,
322 3367 489 3462 sequtus
517 3348 641 3448 fuerit
674 3345 753 3429 hoc
783 3347 902 3446 saciet
935 3347 988 3431 de
1016 3345 1240 3445 affectuosa
1268 3363 1309 3429 et
1337 3349 1514 3459 gratuita
1549 3376 1630 3458 qua
1672 3348 1780 3428 circa
1805 3373 2014 3466 personam
2035 3367 2084 3420 ne

213 3511 221 3531 .
322 3463 447 3542 stram
475 3457 651 3544 aflicitur
677 3460 899 3543 voluntate.
963 3462 1069 3541 ltem
1128 3463 1192 3542 uia
1225 3460 1468 3557 venerahilis
1508 3475 1627 3570 pater
1664 3455 1866 3542 dominus.
1913 3461 1961 3540 H.
1988 3479 2084 3584 quon·

1093 3491 1247 3656 Homini
1275 3572 1361 3654 boo
1386 3575 1614 3654 antecessor
1629 3565 1887 3652 immediatus
1914 3570 2084 3653 domnum

324 3684 519 3765 iacobum
548 3695 685 3763 sancte
714 3685 905 3765 memorie
932 3699 1224 3766 antecessorem
1252 3702 1433 3765 nostrum
1473 3683 1702 3792 proximum
1746 3679 1887 3763 lundis
1930 3677 2085 3790 sequeba-

321 3814 390 3877 mr
419 3821 496 3916 pro
524 3795 832 3876 consecracione
859 3795 986 3904 ipsius
1015 3789 1168 3876 domini
1196 3794 1336 3876 Jacobi
1364 3791 1588 3904 optinenda
1617 3791 1751 3874 Timet
1771 3791 1909 3876 dictus
1937 3790 2087 3874 dominus

232 3929 235 3942 ·
321 3907 416 3986 boo.
447 3933 498 4000 en
526 3903 760 4016 huiusmodj
791 3906 888 3988 bino
922 3921 1017 3988 actu
1045 3907 1123 4004 sibi
1151 3921 1192 3987 et
1217 3906 1385 3987 ecclesie
1411 3933 1482 3987 suc
1511 3904 1737 4012 lincopensi
1765 3930 1884 4013 posse
1914 3906 1956 3984 in
1983 3915 2087 4013 poste·

322 4031 415 4098 mam
441 4013 710 4126 preiudicium
738 4018 920 4128 generari
948 4018 1033 4098 Nos
1060 4018 1185 4126 igitur
1214 4017 1397 4126 predicto
1413 4014 1578 4111 dominc
1599 4015 1666 4111 bo.
1697 4016 1860 4127 suisque
1882 4011 2102 4097 successori.

321 4127 400 4209 bus
428 4143 470 4208 et
498 4125 663 4224 ecclesie
693 4127 916 4239 lincopensi
944 4155 1163 4238 precauere
1200 4127 1391 4210 volentes.
1435 4143 1710 4238 protestamur
1755 4127 1923 4236 publice
1951 4143 1989 4207 et
2012 4123 2088 4206 fate·

322 4265 415 4320 mur
445 4265 632 4353 expresse
660 4239 773 4348 quod
803 4269 853 4322 ex
881 4239 1111 4322 huiusmodi
1139 4239 1238 4320 bino
1267 4258 1360 4322 actu
1388 4239 1545 4324 nullum
1564 4239 1642 4320 sibi
1663 4236 1731 4318 uel
1769 4240 1853 4319 suis
1881 4235 2088 4320 successori·

321 4351 400 4433 bus
427 4379 498 4434 seu
527 4349 691 4432 ecclesie
718 4353 944 4461 lincopensi
973 4347 1241 4462 preiudicium
1271 4365 1498 4459 generetur.
1528 4351 1634 4432 item
1662 4348 1697 4430 si
1723 4351 1945 4458 contigerit
1973 4341 2089 4431 nosad

321 4465 455 4572 carries
485 4487 555 4543 seu
584 4465 772 4571 grangias
801 4461 998 4573 sepedicti
1026 4461 1181 4545 domini
1213 4460 1279 4544 bo.
1323 4460 1526 4558 diuertere
1555 4477 1596 4544 et
1626 4462 1713 4570 ipse
1740 4461 1785 4541 in
1812 4463 1869 4541 cis
1897 4461 2014 4543 nobis
2038 4456 2090 4535 ali·

321 4597 405 4682 qua
432 4575 650 4655 necessaria
680 4574 962 4660 amministrati
988 4574 1149 4672 lecerit,
1178 4589 1448 4682 protestamur
1475 4581 1662 4684 expresse
1690 4570 1803 4680 quod
1823 4571 1946 4654 nobis
1960 4587 1999 4653 et
2022 4593 2090 4650 sut·

208 4691 211 4698 ’
271 4688 274 4696 ’
323 4681 529 4792 eespribus
557 4687 704 4765 nostris
732 4688 896 4777 nomina
923 4685 1145 4814 upsalensis
1186 4686 1350 4778 ecclesie
1387 4684 1548 4772 'nullum
1581 4683 1646 4795 jus
1673 4705 1749 4792 per
1776 4681 1854 4770 hoc
1875 4683 2090 4794 'acquiratur

321 4793 467 4904 similia
493 4795 683 4902 exigendi
712 4826 735 4878 a
761 4799 920 4904 prelato
945 4793 1113 4898 ecclesie
1140 4795 1394 4907 lincopensis.
1423 4795 1571 4880 Ymmo
1600 4793 1900 4878 Renunciamus
1928 4793 2033 4888 omni
2048 4786 2090 4868 el·

322 4905 520 5016 legacioni
549 4922 589 4985 et
615 4909 850 5017 exccpcioni
871 4923 918 4988 'et
946 4910 1057 4991 omni
1085 4911 1184 4990 iuris
1212 4909 1476 5019 acquisicioni
1503 4933 1585 5020 que
1598 4905 1795 4988 nobisucl
1822 4921 1961 4988 nostre
1986 4902 2089 4986 cocle·

321 5019 378 5138 sic
395 5017 563 5212 (piequiri
592 5035 728 5136 posset
757 5021 801 5120 in
829 5019 1095 5130 prciudicium
1123 5017 1288 5120 ecclesie
1316 5016 1559 5129 lincopensis
1586 5033 1636 5104 ex'
1664 5014 1856 5230 predictps
1877 5015 1945 5106 uel
1973 5016 2088 5124 aliquo

313 5153 393 5241 pre
439 5145 606 5228 ntorum.
1053 5225 1055 5232 Ι
1307 5137 1311 5150 ’
1553 5173 1574 5229 ·,
1615 5203 1630 5229 Δ.
1666 5132 1690 5169 ”
1852 5155 1925 5214 10..
