4404 5960
827 459 891 488 ..-
994 413 1102 532 449
1172 461 1243 488 ..-

134 656 268 730 sentes
293 649 370 722 nos
389 633 604 723 ‘dimidiam
632 639 804 724 tertiam·
819 639 1023 722 marcham
1041 657 1156 723 terre
1182 641 1227 722 in
1254 638 1409 740 Rtmbi
1433 642 1694 730 &dimidiam
1714 645 1918 739 merebam

135 759 179 838 in
207 751 582 834 circumiacentibus
609 749 761 858 prediis
788 752 960 832 consilio
988 757 1027 830 &
1058 777 1222 831 assensu
1250 753 1416 836 Domini
1448 756 1582 837 nostri
1620 759 1808 867 Regis&
1834 759 1917 844 fra·

134 867 214 948 tris-
244 860 491 943 Waldemari
526 877 833 968 ceterorumque
860 860 975 967 regni
1002 858 1201 941 nobilium
1227 865 1456 946 testimonio
1483 891 1560 972 pro
1589 866 1751 950 duabus
1774 872 1919 954 marcis

134 992 239 1058 terre
266 978 306 1052 &
332 997 402 1051 sex
421 973 503 1052 oris
530 973 573 1050 in‘
601 969 759 1069 westbir
782 999 873 1052 cum
902 970 1065 1050 domino
1095 974 1215 1052 Petro
1243 971 1393 1054 israelis
1432 972 1640 1082 quondam
1668 978 1750 1060 filio
1779 977 1921 1089 legali·-

134 1101 198 1165 ter
226 1109 318 1164 cum
346 1081 456 1162 fastis
485 1098 758 1162 commutasse.
787 1082 848 1160 Ne
876 1081 1001 1188 igitur
1029 1079 1208 1187 predicte
1223 1085 1534 1164 commutacioni
1553 1079 1768 1197 quisquam
1784 1090 1828 1168 in
1842 1118 1917 1199 po·

135 1209 286 1276 starum
318 1191 520 1272 contraire
547 1205 750 1298 presumat
777 1215 870 1269 eam
906 1189 1132 1298 aliqualiter
1167 1191 1490 1301 calumpniando‚
1518 1215 1721 1302 presentes
1763 1198 1919 1284 litteras

135 1304 179 1383 in
206 1302 478 1382 testimonium
505 1301 685 1381 veritatis
712 1300 851 1408 sigillis
880 1300 1042 1379 Domini
1072 1301 1201 1410 Regis.
1234 1304 1302 1382 W.
1335 1302 1472 1384 fratris
1499 1307 1639 1388 nostri.
1675 1313 1717 1389 ‘St
1745 1311 1918 1395 Domine

134 1411 285 1519 Regiae
313 1411 352 1490 S.
382 1425 608 1506 acnuam,
636 1421 944 1520 ceterorumque
972 1413 1088 1518 regni
1120 1411 1318 1492 nobilium
1360 1414 1499 1520 sigillis
1528 1420 1567 1494 &
1593 1418 1831 1500 testimoniis
1858 1421 1927 1500 ie-v

136 1521 260 1602 cimus
284 1517 482 1600 roborari.
509 1522 656 1601 Actum
684 1519 798 1627 laing
825 1522 868 1599 in
896 1521 1036 1600 castris
1050 1519 1202 1601 domini
1215 1523 1348 1630 Regis.
1373 1526 1494 1605 Anno
1515 1525 1687 1608 Domini.
1701 1528 1916 1613 M0.G0c⁰.-
1977 1540 1982 1555 '
2053 1515 2067 1528 ⁸

134 1628 331 1719 LX⁰.IX⁰.
361 1631 401 1710 ΙΙ
428 1627 508 1709 kal.
535 1629 650 1738 junii.
1354 1629 1357 1634 ’
1570 1677 1574 1686 ·

573 1735 717 1818 sigillent
737 1738 797 1800 Nto
822 1755 847 1816 r,
869 1755 899 1815 a,
920 1737 942 1813 4
961 1736 1113 1817 skadade3
1134 1741 1193 1802 Na>
1214 1739 1244 1818 3,
1265 1737 1285 1800 5
1305 1731 1480 1804 bortlallne.

124 1885 288 2134 nida..
438 1899 442 1906 Ι
774 1901 1426 2118 1269⁸d21s00tiſtr
1641 2083 1643 2088 ,
1748 1975 1916 2089 Lund.
2019 1893 2029 1904 ·

215 2183 426 2268 bkedjtlnen
441 2173 588 2246 ‘Bruma
608 2183 620 2244 i
640 2180 731 2245 Lund
751 2179 945 2248 Testamenta
967 2187 1004 2247 af
1020 2185 1172 2269 eskilliga
1192 2185 1307 2268 gardan
1326 2187 1374 2248 till
1395 2197 1438 2252 ett
1458 2190 1577 2254 altares
1590 2191 1761 2256 inseranda
1781 2195 1918 2267 ibunds

42 2300 47 2308 ·
125 2333 131 2339 ,
266 2267 468 2350 Domkyrka,
488 2264 549 2328 ocb
570 2265 723 2348 dtskilliga
742 2267 883 2349 andeliga
903 2271 1114 2354 ins-attningar.
1625 2352 1648 2406 B
1758 2355 1774 2408 5

1650 2393 1657 2414 .
1678 2371 1706 2408 Η
1725 2371 1757 2410 20
1775 2395 1782 2411 ι

298 2485 435 2594 Super·
454 2485 581 2564 altari
605 2483 769 2565 Domini
791 2460 904 2566 electi
931 2487 1090 2566 erlaudi
1113 2485 1228 2592 quod
1244 2485 1493 2596 presentabit
1531 2487 1709 2568 domitus
1743 2491 1916 2572 orchidi-

242 2682 246 2690 ,
335 2623 481 2676 acomas
513 2593 573 2674 Et
601 2611 876 2676 testamentum
903 2597 1083 2676 ciusdem.
1640 2609 1643 2618 “
1781 2634 1784 2641 ’

299 2704 403 2784 Cum
431 2704 537 2786 diem
564 2704 792 2786 vocacionis
819 2731 888 2785 sue
916 2704 1024 2786 Deus
1058 2704 1245 2796 omnibus
1278 2704 1375 2784 velit
1403 2731 1487 2786 esse
1521 2703 1714 2786 incertam
1746 2707 1807 2786 Ne
1834 2735 1931 2816 per,

134 2812 389 2922 repentinum
434 2816 520 2895 eius
554 2811 772 2894 aduentum
806 2814 1001 2923 impedire
1029 2811 1167 2895 valeat.
1196 2813 1309 2923 quod
1336 2814 1643 2896 misericorditer
1666 2815 1918 2924 largiendum

135 2922 327 3006 decreuit.
357 2923 494 3005 vltime
522 2923 745 3005 voluntatis
785 2925 969 3034 quinon
1011 2923 1118 3013 redit
1151 2925 1243 3032 pius
1271 2923 1435 3005 aflectus
1475 2927 1563 3033 Ego
1603 2925 1803 3009 Erlandus
1825 2927 1918 3008 lun·

135 3033 267 3115 densis
295 3032 599 3114 archidiaconus
629 3036 682 3113 Jn
724 3033 1042 3143 nomine'patris
1070 3039 1109 3114 &
1137 3033 1207 3113 filii
1241 3041 1280 3114 &
1320 3037 1484 3141 spiritus
1525 3032 1663 3114 sancti}
1701 3062 1833 3118 meum
1872 3037 1954 3116 in·

134 3143 243 3224 bunc
272 3142 435 3224 modum
469 3143 600 3225 condo
627 3159 905 3224 testamentum
928 3144 979 3225 ad
1014 3143 1310 3236 edificacionem
1325 3142 1528 3225 cuiusdam
1544 3144 1678 3225 altaris
1693 3147 1735 3224 in
1750 3144 1919 3246 ecelesia

1 3307 3 3325 ·
134 3255 263 3334 sancti
291 3252 506 3360 laurenoij‚
534 3253 605 3334 vbi
632 3254 809 3361 capitulo
824 3253 1011 3335 lundensi
1026 3282 1250 3362 congruum
1272 3252 1484 3335 ‘videbitur
1504 3255 1611 3336 etad
1626 3257 1917 3336 victumsaeer-

134 3362 241 3444 dotis
269 3364 340 3472 qui
361 3361 469 3444 illud.
491 3361 697 3444 officiabit.
719 3391 900 3445 mansum
914 3367 1115 3473 integrum
1130 3393 1249 3473 quem
1277 3392 1351 3472 per
1380 3364 1534 3444 felicem
1551 3363 1861 3446 iratremwmeum
1875 3368 1919 3446 in

133 3472 289 3580 fiaelatge
324 3474 479 3583 inquo
506 3470 685 3580 presidet
711 3473 869 3554 villicus
896 3492 1081 3583 trugotus
1103 3503 1195 3554 eum
1215 3467 1918 3557 omnibus-mobilibus&immobili·
1989 3539 1992 3546 .
2046 3519 2048 3524 ,

133 3583 212 3666 bus
239 3582 368 3664 adme
397 3585 442 3679 in
469 3581 584 3668 dicto¹
605 3609 744 3664 manso
763 3586 1066 3693 pertinentibus¹
1086 3585 1189 3664 Jtem
1217 3601 1299 3664 tres
1327 3581 1571 3692 quadrantes
1598 3587 1641 3664 in
1675 3585 1917 3694 ptndaethorp

134 3703 239 3802 quos
267 3708 377 3773 tenet
403 3691 480 3774 ako
508 3693 688 3775 willicus.
703 3695 746 3774 in
774 3695 927 3776 oriente
943 3697 1067 3804 ipsius
1089 3693 1182 3773 ville
1213 3693 1518 3798 cumjonmibus
1543 3694 1758 3776 mobilibus
1778 3694 1830 3776 ad
1853 3721 1933 3772 me.

134 3797 431 3912 pertinentibus
459 3800 620 3886 ibidem.
653 3805 757 3884 Jtem
784 3833 963 3886 mansum
991 3808 1191 3912 integrum
1220 3829 1340 3912 quem
1368 3802 1499 3883 habeo
1516 3804 1557 3880 in
1572 3804 1823 3912 skrasplingta
1836 3803 1944 3883 ori-v·

131 3911 274 3993 catali.
303 3911 372 3992 vbi
400 3927 493 3994 sunt
507 3912 590 3994 duo
606 3913 741 3995 villici.
759 3943 851 3994 cum
872 3916 1059 3996 omnibus
1074 3914 1290 3994 mobilibus
1305 3913 1357 3994 ad
1371 3941 1433 3992 me
1447 3915 1743 4020 pcrtinentibus
1754 3911 1917 3994 ibidem.
2050 3956 2053 3962 ¹

133 4023 251 4101 Jtem
278 4023 428 4102 curiam
464 4020 710 4106 lundensem.
742 4053 865 4133 quam
892 4028 969 4106 emi
984 4025 1034 4106 de
1049 4021 1264 4104 heredibus
1279 4023 1426 4102 twonis
1447 4021 1662 4102 sacerdotis
1686 4040 1726 4105 et
1744 4019 1918 4112 fundum
2040 4116 2045 4129 ,

134 4132 181 4212 in
208 4159 292 4240 quo
319 4132 395 4210 sita
424 4148 483 4210 est
497 4147 616 4242 stupa
649 4135 691 4214 in
718 4161 800 4244 qua
828 4163 920 4215 cum
934 4136 1050 4216 sociis
1074 4135 1170 4214 meis
1185 4148 1225 4212 et
1241 4131 1400 4214 familia.
1415 4130 1602 4213 balneare
1616 4129 1810 4241 consueuj
1824 4159 1919 4224 eum

134 4241 325 4324 omnibus
349 4241 566 4346 &singulis
594 4240 792 4327 domibus.
822 4245 911 4326 sitis
939 4247 981 4326 in
1009 4243 1144 4325 fundis
1159 4247 1350 4351 atrisque.
1386 4243 1430 4320 in
1458 4242 1595 4350 primis
1609 4241 1664 4325 do
1680 4259 1721 4323 et
1734 4241 1826 4352 lego
1839 4241 1917 4324 sub

129 4353 215 4432 boc
229 4349 352 4432 modo
369 4350 481 4459 quod
497 4350 629 4433 dictus
656 4353 851 4435 sacerdos.
881 4355 1046 4462 singulis
1075 4352 1218 4435 diebus
1238 4351 1446 4433 dominicis
1465 4350 1529 4430 vel
1548 4379 1624 4460 ,per
1637 4353 1742 4435 alios
1762 4353 1840 4434 nisi
1859 4352 1917 4432 le·

134 4461 297 4570 gittimo
325 4465 365 4542 &
392 4464 584 4545 canonico
611 4463 895 4571 impedimento
923 4465 1043 4544 fuerit
1071 4461 1297 4571 impeditus.
1344 4463 1502 4564 missam
1516 4478 1698 4568 teneatur
1713 4461 1846 4543 dicere
1861 4459 1913 4542 de

134 4586 275 4653 sancta
305 4571 493 4653 trinitate.
528 4573 693 4680 siugulis
721 4574 906 4659 secundis
935 4575 1054 4656 feriis.
1090 4573 1314 4654 alternatim
1342 4570 1393 4653 de
1428 4571 1577 4680 angelis
1604 4587 1645 4652 et
1672 4569 1723 4652 de
1751 4589 1914 4678 aposto·

136 4681 198 4764 lis.
232 4679 398 4789 singulis
419 4682 552 4764 terciis
593 4682 701 4764 feriis
735 4685 962 4789 alternatim
990 4684 1040 4766 de
1070 4682 1189 4763 beato
1218 4681 1432 4764 laurencio.
1482 4695 1620 4761 sancto
1649 4681 1847 4788 stephano
1876 4696 1918 4760 et

134 4793 259 4876 beato
285 4791 512 4888 vincemalo,
540 4793 706 4900 singulis
733 4797 887 4903 quartis
915 4794 1024 4874 feriis
1066 4793 1291 4874 alternatim
1319 4791 1369 4874 de
1395 4791 1514 4871 beato
1549 4791 1706 4872 nicolao
1723 4808 1763 4871 et
1775 4806 1916 4870 sancto

132 4901 348 4984 francisco.
383 4901 550 5012 singulis
577 4903 727 5014 quintis
751 4903 865 4988 feriis
892 4902 943 4986 de
970 4903 1085 4986 beata
1112 4905 1305 4988 Katerina
1339 4918 1379 4985 et
1400 4917 1540 4984 sancta
1569 4901 1804 5082 Margargta.
1837 4901 1917 4988 sin·

192 5085 197 5096 .
282 5047 328 5100 ευ.
346 5043 474 5114 nepas.
742 5069 747 5078 ·
1761 5034 1782 5110 7
1895 5075 1899 5086 ·
