4384 5946
799 369 1187 526 ..41¹-

113 659 300 763 Deinceps
329 679 495 766 quoque
530 648 582 733 de
609 649 751 732 salutis
779 667 922 730 vestra
964 652 1222 758 reparatione
1265 653 1484 761 plurimum
1525 654 1611 763 spei
1654 652 1891 762 indubitan-

29 832 37 850 ,
110 785 165 850 ter
191 767 350 848 habere.
379 765 590 846 Gallicana
619 760 817 872 siqnidem
847 763 1014 842 ecclesia
1043 789 1126 842 non
1156 791 1228 842 ros
1251 765 1397 880 alienis
1411 762 1663 846 documentis
1679 767 1892 863 instruxit,

2 971 3 980 ,
109 875 616 987 sedquoddethesauris
645 877 891 956 matrissuae
933 889 1080 954 sancte
1122 875 1313 957 Romanae
1362 876 1537 956 ecclesie
1572 877 1736 986 ,accepit
1783 877 1892 958 salu·

85 989 177 1072 bri
202 989 317 1078 vobis
360 986 591 1068 eruditione
634 983 895 1100 contradidit
961 987 1242 1094 Quapropter,
1275 1005 1318 1066 rt
1348 987 1587 1067 Christianae
1615 989 1823 1098 religionis
1851 1004 1893 1072 et

108 1097 292 1182 doctrinar
311 1149 318 1158 -
335 1099 507 1208 gratiam
536 1098 754 1178 obtineatis
782 1097 1024 1192 uberiorem,
1052 1095 1238 1178 volumus
1266 1097 1546 1180 celsitudinem
1575 1114 1685 1179 tuam
1709 1100 1893 1211 aliquem

106 1212 343 1320 episcopum,
386 1208 450 1288 vel
495 1207 686 1292 idoneum
715 1209 925 1306 clericum,
956 1205 1008 1288 ad
1051 1210 1314 1315 apostolicam
1358 1208 1492 1290 sedem
1522 1207 1715 1318 dirigere,
1745 1213 1817 1321 qui
1847 1228 1893 1294 et

105 1335 214 1404 tertre
241 1336 385 1402 vestrae
415 1318 676 1401 habitudines
712 1322 924 1429 gentisque
954 1348 1085 1399 mores
1106 1320 1225 1400 nobis
1240 1348 1470 1432 suggerere,
1485 1335 1526 1400 et
1543 1321 1765 1429 apostolica
1779 1350 1892 1404 man.-
1959 1371 1964 1388 ι

106 1431 193 1514 data
218 1428 272 1514 de
300 1431 457 1512 cunctis
487 1431 662 1538 pleniter
694 1433 915 1511 instructus
931 1430 982 1510 ad
997 1457 1070 1510 vos
1085 1433 1234 1511 certius
1249 1449 1373 1543 queat
1389 1430 1552 1512 referre.
1611 1432 1779 1512 Interim
1792 1461 1891 1514 vero

105 1569 316 1638 monemus,
330 1557 376 1620 vt
404 1539 622 1648 prudentia
651 1558 721 1622 tua
756 1543 1010 1622 commissum
1045 1542 1124 1622 sibi
1152 1572 1323 1652 regnum
1366 1545 1408 1626 in
1451 1539 1681 1624 concordiae
1709 1545 1890 1627 iustitiae·

105 1681 185 1763 que,
210 1652 396 1734 custodia
431 1649 582 1761 dirigat
616 1667 739 1762 atque
773 1651 983 1761 disponat,
1026 1679 1073 1732 ac
1117 1655 1173 1733 ita
1216 1657 1322 1735 circa
1363 1654 1566 1734 subiectos
1594 1655 1705 1761 pacis
1733 1654 1823 1736 iura
1851 1671 1894 1737 et

106 1766 299 1874 equitatis
328 1763 621 1872 districtionem
641 1764 670 1874 ¹)
685 1791 849 1844 seruare
865 1765 971 1844 inter
987 1780 1121 1844 cetera
1135 1767 1333 1845 virtutum
1348 1764 1483 1845 studia
1497 1781 1674 1873 satagat,
1689 1781 1892 1875 quatenus
1945 1817 1951 1826 .

105 1902 172 1981 per
197 1875 434 1984 temporalis
469 1875 673 1983 regiminis
710 1873 1008 1956 solicitudinem
1043 1893 1246 1958 mereatur
1280 1878 1421 1956 aeterni
1456 1877 1667 1987 percipere
1701 1878 1894 1958 securita-

105 2000 195 2078 tem,
225 2003 388 2065 etcum
417 1987 532 2065 iustis
561 2013 698 2066 rocem
729 1988 855 2066 totius
884 1985 1148 2066 iucunditatis
1191 1989 1353 2096 plenam
1397 1989 1440 2065 in
1483 2004 1665 2084 extremo
1707 1990 1893 2070 examine

104 2095 216 2202 digne
254 2099 381 2204 possit
410 2096 568 2175 audire:
600 2097 746 2176 Venite
785 2098 985 2184 benedicti
1022 2099 1150 2176 Patris
1175 2101 1286 2194 mei,
1331 2099 1526 2204 percipite
1570 2113 1738 2206 regnum
1782 2097 1894 2209 quod
1942 2097 1944 2104 ’

107 2209 211 2286 vohis
248 2207 436 2316 paratum
465 2225 525 2286 est
554 2207 606 2298 ab
636 2210 791 2316 origine
825 2208 973 2288 mrrndi.
1036 2210 1135 2288 Data
1166 2231 1312 2319 quarto
1332 2201 1362 2319 ²)
1394 2211 1530 2288 Nonas
1561 2209 1762 2290 Octobris.
1918 2223 1923 2232 '

108 2471 227 2611 25..
504 2488 507 2494 '
588 2483 590 2488 ’
951 2471 1162 2577 1080.-
1744 2475 1891 2578 Rom.

2 2677 3 2682 ἵ
68 2755 74 2760 ,
179 2691 270 2754 Pau.
311 2695 489 2756 Gnrconrus
517 2690 603 2752 Vllu
630 2691 800 2752 Sirifvelse
827 2667 1119 2772 till'Konungarne
1152 2695 1226 2754 lucr
1247 2691 1305 2752 och
1329 2691 1470 2754 Hansran
1493 2690 1563 2752 med
1586 2691 1763 2775 betygande
1784 2695 1823 2755 af
1837 2697 1884 2756 sin

220 2776 490 2839 tillfredsstttllelse
517 2775 607 2836 diver
632 2772 692 2834 den
719 2793 831 2855 genom
853 2775 934 2838 But.
954 2776 1146 2838 Ronntrann
1168 2773 1312 2837 erhdllna
1333 2772 1576 2838 undenauelaen
1596 2795 1648 2836 om
1669 2776 1806 2837 Svensla
1827 2777 1891 2840 fol·

229 2859 298 2920 kets
318 2856 530 2934 omrtndelse,
552 2857 655 2918 tillila
675 2855 747 2933 med
767 2860 958 2940 uppmaning
979 2867 1025 2920 att
1045 2859 1120 2920 stika
1140 2858 1194 2920 det
1213 2859 1306 2939 erige
1328 2857 1424 2940 goda,
1445 2855 1609 2919 bibehdlla
1629 2857 1715 2936 fred,
1736 2858 1894 2936 tisinum

231 2941 291 3002 och
321 2940 396 3024 lyda
419 2939 554 3002 Klerler
575 2937 635 3000 och
657 2939 821 3020 Bislopar,
843 2941 930 3019 gifva
952 2939 1058 3002 tionde
1077 2941 1137 3003 och
1159 2941 1226 3002 olta
1247 2940 1341 3002 sanda
1362 2939 1497 3002 chrker
1517 2941 1573 3007 till
1591 2941 1680 3017 Rom,
1701 2939 1762 3002 och
1783 2937 1893 3002 dertill

233 3025 314 3107 rtlja
346 3023 461 3084 sadans
493 3041 648 3103 personer,
674 3041 741 3085 som
768 3042 844 3082 voro
871 3023 1018 3104 skicllige
1047 3023 1129 3085 bdde
1157 3033 1205 3084 att
1227 3021 1407 3086 underrtltta
1427 3024 1475 3102 sig
1493 3041 1546 3084 om
1567 3023 1738 3086 homerus
1756 3021 1899 3106 kyrkem,

229 3107 315 3167 bruk
335 3105 394 3168 och
418 3113 465 3166 att
484 3102 660 3166 sedermera
682 3104 790 3165 darom
811 3104 943 3188 upplysa
960 3107 1026 3166 sina
1049 3105 1214 3168 landeman.
1791 3099 1800 3117 ⁸

1576 3232 1588 3268 t
1615 3219 1651 3271 K.
1690 3220 1759 3272 ,aa

97 3357 101 3366 .
203 3291 441 3368 ciaconus
472 3287 548 3364 vn
577 3285 882 3392 visigothorum
912 3287 1090 3395 reguis
1154 3289 1240 3367 rs<
1267 3283 1408 3393 vna).
1480 3385 1483 3392 ¹
1601 3295 1617 3316 *
1669 3237 1687 3287 ⁸

178 3471 182 3474 -
216 3417 367 3494 Frater
382 3429 519 3492 noster
536 3413 582 3492 ll.
600 3413 823 3519 Episcopus
839 3430 989 3509 vester,
1005 3413 1057 3494 ad
1073 3414 1361 3522 Apostolorum
1376 3411 1512 3490 limina
1531 3415 1714 3508 veniens,
1730 3441 1894 3522 sugges·

92 3528 141 3606 sit
163 3525 292 3604 nobis
313 3521 366 3603 de
386 3551 493 3602 noua
516 3525 647 3629 gentis
667 3540 810 3601 vestrae
830 3525 1116 3622 conuersione,
1138 3524 1289 3605 scilicet
1304 3522 1480 3632 qualiter
1495 3521 1638 3635 relicto
1653 3521 1892 3631 gentilitatis
1979 3595 1984 3602 .

91 3664 230 3718 errore
247 3635 307 3714 ad
323 3632 563 3713 Christianae
577 3631 671 3712 fidei
700 3635 909 3712 veritatem
941 3636 1185 3741 peruenerit.
1248 3633 1366 3712 Vnde
1395 3631 1615 3740 plurimum
1644 3636 1686 3713 in
1718 3635 1892 3715 Domino

91 3745 233 3843 letati,
266 3746 496 3826 miseratori
525 3744 716 3824 omnium'
740 3745 884 3823 intimo
919 3743 1042 3824 corde
1077 3747 1228 3852 gratias
1257 3746 1430 3852 agimus,
1453 3745 1524 3854 qui
1555 3761 1708 3823 mentes
1738 3760 1891 3824 vestras

90 3857 244 3939 lumine
279 3884 354 3935 suo
388 3856 572 3948 visitare,
600 3870 641 3934 et
670 3851 720 3933 de
755 3855 934 3935 tenebris
964 3853 1016 3934 ad
1045 3853 1187 3950 lucem,
1215 3854 1266 3935 de
1296 3871 1425 3934 morte
1453 3851 1507 3935 ad
1536 3855 1672 3949 vitam,
1700 3853 1894 3963 dignatus

91 3987 147 4049 est
193 3997 270 4048 vos
317 3981 465 4044 aeterna
501 3993 572 4047 sua
608 3963 861 4072 benignitate
898 3963 1103 4046 reducere.
1169 3963 1295 4046 Simul
1331 3965 1452 4044 etiam
1488 3964 1612 4072 ipsius
1640 3963 1890 4045 ineffabilem

89 4075 414 4160 misericordiam
433 4075 658 4182 vdeprecati
693 4103 847 4170 sumus,
883 4074 1133 4185 assidueque*
1157 4075 1364 4185 postulare
1397 4092 1605 4183 optamus,
1633 4091 1677 4152 vt
1705 4101 1777 4154 vos
1806 4090 1889 4155 tam

87 4187 182 4271 lidei
214 4189 366 4298 gratia,
395 4215 528 4296 quam,
555 4186 760 4266 bonorum
788 4215 958 4294 operum
995 4185 1214 4282 fructibus,
1242 4203 1284 4266 et
1320 4187 1363 4266 in
1390 4183 1467 4266 hac
1495 4187 1578 4265 vita
1607 4186 1761 4292 rigere,
1790 4186 1890 4264 etin

2 4391 3 4398 Ν
86 4298 230 4382 sutura
262 4314 499 4381 sanctorum
527 4295 693 4376 caetibus
722 4295 845 4377 faciat
873 4299 1143 4402 annumerari.
1202 4295 1378 4378 Proinde
1406 4295 1629 4377 charissimi
1644 4294 1889 4406 lilii,„aunto·

84 4411 211 4492 ritate
252 4413 293 4491 S.
334 4411 377 4489 ll.
415 4411 459 4488 E.
490 4409 577 4488 rice
607 4407 819 4488 beatorum
861 4409 1151 4516 Apostolorum
1194 4411 1303 4490 Petri
1312 4405 1325 4502 ζ
1364 4423 1405 4488 et
1447 4406 1580 4500 Pauli,
1616 4405 1742 4486 nobis
1777 4405 1887 4515 (licet

86 4522 293 4632 indignis)
329 4546 530 4613 concessa,
570 4543 642 4600 vos
677 4516 951 4616 admonemus,
980 4537 1026 4598 rt
1054 4518 1177 4627 hujus
1205 4519 1390 4627 fugitiuae
1417 4520 1510 4600 vitre
1538 4515 1890 4613 incertitudinem,

83 4660 129 4712 ac
160 4631 460 4739 temporalium
488 4657 645 4724 rerum,
673 4644 714 4709 et
743 4631 984 4738 gaudiorum
1014 4629 1321 4712 instabilitatem
1356 4625 1672 4739 perpendentes,
1707 4647 1888 4710 contem·

82 4763 373 4785 m

172 4813 200 4884 ι)
233 4808 464 4870 Discretionem
491 4803 533 4868 K.
559 4828 588 4890 g.
612 4805 661 4869 25.
705 4808 741 4888 a)
764 4807 806 4870 lll
827 4830 856 4868 a.
878 4820 915 4870 st.
960 4811 988 4887 3)
1010 4809 1179 4888 Gregorius
1200 4810 1288 4889 Papa
1311 4804 1371 4868 Vll
1393 4804 1570 4868 Gothorum
1590 4805 1728 4886 gloriosis
1749 4804 1887 4892 Regibus
1930 4789 1940 4804 ¹

166 4892 206 4955 L.
249 4897 286 4951 et
319 4885 357 4950 Αἱ
378 4909 415 4949 ec
441 4891 563 4972 populis
591 4893 723 4953 sulutem
750 4887 784 4954 Gt
806 4892 1015 4972 Appstolicam
1037 4891 1291 4953 benedictionem.
1336 4888 1414 4948 tte.
1442 4885 1498 4962 154
1519 4888 1689 4970 Gregorius
1700 4887 1885 4972 Episcopus,

166 4991 290 5037 servits
310 4991 472 5032 serrorum
494 4973 553 5035 Dei
575 4973 696 5036 dilectis
713 4973 784 5036 filiis
804 4973 827 5034 l·
851 4975 883 5038 bt
906 4974 975 5038 llal·
997 4983 1052 5049 aut
1072 4974 1123 5036 Al.
1144 4972 1284 5054 gloriosis
1308 4968 1543 5051 Visigotbouttn
1554 4969 1693 5052 Regibus
1706 4973 1840 5034 salntem
1852 4961 1887 5028 ἃ

170 5053 386 5139 apostolicam
407 5053 653 5126 benedictionem
677 5055 716 5117 K.
737 5056 770 5122 d.
793 5055 869 5124 331,
948 5103 977 5126 ‚,
1047 5107 1049 5114 .
1082 5113 1086 5120 .
1393 5097 1424 5110 .·
1487 5093 1511 5108 ι.
1547 5099 1549 5106 -
1615 5070 1623 5081 ’
1700 5089 1704 5100 .
1777 5087 1781 5106 =

226 5169 282 5222 Su.
302 5167 382 5236 Ds'pl.
422 5205 423 5208 η
527 5189 528 5193 ’
1659 5133 1683 5205 6
