<?xml version="1.0" encoding="UTF-8"?>
<!DOCTYPE html PUBLIC "-//W3C//DTD XHTML 1.0 Transitional//EN"
    "http://www.w3.org/TR/xhtml1/DTD/xhtml1-transitional.dtd">
<html xmlns="http://www.w3.org/1999/xhtml" xml:lang="en" lang="en">
 <head>
  <title>
</title>
<meta http-equiv="Content-Type" content="text/html;charset=utf-8" />
  <meta name='ocr-system' content='tesseract 3.04.00' />
  <meta name='ocr-capabilities' content='ocr_page ocr_carea ocr_par ocr_line ocrx_word'/>
</head>
<body>
  <div class='ocr_page' id='page_1' title='image "./svensktdiplomat00swegoog_0178.png"; bbox 0 0 4370 5950; ppageno 0'>
   <div class='ocr_carea' id='block_1_1' title="bbox 989 425 1404 522">
    <p class='ocr_par' dir='ltr' id='par_1_1' title="bbox 989 425 1404 522">
     <span class='ocr_line' id='line_1_1' title="bbox 989 425 1404 522; baseline 0.014 -34"><span class='ocrx_word' id='word_1_1' title='bbox 989 467 1046 488; x_wconf 90' lang='lat'><strong>..</strong></span> <span class='ocrx_word' id='word_1_2' title='bbox 1163 425 1404 522; x_wconf 68' lang='lat'>134·-</span> 
     </span>
    </p>
   </div>
   <div class='ocr_carea' id='block_1_2' title="bbox 308 637 2055 802">
    <p class='ocr_par' dir='ltr' id='par_1_2' title="bbox 308 637 2055 818">
     <span class='ocr_line' id='line_1_2' title="bbox 308 637 2055 802; baseline 0.006 -46"><span class='ocrx_word' id='word_1_3' title='bbox 308 670 442 792; x_wconf 62' lang='lat'><strong>&#39;1103⁴</strong></span> <span class='ocrx_word' id='word_1_4' title='bbox 766 687 768 696; x_wconf 75' lang='grc'>’</span> <span class='ocrx_word' id='word_1_5' title='bbox 916 653 1065 802; x_wconf 80' lang='lat'>1198</span> <span class='ocrx_word' id='word_1_6' title='bbox 1098 653 1164 758; x_wconf 86' lang='lat' dir='ltr'><strong>d.</strong></span> <span class='ocrx_word' id='word_1_7' title='bbox 1213 655 1285 760; x_wconf 80' lang='lat'><strong>23</strong></span> <span class='ocrx_word' id='word_1_8' title='bbox 1315 656 1461 764; x_wconf 71' lang='lat' dir='ltr'><strong>&#39;Nou</strong></span> <span class='ocrx_word' id='word_1_9' title='bbox 1851 637 2055 768; x_wconf 87' lang='lat' dir='ltr'><strong>Lateran.</strong></span> 
     </span>
    </p>
   </div>
   <div class='ocr_carea' id='block_1_3' title="bbox 377 871 2064 1126">
    <p class='ocr_par' dir='ltr' id='par_1_3' title="bbox 377 871 2064 1126">
     <span class='ocr_line' id='line_1_3' title="bbox 377 871 2056 968; baseline 0.005 -30"><span class='ocrx_word' id='word_1_10' title='bbox 377 873 468 938; x_wconf 78' lang='lat' dir='ltr'><strong>Ptfv.</strong></span> <span class='ocrx_word' id='word_1_11' title='bbox 490 873 690 936; x_wconf 73' lang='lat' dir='ltr'><strong>innueramus</strong></span> <span class='ocrx_word' id='word_1_12' title='bbox 711 871 779 935; x_wconf 72' lang='lat' dir='ltr'><strong>lllts</strong></span> <span class='ocrx_word' id='word_1_13' title='bbox 801 872 1006 960; x_wconf 71' lang='lat' dir='ltr'><strong>Stedlltstelse</strong></span> <span class='ocrx_word' id='word_1_14' title='bbox 1020 877 1071 938; x_wconf 77' lang='lat' dir='ltr'><strong>lb&#39;r</strong></span> <span class='ocrx_word' id='word_1_15' title='bbox 1090 875 1302 962; x_wconf 71' lang='lat' dir='ltr'><strong>brie-Bislop</strong></span> <span class='ocrx_word' id='word_1_16' title='bbox 1323 877 1463 940; x_wconf 69' lang='lat' dir='ltr'><strong>Aesacon</strong></span> <span class='ocrx_word' id='word_1_17' title='bbox 1483 879 1495 940; x_wconf 86' lang='lat' dir='ltr'><strong>i</strong></span> <span class='ocrx_word' id='word_1_18' title='bbox 1516 878 1606 941; x_wconf 87' lang='lat' dir='ltr'><strong>Lund</strong></span> <span class='ocrx_word' id='word_1_19' title='bbox 1632 879 1691 942; x_wconf 72' lang='lat' dir='ltr'><strong>om</strong></span> <span class='ocrx_word' id='word_1_20' title='bbox 1712 878 1790 942; x_wconf 84' lang='lat' dir='ltr'><strong>hans</strong></span> <span class='ocrx_word' id='word_1_21' title='bbox 1810 881 2003 946; x_wconf 79' lang='lat' dir='ltr'><strong>estertrtdare</strong></span> <span class='ocrx_word' id='word_1_22' title='bbox 2024 887 2056 968; x_wconf 78' lang='lat' dir='ltr'><strong>pt</strong></span> 
     </span>
     <span class='ocr_line' id='line_1_4' title="bbox 428 953 2064 1049; baseline 0.007 -31"><span class='ocrx_word' id='word_1_23' title='bbox 428 953 490 1018; x_wconf 85' lang='lat' dir='ltr'><strong>den</strong></span> <span class='ocrx_word' id='word_1_24' title='bbox 512 956 550 1018; x_wconf 84' lang='lat' dir='ltr'><strong>af</strong></span> <span class='ocrx_word' id='word_1_25' title='bbox 561 956 658 1049; x_wconf 45' lang='lat' dir='ltr'><strong>”Pam</strong></span> <span class='ocrx_word' id='word_1_26' title='bbox 684 954 847 1020; x_wconf 74' lang='lat' dir='ltr'><strong>Annunus&#39;</strong></span> <span class='ocrx_word' id='word_1_27' title='bbox 865 955 918 1019; x_wconf 81' lang='grc' dir='ltr'><strong>Ν·</strong></span> <span class='ocrx_word' id='word_1_28' title='bbox 932 957 1018 1036; x_wconf 80' lang='lat' dir='ltr'>gisna</span> <span class='ocrx_word' id='word_1_29' title='bbox 1038 961 1186 1042; x_wconf 78' lang='lat' dir='ltr'><strong>rattighet</strong></span> <span class='ocrx_word' id='word_1_30' title='bbox 1205 962 1256 1024; x_wconf 87' lang='lat' dir='ltr'><strong>&#39;att</strong></span> <span class='ocrx_word' id='word_1_31' title='bbox 1276 981 1353 1025; x_wconf 80' lang='lat' dir='ltr'><strong>tara</strong></span> <span class='ocrx_word' id='word_1_32' title='bbox 1375 960 1518 1044; x_wconf 64' lang='lat' dir='ltr'><strong>sves-rges</strong></span> <span class='ocrx_word' id='word_1_33' title='bbox 1540 963 1670 1040; x_wconf 80' lang='lat' dir='ltr'><strong>Primus,</strong></span> <span class='ocrx_word' id='word_1_34' title='bbox 1691 963 1751 1024; x_wconf 86' lang='lat' dir='ltr'><strong>och</strong></span> <span class='ocrx_word' id='word_1_35' title='bbox 1771 964 1783 1024; x_wconf 91' lang='lat' dir='ltr'><strong>i</strong></span> <span class='ocrx_word' id='word_1_36' title='bbox 1804 965 1966 1047; x_wconf 72' lang='lat' dir='ltr'><strong>anlcdning</strong></span> <span class='ocrx_word' id='word_1_37' title='bbox 1985 967 2064 1036; x_wconf 74' lang='lat' dir='ltr'><strong>derat</strong></span> 
     </span>
     <span class='ocr_line' id='line_1_5' title="bbox 425 1039 1306 1126; baseline 0.01 -26"><span class='ocrx_word' id='word_1_38' title='bbox 425 1041 534 1122; x_wconf 77' lang='lat' dir='ltr'><strong>inriga</strong></span> <span class='ocrx_word' id='word_1_39' title='bbox 555 1039 842 1124; x_wconf 61' lang='lat' dir='ltr'><strong>erle-Beloparne</strong></span> <span class='ocrx_word' id='word_1_40' title='bbox 863 1041 872 1100; x_wconf 91' lang='lat' dir='ltr'><strong>i</strong></span> <span class='ocrx_word' id='word_1_41' title='bbox 896 1039 1025 1126; x_wconf 80' lang='lat' dir='ltr'><strong>Upsala.</strong></span> <span class='ocrx_word' id='word_1_42' title='bbox 1304 1059 1306 1064; x_wconf 84' lang='lat'>&#39;</span> 
     </span>
    </p>
   </div>
   <div class='ocr_carea' id='block_1_4' title="bbox 1478 1155 1955 1229">
    <p class='ocr_par' dir='ltr' id='par_1_4' title="bbox 1478 1155 1955 1229">
     <span class='ocr_line' id='line_1_6' title="bbox 1478 1155 1955 1229; baseline -0.004 -17"><span class='ocrx_word' id='word_1_43' title='bbox 1478 1159 1513 1212; x_wconf 79' lang='lat' dir='ltr'><strong>K.</strong></span> <span class='ocrx_word' id='word_1_44' title='bbox 1532 1175 1569 1212; x_wconf 83' lang='grc' dir='ltr'><strong>ιιι.</strong></span> <span class='ocrx_word' id='word_1_45' title='bbox 1589 1172 1611 1210; x_wconf 72' lang='grc' dir='ltr'><strong>ιι</strong></span> <span class='ocrx_word' id='word_1_46' title='bbox 1630 1158 1689 1229; x_wconf 72' lang='lat'><strong>²4⁶·</strong></span> <span class='ocrx_word' id='word_1_47' title='bbox 1709 1159 1763 1212; x_wconf 78' lang='lat' dir='ltr'><strong>Aa.</strong></span> <span class='ocrx_word' id='word_1_48' title='bbox 1787 1177 1810 1214; x_wconf 88' lang='grc' dir='ltr'><strong>ι.</strong></span> <span class='ocrx_word' id='word_1_49' title='bbox 1829 1155 1882 1229; x_wconf 80' lang='lat' dir='ltr'><strong>Ep.</strong></span> <span class='ocrx_word' id='word_1_50' title='bbox 1900 1161 1955 1228; x_wconf 66' lang='lat'><strong>⁴¹9</strong></span> 
     </span>
    </p>
   </div>
   <div class='ocr_carea' id='block_1_5' title="bbox 461 1261 2070 1520">
    <p class='ocr_par' dir='ltr' id='par_1_5' title="bbox 461 1261 2070 1520">
     <span class='ocr_line' id='line_1_7' title="bbox 461 1261 2070 1408; baseline -0.001 -28"><span class='ocrx_word' id='word_1_51' title='bbox 461 1261 656 1380; x_wconf 72' lang='lat' dir='ltr'><strong>Absatoit</strong></span> <span class='ocrx_word' id='word_1_52' title='bbox 681 1295 882 1378; x_wconf 70' lang='lat' dir='ltr'><strong>Luculensi</strong></span> <span class='ocrx_word' id='word_1_53' title='bbox 908 1296 1227 1407; x_wconf 75' lang='lat' dir='ltr'><strong>Areliiepitcopo,</strong></span> <span class='ocrx_word' id='word_1_54' title='bbox 1258 1296 1422 1408; x_wconf 81' lang='lat' dir='ltr'><strong>ejusque</strong></span> <span class='ocrx_word' id='word_1_55' title='bbox 1459 1293 1742 1378; x_wconf 74' lang='lat' dir='ltr'><strong>successoribus</strong></span> <span class='ocrx_word' id='word_1_56' title='bbox 1780 1303 1962 1377; x_wconf 74' lang='lat' dir='ltr'><strong>cationicc</strong></span> <span class='ocrx_word' id='word_1_57' title='bbox 1994 1301 2070 1378; x_wconf 79' lang='lat' dir='ltr'><strong>sui·</strong></span> 
     </span>
     <span class='ocr_line' id='line_1_8' title="bbox 516 1406 1061 1520; baseline 0 -34"><span class='ocrx_word' id='word_1_58' title='bbox 516 1406 724 1488; x_wconf 65' lang='lat' dir='ltr'><strong>attinendis</strong></span> <span class='ocrx_word' id='word_1_59' title='bbox 752 1411 794 1486; x_wconf 84' lang='lat' dir='ltr'><strong>in</strong></span> <span class='ocrx_word' id='word_1_60' title='bbox 816 1426 1061 1520; x_wconf 81' lang='lat' dir='ltr'><strong>perpetuum.</strong></span> 
     </span>
    </p>
   </div>
   <div class='ocr_carea' id='block_1_6' title="bbox 157 1543 2160 4543">
    <p class='ocr_par' dir='ltr' id='par_1_6' title="bbox 157 1543 2160 4543">
     <span class='ocr_line' id='line_1_9' title="bbox 462 1543 2071 1662; baseline -0.001 -33"><span class='ocrx_word' id='word_1_61' title='bbox 462 1551 512 1660; x_wconf 90' lang='lat' dir='ltr'><strong>ln</strong></span> <span class='ocrx_word' id='word_1_62' title='bbox 527 1543 717 1634; x_wconf 86' lang='lat' dir='ltr'><strong>eminenti</strong></span> <span class='ocrx_word' id='word_1_63' title='bbox 732 1548 961 1658; x_wconf 88' lang='lat' dir='ltr'><strong>apostolicae</strong></span> <span class='ocrx_word' id='word_1_64' title='bbox 989 1547 1094 1632; x_wconf 90' lang='lat' dir='ltr'><strong>sedis</strong></span> <span class='ocrx_word' id='word_1_65' title='bbox 1122 1549 1282 1662; x_wconf 88' lang='lat' dir='ltr'><strong>specula</strong></span> <span class='ocrx_word' id='word_1_66' title='bbox 1304 1550 1544 1659; x_wconf 86' lang='lat' dir='ltr'><strong>disponente</strong></span> <span class='ocrx_word' id='word_1_67' title='bbox 1573 1547 1749 1631; x_wconf 92' lang='lat' dir='ltr'><strong>Domino</strong></span> <span class='ocrx_word' id='word_1_68' title='bbox 1771 1551 1991 1645; x_wconf 90' lang='lat' dir='ltr'><strong>constituti,</strong></span> <span class='ocrx_word' id='word_1_69' title='bbox 2018 1577 2071 1629; x_wconf 84' lang='lat' dir='ltr'><strong>sa·</strong></span> 
     </span>
     <span class='ocr_line' id='line_1_10' title="bbox 295 1657 2070 1772; baseline -0.001 -30"><span class='ocrx_word' id='word_1_70' title='bbox 295 1661 467 1770; x_wconf 80' lang='lat' dir='ltr'><strong>lubriter</strong></span> <span class='ocrx_word' id='word_1_71' title='bbox 497 1661 668 1770; x_wconf 89' lang='lat' dir='ltr'><strong>injuncti</strong></span> <span class='ocrx_word' id='word_1_72' title='bbox 696 1657 814 1742; x_wconf 90' lang='lat' dir='ltr'><strong>nobis</strong></span> <span class='ocrx_word' id='word_1_73' title='bbox 843 1660 967 1770; x_wconf 85' lang='lat' dir='ltr'><strong>officij</strong></span> <span class='ocrx_word' id='word_1_74' title='bbox 996 1664 1233 1772; x_wconf 82' lang='lat' dir='ltr'><strong>exequimur</strong></span> <span class='ocrx_word' id='word_1_75' title='bbox 1263 1663 1475 1757; x_wconf 82' lang='lat' dir='ltr'>actionem,</span> <span class='ocrx_word' id='word_1_76' title='bbox 1510 1660 1543 1740; x_wconf 93' lang='lat' dir='ltr'><strong>si</strong></span> <span class='ocrx_word' id='word_1_77' title='bbox 1572 1685 1619 1740; x_wconf 90' lang='lat' dir='ltr'><strong>ea</strong></span> <span class='ocrx_word' id='word_1_78' title='bbox 1648 1688 1738 1768; x_wconf 89' lang='lat' dir='ltr'><strong>quae</strong></span> <span class='ocrx_word' id='word_1_79' title='bbox 1767 1690 1840 1771; x_wconf 91' lang='lat' dir='ltr'><strong>per</strong></span> <span class='ocrx_word' id='word_1_80' title='bbox 1854 1669 2070 1743; x_wconf 83' lang='lat' dir='ltr'><strong>antecesso-</strong></span> 
     </span>
     <span class='ocr_line' id='line_1_11' title="bbox 291 1770 2160 1876; baseline -0.003 -22"><span class='ocrx_word' id='word_1_81' title='bbox 291 1800 360 1876; x_wconf 81' lang='lat' dir='ltr'><strong>res</strong></span> <span class='ocrx_word' id='word_1_82' title='bbox 389 1790 548 1854; x_wconf 92' lang='lat' dir='ltr'><strong>nostros</strong></span> <span class='ocrx_word' id='word_1_83' title='bbox 577 1770 629 1852; x_wconf 90' lang='lat' dir='ltr'><strong>ad</strong></span> <span class='ocrx_word' id='word_1_84' title='bbox 659 1771 829 1852; x_wconf 89' lang='lat' dir='ltr'><strong>salutem</strong></span> <span class='ocrx_word' id='word_1_85' title='bbox 857 1771 1035 1852; x_wconf 87' lang='lat' dir='ltr'><strong>fidelium</strong></span> <span class='ocrx_word' id='word_1_86' title='bbox 1066 1772 1249 1857; x_wconf 89' lang='lat' dir='ltr'><strong>instituta</strong></span> <span class='ocrx_word' id='word_1_87' title='bbox 1278 1789 1521 1867; x_wconf 90' lang='lat' dir='ltr'><strong>noscuntur,</strong></span> <span class='ocrx_word' id='word_1_88' title='bbox 1557 1798 1756 1852; x_wconf 91' lang='lat' dir='ltr'><strong>consensu</strong></span> <span class='ocrx_word' id='word_1_89' title='bbox 1785 1790 1927 1852; x_wconf 92' lang='lat' dir='ltr'><strong>nostro</strong></span> <span class='ocrx_word' id='word_1_90' title='bbox 1955 1771 2072 1850; x_wconf 82' lang='lat' dir='ltr'><strong>firma·</strong></span> <span class='ocrx_word' id='word_1_91' title='bbox 2158 1777 2160 1806; x_wconf 75' lang='lat'>³</span> 
     </span>
     <span class='ocr_line' id='line_1_12' title="bbox 296 1879 2074 1991; baseline -0.003 -27"><span class='ocrx_word' id='word_1_92' title='bbox 296 1911 398 1980; x_wconf 89' lang='lat' dir='ltr'><strong>mus,</strong></span> <span class='ocrx_word' id='word_1_93' title='bbox 428 1891 467 1965; x_wconf 86' lang='lat'>&amp;</span> <span class='ocrx_word' id='word_1_94' title='bbox 488 1911 547 1963; x_wconf 88' lang='lat' dir='ltr'><strong>ne</strong></span> <span class='ocrx_word' id='word_1_95' title='bbox 576 1883 793 1964; x_wconf 88' lang='lat' dir='ltr'><strong>cuiuslibet</strong></span> <span class='ocrx_word' id='word_1_96' title='bbox 822 1879 1071 1982; x_wconf 84' lang='lat' dir='ltr'><strong>temeritatis</strong></span> <span class='ocrx_word' id='word_1_97' title='bbox 1105 1884 1341 1991; x_wconf 84' lang='lat' dir='ltr'><strong>quatiantur</strong></span> <span class='ocrx_word' id='word_1_98' title='bbox 1384 1884 1567 1977; x_wconf 91' lang='lat' dir='ltr'><strong>incursu,</strong></span> <span class='ocrx_word' id='word_1_99' title='bbox 1611 1897 1791 1963; x_wconf 84' lang='lat' dir='ltr'><strong>exactam</strong></span> <span class='ocrx_word' id='word_1_100' title='bbox 1840 1881 2074 1990; x_wconf 84' lang='lat' dir='ltr'><strong>diligentiam</strong></span> 
     </span>
     <span class='ocr_line' id='line_1_13' title="bbox 295 1989 2080 2104; baseline -0.001 -29"><span class='ocrx_word' id='word_1_101' title='bbox 295 1992 546 2094; x_wconf 85' lang='lat' dir='ltr'><strong>adhibemus.</strong></span> <span class='ocrx_word' id='word_1_102' title='bbox 577 1995 680 2078; x_wconf 91' lang='lat' dir='ltr'><strong>Cum</strong></span> <span class='ocrx_word' id='word_1_103' title='bbox 707 1994 813 2076; x_wconf 80' lang='lat' dir='ltr'><strong>enini</strong></span> <span class='ocrx_word' id='word_1_104' title='bbox 843 1989 1028 2086; x_wconf 85' lang='lat' dir='ltr'><strong>Ecclesiae</strong></span> <span class='ocrx_word' id='word_1_105' title='bbox 1056 2021 1135 2072; x_wconf 90' lang='lat' dir='ltr'><strong>suae</strong></span> <span class='ocrx_word' id='word_1_106' title='bbox 1164 1993 1394 2100; x_wconf 88' lang='lat' dir='ltr'><strong>promiserit</strong></span> <span class='ocrx_word' id='word_1_107' title='bbox 1438 1992 1653 2087; x_wconf 84' lang='lat' dir='ltr'><strong>Dominus,</strong></span> <span class='ocrx_word' id='word_1_108' title='bbox 1697 1990 1861 2092; x_wconf 90' lang='lat' dir='ltr'><strong>dicens,</strong></span> <span class='ocrx_word' id='word_1_109' title='bbox 1911 1997 1993 2076; x_wconf 88' lang='lat' dir='ltr'><strong>Pro</strong></span> <span class='ocrx_word' id='word_1_110' title='bbox 2014 2021 2080 2104; x_wconf 86' lang='lat' dir='ltr'><strong>po·</strong></span> 
     </span>
     <span class='ocr_line' id='line_1_14' title="bbox 294 2103 2076 2214; baseline -0.006 -24"><span class='ocrx_word' id='word_1_111' title='bbox 294 2107 421 2190; x_wconf 80' lang='lat' dir='ltr'><strong>tribus</strong></span> <span class='ocrx_word' id='word_1_112' title='bbox 448 2111 529 2186; x_wconf 82' lang='lat' dir='ltr'><strong>tuis</strong></span> <span class='ocrx_word' id='word_1_113' title='bbox 556 2111 646 2186; x_wconf 84' lang='lat' dir='ltr'><strong>nati</strong></span> <span class='ocrx_word' id='word_1_114' title='bbox 671 2123 764 2188; x_wconf 73' lang='lat' dir='ltr'><strong>sunt</strong></span> <span class='ocrx_word' id='word_1_115' title='bbox 791 2105 865 2188; x_wconf 84' lang='lat' dir='ltr'><strong>tibi</strong></span> <span class='ocrx_word' id='word_1_116' title='bbox 879 2105 989 2212; x_wconf 79' lang='lat' dir='ltr'><strong>filij,</strong></span> <span class='ocrx_word' id='word_1_117' title='bbox 1010 2103 1229 2185; x_wconf 80' lang='lat' dir='ltr'><strong>&#39;constitues</strong></span> <span class='ocrx_word' id='word_1_118' title='bbox 1257 2133 1320 2184; x_wconf 89' lang='lat' dir='ltr'><strong>eos</strong></span> <span class='ocrx_word' id='word_1_119' title='bbox 1341 2108 1543 2214; x_wconf 80' lang='lat' dir='ltr'><strong>principes</strong></span> <span class='ocrx_word' id='word_1_120' title='bbox 1578 2133 1695 2212; x_wconf 82' lang='lat' dir='ltr'><strong>super</strong></span> <span class='ocrx_word' id='word_1_121' title='bbox 1730 2133 1881 2184; x_wconf 81' lang='lat' dir='ltr'><strong>omnem</strong></span> <span class='ocrx_word' id='word_1_122' title='bbox 1916 2124 2076 2198; x_wconf 84' lang='lat' dir='ltr'><strong>terram,</strong></span> 
     </span>
     <span class='ocr_line' id='line_1_15' title="bbox 293 2209 2080 2324; baseline -0.003 -27"><span class='ocrx_word' id='word_1_123' title='bbox 293 2217 355 2298; x_wconf 90' lang='lat' dir='ltr'><strong>illi</strong></span> <span class='ocrx_word' id='word_1_124' title='bbox 383 2218 487 2297; x_wconf 89' lang='lat' dir='ltr'><strong>bene</strong></span> <span class='ocrx_word' id='word_1_125' title='bbox 516 2212 707 2295; x_wconf 89' lang='lat' dir='ltr'><strong>videntur</strong></span> <span class='ocrx_word' id='word_1_126' title='bbox 736 2211 923 2323; x_wconf 92' lang='lat' dir='ltr'><strong>patribus</strong></span> <span class='ocrx_word' id='word_1_127' title='bbox 952 2215 1199 2310; x_wconf 88' lang='lat' dir='ltr'><strong>successisse,</strong></span> <span class='ocrx_word' id='word_1_128' title='bbox 1228 2230 1350 2324; x_wconf 86' lang='lat' dir='ltr'><strong>atque</strong></span> <span class='ocrx_word' id='word_1_129' title='bbox 1379 2213 1532 2295; x_wconf 85' lang='lat' dir='ltr'><strong>utiliter</strong></span> <span class='ocrx_word' id='word_1_130' title='bbox 1560 2214 1793 2322; x_wconf 89' lang='lat' dir='ltr'><strong>impositum</strong></span> <span class='ocrx_word' id='word_1_131' title='bbox 1808 2209 1951 2323; x_wconf 86' lang='lat' dir='ltr'><strong>gerere</strong></span> <span class='ocrx_word' id='word_1_132' title='bbox 1980 2214 2080 2322; x_wconf 92' lang='lat' dir='ltr'><strong>prin·</strong></span> 
     </span>
     <span class='ocr_line' id='line_1_16' title="bbox 294 2319 2079 2438; baseline -0.006 -28"><span class='ocrx_word' id='word_1_133' title='bbox 294 2334 490 2436; x_wconf 79' lang='lat' dir='ltr'><strong>cipetum,</strong></span> <span class='ocrx_word' id='word_1_134' title='bbox 520 2327 704 2436; x_wconf 87' lang='lat' dir='ltr'><strong>quinon</strong></span> <span class='ocrx_word' id='word_1_135' title='bbox 733 2340 933 2438; x_wconf 86' lang='lat' dir='ltr'><strong>potestate</strong></span> <span class='ocrx_word' id='word_1_136' title='bbox 963 2319 1170 2419; x_wconf 87' lang='lat' dir='ltr'><strong>laetantur,</strong></span> <span class='ocrx_word' id='word_1_137' title='bbox 1200 2325 1270 2406; x_wconf 90' lang='lat' dir='ltr'><strong>sed</strong></span> <span class='ocrx_word' id='word_1_138' title='bbox 1300 2323 1531 2408; x_wconf 85' lang='lat' dir='ltr'><strong>adsalutem</strong></span> <span class='ocrx_word' id='word_1_139' title='bbox 1561 2351 1701 2408; x_wconf 86' lang='lat' dir='ltr'><strong>corum</strong></span> <span class='ocrx_word' id='word_1_140' title='bbox 1731 2327 1803 2435; x_wconf 92' lang='lat' dir='ltr'><strong>qui</strong></span> <span class='ocrx_word' id='word_1_141' title='bbox 1832 2323 2079 2434; x_wconf 85' lang='lat' dir='ltr'><strong>gubernandi</strong></span> 
     </span>
     <span class='ocr_line' id='line_1_17' title="bbox 290 2435 2081 2544; baseline -0.007 -20"><span class='ocrx_word' id='word_1_142' title='bbox 290 2454 410 2535; x_wconf 77' lang='lat' dir='ltr'><strong>sunt,</strong></span> <span class='ocrx_word' id='word_1_143' title='bbox 439 2467 531 2522; x_wconf 92' lang='lat' dir='ltr'><strong>cum</strong></span> <span class='ocrx_word' id='word_1_144' title='bbox 560 2438 704 2518; x_wconf 88' lang='lat' dir='ltr'><strong>timore</strong></span> <span class='ocrx_word' id='word_1_145' title='bbox 734 2464 779 2515; x_wconf 90' lang='lat' dir='ltr'><strong>ac</strong></span> <span class='ocrx_word' id='word_1_146' title='bbox 809 2453 982 2517; x_wconf 91' lang='lat' dir='ltr'><strong>tremore</strong></span> <span class='ocrx_word' id='word_1_147' title='bbox 1011 2435 1174 2516; x_wconf 83' lang='lat' dir='ltr'><strong>creditae</strong></span> <span class='ocrx_word' id='word_1_148' title='bbox 1203 2436 1413 2544; x_wconf 90' lang='lat' dir='ltr'><strong>potestatis</strong></span> <span class='ocrx_word' id='word_1_149' title='bbox 1457 2435 1738 2517; x_wconf 89' lang='lat' dir='ltr'><strong>auctoritatem</strong></span> <span class='ocrx_word' id='word_1_150' title='bbox 1762 2453 1980 2532; x_wconf 84' lang='lat' dir='ltr'><strong>exercent,</strong></span> <span class='ocrx_word' id='word_1_151' title='bbox 2007 2447 2081 2512; x_wconf 89' lang='lat' dir='ltr'><strong>stu·</strong></span> 
     </span>
     <span class='ocr_line' id='line_1_18' title="bbox 157 2543 2083 2658; baseline -0.004 -27"><span class='ocrx_word' id='word_1_152' title='bbox 157 2629 167 2645; x_wconf 63' lang='lat'><strong>„</strong></span> <span class='ocrx_word' id='word_1_153' title='bbox 294 2549 436 2656; x_wconf 83' lang='lat' dir='ltr'><strong>dentes</strong></span> <span class='ocrx_word' id='word_1_154' title='bbox 464 2577 623 2657; x_wconf 84' lang='lat' dir='ltr'><strong>semper</strong></span> <span class='ocrx_word' id='word_1_155' title='bbox 651 2546 972 2656; x_wconf 83' lang='lat' dir='ltr'><strong>antecessoribus</strong></span> <span class='ocrx_word' id='word_1_156' title='bbox 1001 2548 1083 2626; x_wconf 93' lang='lat' dir='ltr'><strong>suis</strong></span> <span class='ocrx_word' id='word_1_157' title='bbox 1111 2545 1300 2626; x_wconf 91' lang='lat' dir='ltr'><strong>inbonis</strong></span> <span class='ocrx_word' id='word_1_158' title='bbox 1329 2545 1486 2626; x_wconf 90' lang='lat' dir='ltr'><strong>actibus</strong></span> <span class='ocrx_word' id='word_1_159' title='bbox 1510 2543 1768 2643; x_wconf 84' lang='lat' dir='ltr'><strong>conformari,</strong></span> <span class='ocrx_word' id='word_1_160' title='bbox 1793 2553 1832 2626; x_wconf 91' lang='grc'><strong>8(</strong></span> <span class='ocrx_word' id='word_1_161' title='bbox 1847 2575 1941 2658; x_wconf 88' lang='lat' dir='ltr'><strong>quae</strong></span> <span class='ocrx_word' id='word_1_162' title='bbox 1957 2543 2083 2626; x_wconf 88' lang='lat' dir='ltr'><strong>lauda·</strong></span> 
     </span>
     <span class='ocr_line' id='line_1_19' title="bbox 292 2654 2085 2765; baseline -0.005 -23"><span class='ocrx_word' id='word_1_163' title='bbox 292 2659 514 2742; x_wconf 82' lang='lat' dir='ltr'><strong>biliterab</strong></span> <span class='ocrx_word' id='word_1_164' title='bbox 543 2661 599 2740; x_wconf 88' lang='lat' dir='ltr'><strong>eis</strong></span> <span class='ocrx_word' id='word_1_165' title='bbox 630 2656 736 2738; x_wconf 88' lang='lat' dir='ltr'><strong>facta</strong></span> <span class='ocrx_word' id='word_1_166' title='bbox 766 2674 879 2755; x_wconf 93' lang='lat' dir='ltr'><strong>sunt,</strong></span> <span class='ocrx_word' id='word_1_167' title='bbox 909 2657 1206 2738; x_wconf 74' lang='lat' dir='ltr'><strong>&amp;servarein</strong></span> <span class='ocrx_word' id='word_1_168' title='bbox 1236 2657 1475 2765; x_wconf 76' lang='lat' dir='ltr'><strong>semctipsiS,</strong></span> <span class='ocrx_word' id='word_1_169' title='bbox 1505 2655 1661 2737; x_wconf 85' lang='lat' dir='ltr'><strong>&amp;aliis</strong></span> <span class='ocrx_word' id='word_1_170' title='bbox 1703 2654 1970 2739; x_wconf 89' lang='lat' dir='ltr'><strong>nihilominus</strong></span> <span class='ocrx_word' id='word_1_171' title='bbox 2012 2683 2085 2735; x_wconf 91' lang='lat' dir='ltr'><strong>ser·</strong></span> 
     </span>
     <span class='ocr_line' id='line_1_20' title="bbox 292 2763 2087 2879; baseline -0.005 -25"><span class='ocrx_word' id='word_1_172' title='bbox 292 2771 428 2878; x_wconf 86' lang='lat' dir='ltr'><strong>vanda</strong></span> <span class='ocrx_word' id='word_1_173' title='bbox 457 2788 693 2850; x_wconf 90' lang='lat' dir='ltr'><strong>monstrare.</strong></span> <span class='ocrx_word' id='word_1_174' title='bbox 724 2763 810 2848; x_wconf 90' lang='lat' dir='ltr'><strong>Hac</strong></span> <span class='ocrx_word' id='word_1_175' title='bbox 845 2769 981 2879; x_wconf 88' lang='lat' dir='ltr'><strong>itaque</strong></span> <span class='ocrx_word' id='word_1_176' title='bbox 1010 2797 1083 2850; x_wconf 90' lang='lat' dir='ltr'><strong>nos</strong></span> <span class='ocrx_word' id='word_1_177' title='bbox 1111 2767 1286 2877; x_wconf 87' lang='lat' dir='ltr'><strong>suscepti</strong></span> <span class='ocrx_word' id='word_1_178' title='bbox 1314 2766 1438 2874; x_wconf 85' lang='lat' dir='ltr'><strong>oflicij</strong></span> <span class='ocrx_word' id='word_1_179' title='bbox 1473 2765 1793 2850; x_wconf 88' lang='lat' dir='ltr'><strong>consideratione</strong></span> <span class='ocrx_word' id='word_1_180' title='bbox 1844 2765 2025 2866; x_wconf 91' lang='lat' dir='ltr'><strong>inducti,</strong></span> <span class='ocrx_word' id='word_1_181' title='bbox 2053 2771 2087 2845; x_wconf 92' lang='grc'><strong>8(</strong></span> 
     </span>
     <span class='ocr_line' id='line_1_21' title="bbox 292 2873 2087 2990; baseline -0.006 -26"><span class='ocrx_word' id='word_1_182' title='bbox 292 2883 421 2966; x_wconf 85' lang='lat' dir='ltr'><strong>felicis</strong></span> <span class='ocrx_word' id='word_1_183' title='bbox 445 2882 644 2966; x_wconf 81' lang='lat' dir='ltr'><strong>memoriae</strong></span> <span class='ocrx_word' id='word_1_184' title='bbox 674 2879 843 2961; x_wconf 89' lang='lat' dir='ltr'><strong>Adriani</strong></span> <span class='ocrx_word' id='word_1_185' title='bbox 872 2883 989 2988; x_wconf 87' lang='lat' dir='ltr'><strong>Papae</strong></span> <span class='ocrx_word' id='word_1_186' title='bbox 1017 2881 1276 2972; x_wconf 82' lang='lat' dir='ltr'><strong>antecessoris</strong></span> <span class='ocrx_word' id='word_1_187' title='bbox 1298 2877 1433 2963; x_wconf 63' lang='lat' dir='ltr'><strong>‘nostri</strong></span> <span class='ocrx_word' id='word_1_188' title='bbox 1461 2879 1640 2988; x_wconf 85' lang='lat' dir='ltr'><strong>vestigiis</strong></span> <span class='ocrx_word' id='word_1_189' title='bbox 1678 2877 1943 2975; x_wconf 87' lang='lat' dir='ltr'><strong>inhaerentes,</strong></span> <span class='ocrx_word' id='word_1_190' title='bbox 1983 2873 2087 2990; x_wconf 91' lang='lat' dir='ltr'><strong>quod</strong></span> 
     </span>
     <span class='ocr_line' id='line_1_22' title="bbox 294 2987 2088 3102; baseline -0.005 -28"><span class='ocrx_word' id='word_1_191' title='bbox 294 2995 380 3102; x_wconf 90' lang='lat' dir='ltr'><strong>ipse</strong></span> <span class='ocrx_word' id='word_1_192' title='bbox 410 2992 460 3074; x_wconf 91' lang='lat' dir='ltr'><strong>de</strong></span> <span class='ocrx_word' id='word_1_193' title='bbox 489 2987 794 3076; x_wconf 87' lang='lat' dir='ltr'><strong>confirmatione</strong></span> <span class='ocrx_word' id='word_1_194' title='bbox 822 2993 937 3098; x_wconf 85' lang='lat' dir='ltr'><strong>regni</strong></span> <span class='ocrx_word' id='word_1_195' title='bbox 967 2993 1118 3081; x_wconf 72' lang='lat' dir='ltr'><strong>Suetiae,</strong></span> <span class='ocrx_word' id='word_1_196' title='bbox 1142 3019 1233 3074; x_wconf 92' lang='lat' dir='ltr'><strong>cum</strong></span> <span class='ocrx_word' id='word_1_197' title='bbox 1263 2990 1429 3072; x_wconf 86' lang='lat' dir='ltr'><strong>fratrum</strong></span> <span class='ocrx_word' id='word_1_198' title='bbox 1466 3018 1631 3072; x_wconf 91' lang='lat' dir='ltr'><strong>suorum</strong></span> <span class='ocrx_word' id='word_1_199' title='bbox 1676 2989 1845 3072; x_wconf 90' lang='lat' dir='ltr'><strong>consilio</strong></span> <span class='ocrx_word' id='word_1_200' title='bbox 1875 2996 1918 3070; x_wconf 98' lang='grc'><strong>8(</strong></span> <span class='ocrx_word' id='word_1_201' title='bbox 1947 2989 2088 3070; x_wconf 87' lang='lat' dir='ltr'><strong>volun·</strong></span> 
     </span>
     <span class='ocr_line' id='line_1_23' title="bbox 296 3099 2089 3219; baseline -0.004 -37"><span class='ocrx_word' id='word_1_202' title='bbox 296 3120 378 3185; x_wconf 90' lang='lat' dir='ltr'><strong>tate</strong></span> <span class='ocrx_word' id='word_1_203' title='bbox 407 3104 737 3208; x_wconf 86' lang='lat' dir='ltr'><strong>constituit,nos</strong></span> <span class='ocrx_word' id='word_1_204' title='bbox 765 3103 884 3186; x_wconf 91' lang='lat' dir='ltr'><strong>etiam</strong></span> <span class='ocrx_word' id='word_1_205' title='bbox 913 3101 1072 3182; x_wconf 85' lang='lat' dir='ltr'><strong>firmum</strong></span> <span class='ocrx_word' id='word_1_206' title='bbox 1101 3111 1140 3184; x_wconf 89' lang='grc'><strong>8(</strong></span> <span class='ocrx_word' id='word_1_207' title='bbox 1169 3100 1368 3182; x_wconf 90' lang='lat' dir='ltr'><strong>illibatum</strong></span> <span class='ocrx_word' id='word_1_208' title='bbox 1397 3103 1603 3214; x_wconf 84' lang='lat' dir='ltr'><strong>perpetuis</strong></span> <span class='ocrx_word' id='word_1_209' title='bbox 1625 3101 1879 3219; x_wconf 71' lang='lat' dir='ltr'><strong>tempopibus</strong></span> <span class='ocrx_word' id='word_1_210' title='bbox 1910 3099 2089 3199; x_wconf 86' lang='lat' dir='ltr'><strong>decerni·</strong></span> 
     </span>
     <span class='ocr_line' id='line_1_24' title="bbox 288 3207 2089 3325; baseline -0.004 -30"><span class='ocrx_word' id='word_1_211' title='bbox 288 3207 382 3296; x_wconf 80' lang='lat' dir='ltr'><strong>¹mus</strong></span> <span class='ocrx_word' id='word_1_212' title='bbox 411 3243 658 3324; x_wconf 87' lang='lat' dir='ltr'><strong>permanere.</strong></span> <span class='ocrx_word' id='word_1_213' title='bbox 690 3213 912 3295; x_wconf 90' lang='lat' dir='ltr'><strong>Constituit</strong></span> <span class='ocrx_word' id='word_1_214' title='bbox 941 3216 1048 3296; x_wconf 91' lang='lat' dir='ltr'><strong>enim</strong></span> <span class='ocrx_word' id='word_1_215' title='bbox 1063 3212 1175 3325; x_wconf 89' lang='lat' dir='ltr'><strong>quod</strong></span> <span class='ocrx_word' id='word_1_216' title='bbox 1190 3209 1418 3292; x_wconf 89' lang='lat' dir='ltr'><strong>Lundensis</strong></span> <span class='ocrx_word' id='word_1_217' title='bbox 1439 3213 1790 3323; x_wconf 88' lang='lat' dir='ltr'><strong>Arcbiepiscopus,</strong></span> <span class='ocrx_word' id='word_1_218' title='bbox 1805 3211 1890 3321; x_wconf 89' lang='lat' dir='ltr'><strong>qui</strong></span> <span class='ocrx_word' id='word_1_219' title='bbox 1928 3240 1978 3293; x_wconf 92' lang='lat' dir='ltr'><strong>ro</strong></span> <span class='ocrx_word' id='word_1_220' title='bbox 1995 3229 2089 3289; x_wconf 91' lang='lat' dir='ltr'><strong>tem·</strong></span> 
     </span>
     <span class='ocr_line' id='line_1_25' title="bbox 292 3239 2090 3436; baseline -0.007 -28"><span class='ocrx_word' id='word_1_221' title='bbox 292 3353 394 3436; x_wconf 88' lang='lat' dir='ltr'><strong>pore</strong></span> <span class='ocrx_word' id='word_1_222' title='bbox 423 3325 566 3422; x_wconf 82' lang='lat' dir='ltr'><strong>suerit,</strong></span> <span class='ocrx_word' id='word_1_223' title='bbox 598 3353 720 3434; x_wconf 89' lang='lat' dir='ltr'><strong>super</strong></span> <span class='ocrx_word' id='word_1_224' title='bbox 749 3353 918 3434; x_wconf 85' lang='lat' dir='ltr'><strong>regnum</strong></span> <span class='ocrx_word' id='word_1_225' title='bbox 948 3323 1048 3408; x_wconf 89' lang='lat' dir='ltr'><strong>illud</strong></span> <span class='ocrx_word' id='word_1_226' title='bbox 1092 3325 1310 3432; x_wconf 86' lang='lat' dir='ltr'><strong>primatum</strong></span> <span class='ocrx_word' id='word_1_227' title='bbox 1340 3349 1497 3430; x_wconf 89' lang='lat' dir='ltr'><strong>semper</strong></span> <span class='ocrx_word' id='word_1_228' title='bbox 1540 3323 1734 3420; x_wconf 91' lang='lat' dir='ltr'><strong>obtineat,</strong></span> <span class='ocrx_word' id='word_1_229' title='bbox 1764 3331 1802 3404; x_wconf 93' lang='grc'><strong>8(</strong></span> <span class='ocrx_word' id='word_1_230' title='bbox 1830 3239 1983 3402; x_wconf 82' lang='lat' dir='ltr'><strong>ordine</strong></span> <span class='ocrx_word' id='word_1_231' title='bbox 2013 3343 2090 3430; x_wconf 91' lang='lat' dir='ltr'><strong>quo</strong></span> 
     </span>
     <span class='ocr_line' id='line_1_26' title="bbox 292 3425 2092 3551; baseline -0.004 -34"><span class='ocrx_word' id='word_1_232' title='bbox 292 3437 574 3546; x_wconf 77' lang='lat' dir='ltr'><strong>subsequitur,</strong></span> <span class='ocrx_word' id='word_1_233' title='bbox 602 3425 747 3518; x_wconf 85' lang='lat' dir='ltr'><strong>debeat</strong></span> <span class='ocrx_word' id='word_1_234' title='bbox 764 3437 813 3526; x_wconf 71' lang='lat' dir='ltr'><strong>,ei</strong></span> <span class='ocrx_word' id='word_1_235' title='bbox 843 3463 1029 3545; x_wconf 75' lang='lat' dir='ltr'><strong>praeesse:</strong></span> <span class='ocrx_word' id='word_1_236' title='bbox 1061 3437 1132 3551; x_wconf 91' lang='lat' dir='ltr'><strong>qui</strong></span> <span class='ocrx_word' id='word_1_237' title='bbox 1161 3453 1276 3518; x_wconf 87' lang='lat' dir='ltr'><strong>tanto</strong></span> <span class='ocrx_word' id='word_1_238' title='bbox 1314 3434 1586 3548; x_wconf 84' lang='lat' dir='ltr'><strong>frequentius,</strong></span> <span class='ocrx_word' id='word_1_239' title='bbox 1616 3441 1655 3518; x_wconf 90' lang='grc'><strong>8(</strong></span> <span class='ocrx_word' id='word_1_240' title='bbox 1692 3433 1829 3513; x_wconf 89' lang='lat' dir='ltr'><strong>utilius</strong></span> <span class='ocrx_word' id='word_1_241' title='bbox 1866 3431 1930 3514; x_wconf 91' lang='lat' dir='ltr'><strong>illi</strong></span> <span class='ocrx_word' id='word_1_242' title='bbox 1962 3452 2092 3524; x_wconf 86' lang='lat' dir='ltr'><strong>terrae,</strong></span> 
     </span>
     <span class='ocr_line' id='line_1_27' title="bbox 288 3545 2094 3659; baseline -0.004 -32"><span class='ocrx_word' id='word_1_243' title='bbox 288 3559 383 3659; x_wconf 23' lang='lat' dir='ltr'><strong>&#39;quae</strong></span> <span class='ocrx_word' id='word_1_244' title='bbox 397 3547 449 3628; x_wconf 91' lang='lat' dir='ltr'><strong>ad</strong></span> <span class='ocrx_word' id='word_1_245' title='bbox 464 3547 631 3628; x_wconf 91' lang='lat' dir='ltr'><strong>salutem</strong></span> <span class='ocrx_word' id='word_1_246' title='bbox 660 3545 838 3649; x_wconf 79' lang='lat' dir='ltr'><strong>fidelium</strong></span> <span class='ocrx_word' id='word_1_247' title='bbox 882 3549 1099 3656; x_wconf 90' lang='lat' dir='ltr'><strong>pertinent,</strong></span> <span class='ocrx_word' id='word_1_248' title='bbox 1141 3547 1402 3642; x_wconf 90' lang='lat' dir='ltr'><strong>ministrabit,</strong></span> <span class='ocrx_word' id='word_1_249' title='bbox 1447 3549 1600 3655; x_wconf 91' lang='lat' dir='ltr'><strong>quanto</strong></span> <span class='ocrx_word' id='word_1_250' title='bbox 1641 3545 1921 3626; x_wconf 87' lang='lat' dir='ltr'><strong>necessitatem</strong></span> <span class='ocrx_word' id='word_1_251' title='bbox 1953 3568 2094 3624; x_wconf 92' lang='lat' dir='ltr'><strong>eorum</strong></span> 
     </span>
     <span class='ocr_line' id='line_1_28' title="bbox 290 3656 2095 3769; baseline -0.006 -30"><span class='ocrx_word' id='word_1_252' title='bbox 290 3678 414 3768; x_wconf 75' lang='lat' dir='ltr'><strong>¹atque</strong></span> <span class='ocrx_word' id='word_1_253' title='bbox 443 3656 643 3738; x_wconf 83' lang='lat' dir='ltr'><strong>delectum</strong></span> <span class='ocrx_word' id='word_1_254' title='bbox 673 3659 843 3739; x_wconf 91' lang='lat' dir='ltr'><strong>evicino</strong></span> <span class='ocrx_word' id='word_1_255' title='bbox 872 3659 1029 3766; x_wconf 86' lang='lat' dir='ltr'><strong>plenius</strong></span> <span class='ocrx_word' id='word_1_256' title='bbox 1058 3661 1208 3769; x_wconf 89' lang='lat' dir='ltr'><strong>poterit</strong></span> <span class='ocrx_word' id='word_1_257' title='bbox 1239 3657 1398 3740; x_wconf 82' lang='lat' dir='ltr'><strong>intueri,</strong></span> <span class='ocrx_word' id='word_1_258' title='bbox 1429 3656 1601 3748; x_wconf 90' lang='lat' dir='ltr'><strong>Pallium</strong></span> <span class='ocrx_word' id='word_1_259' title='bbox 1623 3657 1727 3734; x_wconf 91' lang='lat' dir='ltr'><strong>enim</strong></span> <span class='ocrx_word' id='word_1_260' title='bbox 1758 3657 2013 3734; x_wconf 89' lang='lat' dir='ltr'><strong>antecessori</strong></span> <span class='ocrx_word' id='word_1_261' title='bbox 2029 3672 2095 3731; x_wconf 92' lang='lat' dir='ltr'><strong>tuo</strong></span> 
     </span>
     <span class='ocr_line' id='line_1_29' title="bbox 286 3766 2098 3876; baseline -0.002 -24"><span class='ocrx_word' id='word_1_262' title='bbox 286 3769 455 3866; x_wconf 85' lang='lat' dir='ltr'><strong>tribuit,</strong></span> <span class='ocrx_word' id='word_1_263' title='bbox 485 3782 532 3848; x_wconf 92' lang='lat' dir='ltr'><strong>ut</strong></span> <span class='ocrx_word' id='word_1_264' title='bbox 561 3768 924 3876; x_wconf 89' lang='lat' dir='ltr'><strong>Archiepiscopum</strong></span> <span class='ocrx_word' id='word_1_265' title='bbox 947 3774 990 3855; x_wconf 89' lang='lat' dir='ltr'><strong>in</strong></span> <span class='ocrx_word' id='word_1_266' title='bbox 1019 3798 1145 3876; x_wconf 84' lang='lat' dir='ltr'><strong>regno</strong></span> <span class='ocrx_word' id='word_1_267' title='bbox 1175 3770 1319 3850; x_wconf 89' lang='lat' dir='ltr'><strong>Suetiae</strong></span> <span class='ocrx_word' id='word_1_268' title='bbox 1348 3768 1615 3876; x_wconf 85' lang='lat' dir='ltr'><strong>quamcitius</strong></span> <span class='ocrx_word' id='word_1_269' title='bbox 1630 3766 1920 3875; x_wconf 84' lang='lat' dir='ltr'><strong>opportunitas</strong></span> <span class='ocrx_word' id='word_1_270' title='bbox 1955 3793 2098 3848; x_wconf 80' lang='lat' dir='ltr'><strong>occur·</strong></span> 
     </span>
     <span class='ocr_line' id='line_1_30' title="bbox 285 3877 2097 3987; baseline -0.003 -25"><span class='ocrx_word' id='word_1_271' title='bbox 285 3900 401 3986; x_wconf 63' lang='lat' dir='ltr'><strong>³reret</strong></span> <span class='ocrx_word' id='word_1_272' title='bbox 444 3877 669 3972; x_wconf 89' lang='lat' dir='ltr'><strong>ordinaret,</strong></span> <span class='ocrx_word' id='word_1_273' title='bbox 699 3884 738 3956; x_wconf 90' lang='grc'><strong>8(</strong></span> <span class='ocrx_word' id='word_1_274' title='bbox 765 3877 933 3957; x_wconf 90' lang='lat' dir='ltr'><strong>Pallium</strong></span> <span class='ocrx_word' id='word_1_275' title='bbox 965 3895 1104 3985; x_wconf 86' lang='lat' dir='ltr'><strong>nostra</strong></span> <span class='ocrx_word' id='word_1_276' title='bbox 1134 3879 1169 3958; x_wconf 89' lang='lat' dir='ltr'><strong>ei</strong></span> <span class='ocrx_word' id='word_1_277' title='bbox 1198 3879 1284 3956; x_wconf 91' lang='lat' dir='ltr'><strong>vice</strong></span> <span class='ocrx_word' id='word_1_278' title='bbox 1313 3877 1528 3974; x_wconf 86' lang='lat' dir='ltr'><strong>conferret,</strong></span> <span class='ocrx_word' id='word_1_279' title='bbox 1558 3905 1607 3958; x_wconf 91' lang='lat' dir='ltr'><strong>eo</strong></span> <span class='ocrx_word' id='word_1_280' title='bbox 1642 3878 1804 3987; x_wconf 90' lang='lat' dir='ltr'><strong>quidem</strong></span> <span class='ocrx_word' id='word_1_281' title='bbox 1842 3877 1998 3958; x_wconf 91' lang='lat' dir='ltr'><strong>ordine</strong></span> <span class='ocrx_word' id='word_1_282' title='bbox 2029 3877 2097 3959; x_wconf 87' lang='lat' dir='ltr'><strong>ob·</strong></span> 
     </span>
     <span class='ocr_line' id='line_1_31' title="bbox 285 3985 2096 4098; baseline -0.009 -20"><span class='ocrx_word' id='word_1_283' title='bbox 285 4009 473 4088; x_wconf 79' lang='lat' dir='ltr'><strong>servato,</strong></span> <span class='ocrx_word' id='word_1_284' title='bbox 489 4004 535 4072; x_wconf 95' lang='lat' dir='ltr'><strong>ut</strong></span> <span class='ocrx_word' id='word_1_285' title='bbox 556 3987 745 4070; x_wconf 88' lang='lat' dir='ltr'><strong>videlicet</strong></span> <span class='ocrx_word' id='word_1_286' title='bbox 759 3985 793 4066; x_wconf 90' lang='lat' dir='ltr'><strong>is</strong></span> <span class='ocrx_word' id='word_1_287' title='bbox 807 3989 879 4098; x_wconf 90' lang='lat' dir='ltr'><strong>qui</strong></span> <span class='ocrx_word' id='word_1_288' title='bbox 895 4016 968 4098; x_wconf 88' lang='lat' dir='ltr'><strong>per</strong></span> <span class='ocrx_word' id='word_1_289' title='bbox 997 3987 1254 4090; x_wconf 86' lang='lat' dir='ltr'><strong>Lundensem</strong></span> <span class='ocrx_word' id='word_1_290' title='bbox 1282 3987 1644 4097; x_wconf 85' lang='lat' dir='ltr'><strong>Archiepiscopum</strong></span> <span class='ocrx_word' id='word_1_291' title='bbox 1673 3987 2026 4098; x_wconf 87' lang='lat' dir='ltr'><strong>Metropolitanus</strong></span> <span class='ocrx_word' id='word_1_292' title='bbox 2041 3987 2096 4068; x_wconf 88' lang='lat' dir='ltr'><strong>ibi</strong></span> 
     </span>
     <span class='ocr_line' id='line_1_32' title="bbox 293 4091 2100 4208; baseline -0.003 -26"><span class='ocrx_word' id='word_1_293' title='bbox 293 4101 416 4194; x_wconf 83' lang='lat' dir='ltr'><strong>fuerit</strong></span> <span class='ocrx_word' id='word_1_294' title='bbox 443 4102 664 4195; x_wconf 90' lang='lat' dir='ltr'><strong>institutus,</strong></span> <span class='ocrx_word' id='word_1_295' title='bbox 692 4099 862 4208; x_wconf 85' lang='lat' dir='ltr'><strong>gratiam</strong></span> <span class='ocrx_word' id='word_1_296' title='bbox 906 4100 1218 4181; x_wconf 90' lang='lat' dir='ltr'><strong>consecrationis</strong></span> <span class='ocrx_word' id='word_1_297' title='bbox 1247 4097 1319 4206; x_wconf 84' lang='lat' dir='ltr'><strong>per</strong></span> <span class='ocrx_word' id='word_1_298' title='bbox 1335 4093 1496 4206; x_wconf 89' lang='lat' dir='ltr'><strong>manum</strong></span> <span class='ocrx_word' id='word_1_299' title='bbox 1525 4091 1829 4208; x_wconf 85' lang='lat' dir='ltr'><strong>Archiepiscopi</strong></span> <span class='ocrx_word' id='word_1_300' title='bbox 1856 4099 2100 4180; x_wconf 78' lang='lat' dir='ltr'><strong>Lundensis</strong></span> 
     </span>
     <span class='ocr_line' id='line_1_33' title="bbox 288 4203 2101 4323; baseline -0.003 -29"><span class='ocrx_word' id='word_1_301' title='bbox 288 4213 475 4321; x_wconf 79' lang='lat' dir='ltr'><strong>adeptus,</strong></span> <span class='ocrx_word' id='word_1_302' title='bbox 504 4213 581 4323; x_wconf 91' lang='lat' dir='ltr'><strong>ipsi</strong></span> <span class='ocrx_word' id='word_1_303' title='bbox 609 4207 870 4291; x_wconf 86' lang='lat' dir='ltr'><strong>&amp;Lundensi</strong></span> <span class='ocrx_word' id='word_1_304' title='bbox 898 4208 1101 4308; x_wconf 82' lang='lat' dir='ltr'><strong>Ecclesiae,</strong></span> <span class='ocrx_word' id='word_1_305' title='bbox 1156 4209 1264 4293; x_wconf 91' lang='lat' dir='ltr'><strong>salva</strong></span> <span class='ocrx_word' id='word_1_306' title='bbox 1307 4203 1501 4292; x_wconf 77' lang='lat' dir='ltr'><strong>fidelitate</strong></span> <span class='ocrx_word' id='word_1_307' title='bbox 1552 4212 1745 4310; x_wconf 88' lang='lat' dir='ltr'><strong>Romanae</strong></span> <span class='ocrx_word' id='word_1_308' title='bbox 1793 4207 2016 4308; x_wconf 80' lang='lat' dir='ltr'><strong>Ecclesiae,</strong></span> <span class='ocrx_word' id='word_1_309' title='bbox 2060 4209 2101 4288; x_wconf 88' lang='lat' dir='ltr'><strong>fi-</strong></span> 
     </span>
     <span class='ocr_line' id='line_1_34' title="bbox 293 4318 2101 4433; baseline -0.001 -31"><span class='ocrx_word' id='word_1_310' title='bbox 293 4323 495 4404; x_wconf 89' lang='lat' dir='ltr'><strong>delitatem</strong></span> <span class='ocrx_word' id='word_1_311' title='bbox 522 4327 561 4402; x_wconf 92' lang='grc'><strong>8(</strong></span> <span class='ocrx_word' id='word_1_312' title='bbox 590 4320 861 4402; x_wconf 89' lang='lat' dir='ltr'><strong>obedientiam</strong></span> <span class='ocrx_word' id='word_1_313' title='bbox 892 4321 1119 4429; x_wconf 85' lang='lat' dir='ltr'><strong>juramento</strong></span> <span class='ocrx_word' id='word_1_314' title='bbox 1147 4319 1367 4428; x_wconf 81' lang='lat' dir='ltr'><strong>promittat.</strong></span> <span class='ocrx_word' id='word_1_315' title='bbox 1396 4321 1566 4401; x_wconf 89' lang='lat' dir='ltr'><strong>Pallium</strong></span> <span class='ocrx_word' id='word_1_316' title='bbox 1596 4325 1689 4401; x_wconf 87' lang='lat' dir='ltr'><strong>sane</strong></span> <span class='ocrx_word' id='word_1_317' title='bbox 1719 4318 1850 4401; x_wconf 88' lang='lat' dir='ltr'><strong>taliter</strong></span> <span class='ocrx_word' id='word_1_318' title='bbox 1865 4326 2101 4433; x_wconf 79' lang='lat' dir='ltr'><strong>conseque·</strong></span> 
     </span>
     <span class='ocr_line' id='line_1_35' title="bbox 292 4430 2102 4543; baseline 0.002 -34"><span class='ocrx_word' id='word_1_319' title='bbox 292 4449 371 4511; x_wconf 92' lang='lat' dir='ltr'><strong>tur.</strong></span> <span class='ocrx_word' id='word_1_320' title='bbox 388 4430 811 4514; x_wconf 90' lang='lat' dir='ltr'><strong>NunciusLundensis</strong></span> <span class='ocrx_word' id='word_1_321' title='bbox 828 4433 1013 4515; x_wconf 87' lang='lat' dir='ltr'><strong>Ecclesiae</strong></span> <span class='ocrx_word' id='word_1_322' title='bbox 1043 4431 1239 4543; x_wconf 90' lang='lat' dir='ltr'><strong>siquidem</strong></span> <span class='ocrx_word' id='word_1_323' title='bbox 1270 4457 1360 4509; x_wconf 92' lang='lat' dir='ltr'><strong>cum</strong></span> <span class='ocrx_word' id='word_1_324' title='bbox 1389 4433 1541 4511; x_wconf 93' lang='lat' dir='ltr'><strong>nuncio</strong></span> <span class='ocrx_word' id='word_1_325' title='bbox 1570 4431 1677 4511; x_wconf 90' lang='lat' dir='ltr'><strong>illius</strong></span> <span class='ocrx_word' id='word_1_326' title='bbox 1706 4431 1891 4512; x_wconf 76' lang='lat' dir='ltr'><strong>Ecclesiae</strong></span> <span class='ocrx_word' id='word_1_327' title='bbox 1923 4462 2013 4542; x_wconf 91' lang='lat' dir='ltr'><strong>pro</strong></span> <span class='ocrx_word' id='word_1_328' title='bbox 2031 4437 2102 4512; x_wconf 91' lang='lat' dir='ltr'><strong>im·</strong></span> 
     </span>
    </p>
   </div>
   <div class='ocr_carea' id='block_1_7' title="bbox 162 4538 2104 4651">
    <p class='ocr_par' dir='ltr' id='par_1_7' title="bbox 162 4538 2104 4651">
     <span class='ocr_line' id='line_1_36' title="bbox 162 4538 2104 4651; baseline 0.002 -33"><span class='ocrx_word' id='word_1_329' title='bbox 162 4597 165 4603; x_wconf 88' lang='lat'>-</span> <span class='ocrx_word' id='word_1_330' title='bbox 231 4553 234 4567; x_wconf 78' lang='lat'><em>&#39;</em></span> <span class='ocrx_word' id='word_1_331' title='bbox 291 4541 490 4651; x_wconf 93' lang='lat' dir='ltr'><strong>petrando</strong></span> <span class='ocrx_word' id='word_1_332' title='bbox 518 4543 643 4623; x_wconf 90' lang='lat' dir='ltr'><strong>Pallio</strong></span> <span class='ocrx_word' id='word_1_333' title='bbox 673 4540 725 4622; x_wconf 92' lang='lat' dir='ltr'><strong>ad</strong></span> <span class='ocrx_word' id='word_1_334' title='bbox 753 4542 971 4640; x_wconf 86' lang='lat' dir='ltr'><strong>Ecclesiam</strong></span> <span class='ocrx_word' id='word_1_335' title='bbox 999 4545 1220 4623; x_wconf 89' lang='lat' dir='ltr'><strong>Romanam</strong></span> <span class='ocrx_word' id='word_1_336' title='bbox 1249 4538 1433 4641; x_wconf 84' lang='lat' dir='ltr'><strong>accedat3</strong></span> <span class='ocrx_word' id='word_1_337' title='bbox 1463 4540 1977 4624; x_wconf 84' lang='lat' dir='ltr'><strong>&amp;cumilludaRomano</strong></span> <span class='ocrx_word' id='word_1_338' title='bbox 1994 4547 2104 4625; x_wconf 90' lang='lat' dir='ltr'><strong>Pon·</strong></span> 
     </span>
    </p>
   </div>
   <div class='ocr_carea' id='block_1_8' title="bbox 293 4651 2108 5097">
    <p class='ocr_par' dir='ltr' id='par_1_8' title="bbox 293 4651 2108 5097">
     <span class='ocr_line' id='line_1_37' title="bbox 293 4651 2103 4759; baseline 0 -27"><span class='ocrx_word' id='word_1_339' title='bbox 293 4651 399 4732; x_wconf 89' lang='lat' dir='ltr'><strong>tilicc</strong></span> <span class='ocrx_word' id='word_1_340' title='bbox 428 4653 723 4758; x_wconf 88' lang='lat' dir='ltr'><strong>impetraverit,</strong></span> <span class='ocrx_word' id='word_1_341' title='bbox 751 4652 804 4734; x_wconf 92' lang='lat' dir='ltr'><strong>ad</strong></span> <span class='ocrx_word' id='word_1_342' title='bbox 819 4655 1074 4738; x_wconf 88' lang='lat' dir='ltr'><strong>Lundensem</strong></span> <span class='ocrx_word' id='word_1_343' title='bbox 1090 4652 1303 4734; x_wconf 88' lang='lat' dir='ltr'><strong>Ecclesiam</strong></span> <span class='ocrx_word' id='word_1_344' title='bbox 1320 4656 1599 4759; x_wconf 85' lang='lat' dir='ltr'><strong>reportabunt.</strong></span> <span class='ocrx_word' id='word_1_345' title='bbox 1617 4652 1843 4733; x_wconf 89' lang='lat' dir='ltr'><strong>Lundensis</strong></span> <span class='ocrx_word' id='word_1_346' title='bbox 1859 4671 2010 4735; x_wconf 89' lang='lat' dir='ltr'><strong>autem</strong></span> <span class='ocrx_word' id='word_1_347' title='bbox 2027 4661 2103 4734; x_wconf 87' lang='lat' dir='ltr'><strong>Ar·</strong></span> 
     </span>
     <span class='ocr_line' id='line_1_38' title="bbox 293 4760 2107 4874; baseline -0.001 -30"><span class='ocrx_word' id='word_1_348' title='bbox 293 4760 570 4867; x_wconf 89' lang='lat' dir='ltr'><strong>ehiepiscopus</strong></span> <span class='ocrx_word' id='word_1_349' title='bbox 599 4762 699 4845; x_wconf 90' lang='lat' dir='ltr'><strong>illud</strong></span> <span class='ocrx_word' id='word_1_350' title='bbox 728 4765 946 4874; x_wconf 90' lang='lat' dir='ltr'><strong>accipiens,</strong></span> <span class='ocrx_word' id='word_1_351' title='bbox 975 4766 1292 4873; x_wconf 88' lang='lat' dir='ltr'><strong>Archiepiseopo</strong></span> <span class='ocrx_word' id='word_1_352' title='bbox 1321 4762 1466 4842; x_wconf 83' lang='lat' dir='ltr'><strong>Suetiae</strong></span> <span class='ocrx_word' id='word_1_353' title='bbox 1508 4767 1679 4861; x_wconf 86' lang='lat' dir='ltr'><strong>tribuet,</strong></span> <span class='ocrx_word' id='word_1_354' title='bbox 1708 4769 1746 4842; x_wconf 92' lang='grc'><strong>8(</strong></span> <span class='ocrx_word' id='word_1_355' title='bbox 1776 4760 2030 4847; x_wconf 87' lang='lat' dir='ltr'><strong>fidelitatem</strong></span> <span class='ocrx_word' id='word_1_356' title='bbox 2069 4771 2107 4843; x_wconf 88' lang='grc'><strong>8(</strong></span> 
     </span>
     <span class='ocr_line' id='line_1_39' title="bbox 293 4871 2105 4985; baseline -0.001 -30"><span class='ocrx_word' id='word_1_357' title='bbox 293 4871 565 4955; x_wconf 88' lang='lat' dir='ltr'><strong>obedientiam</strong></span> <span class='ocrx_word' id='word_1_358' title='bbox 594 4875 782 4956; x_wconf 86' lang='lat' dir='ltr'><strong>Romanae</strong></span> <span class='ocrx_word' id='word_1_359' title='bbox 811 4875 998 4957; x_wconf 88' lang='lat' dir='ltr'><strong>Ecclesiae</strong></span> <span class='ocrx_word' id='word_1_360' title='bbox 1026 4871 1290 4985; x_wconf 86' lang='lat' dir='ltr'><strong>jurejurando</strong></span> <span class='ocrx_word' id='word_1_361' title='bbox 1304 4875 1523 4979; x_wconf 87' lang='lat' dir='ltr'><strong>promittet.</strong></span> <span class='ocrx_word' id='word_1_362' title='bbox 1554 4873 2013 4983; x_wconf 85' lang='lat' dir='ltr'><strong>Metropolitanovero</strong></span> <span class='ocrx_word' id='word_1_363' title='bbox 2046 4875 2105 4955; x_wconf 91' lang='lat' dir='ltr'><strong>ibi</strong></span> 
     </span>
     <span class='ocr_line' id='line_1_40' title="bbox 294 4982 2108 5097; baseline 0.001 -33"><span class='ocrx_word' id='word_1_364' title='bbox 294 4982 344 5065; x_wconf 88' lang='lat' dir='ltr'><strong>ad</strong></span> <span class='ocrx_word' id='word_1_365' title='bbox 359 4984 556 5065; x_wconf 91' lang='lat' dir='ltr'><strong>honorem</strong></span> <span class='ocrx_word' id='word_1_366' title='bbox 571 4983 645 5063; x_wconf 89' lang='lat' dir='ltr'><strong>Dei</strong></span> <span class='ocrx_word' id='word_1_367' title='bbox 659 4991 697 5065; x_wconf 90' lang='grc'><strong>8(</strong></span> <span class='ocrx_word' id='word_1_368' title='bbox 712 4986 897 5068; x_wconf 87' lang='lat' dir='ltr'><strong>decorem</strong></span> <span class='ocrx_word' id='word_1_369' title='bbox 914 4985 1057 5069; x_wconf 92' lang='lat' dir='ltr'><strong>domus</strong></span> <span class='ocrx_word' id='word_1_370' title='bbox 1073 5017 1152 5070; x_wconf 83' lang='lat' dir='ltr'><strong>suae</strong></span> <span class='ocrx_word' id='word_1_371' title='bbox 1181 4985 1427 5097; x_wconf 87' lang='lat' dir='ltr'><strong>salutemque</strong></span> <span class='ocrx_word' id='word_1_372' title='bbox 1448 4985 1624 5069; x_wconf 88' lang='lat' dir='ltr'><strong>fidelium</strong></span> <span class='ocrx_word' id='word_1_373' title='bbox 1654 4986 1874 5066; x_wconf 87' lang='lat' dir='ltr'><strong>constituto</strong></span> <span class='ocrx_word' id='word_1_374' title='bbox 1888 4987 2108 5069; x_wconf 78' lang='lat' dir='ltr'><strong>Lunden-</strong></span> 
     </span>
    </p>
   </div>
   <div class='ocr_carea' id='block_1_9' title="bbox 0 0 2190 5942">
    <p class='ocr_par' dir='ltr' id='par_1_9' title="bbox 0 0 2190 5942">
     <span class='ocr_line' id='line_1_41' title="bbox 0 0 2190 5942; baseline 0 0"><span class='ocrx_word' id='word_1_375' title='bbox 0 0 2190 5942; x_wconf 95' lang='lat' dir='ltr'><strong> </strong></span> 
     </span>
    </p>
   </div>
  </div>
 </body>
</html>
