4406 5966
1005 507 1063 552 -ῑ
1172 488 1253 594 678
1363 443 1473 560 »-¹

311 703 509 820 generalis
535 704 644 790 facta
670 705 794 791 luerit
822 707 1048 819 prohibitio
1090 709 1212 790 etiam
1258 707 1337 791 loci
1365 707 1474 791 illius
1517 708 1659 791 incolis
1701 709 1753 791 de
1794 710 1995 822 aliquibus
2021 742 2092 796 nou
2174 745 2176 812 l

312 815 539 902 deferendis
567 825 607 900 8(
634 849 719 904 non
745 819 934 903 obstante
968 819 1251 931 prohibitione.
1287 822 1401 923 Quin
1428 819 1561 901 incole
1590 818 1792 903 dictarum
1825 826 2034 904 ciuitatum
2059 827 2092 906 iu
2175 835 2176 890 ¹

311 931 535 1040 Noruegia,
564 937 604 1014 8(
631 933 771 1016 Norici
800 933 844 1013 in
871 931 990 1014 dictis
1018 933 1269 1028 ciuitatibus,
1299 933 1341 1012 in
1369 931 1552 1041 qualibet
1579 933 1681 1018 hora
1697 932 1778 1017 diei
1793 936 1950 1042 possint
1978 965 2092 1026 emere

309 1069 374 1126 res
402 1070 668 1156 quascunque
696 1045 857 1125 uenales
887 1045 982 1154 ipsis
1010 1069 1211 1154 congruas
1238 1045 1343 1124 sicut
1378 1043 1456 1124 loci
1489 1044 1621 1124 incole
1650 1073 1673 1124 a
1707 1072 1824 1126 mane
1863 1045 2016 1128 scilieet
2039 1077 2092 1128 us·

311 1184 393 1267 que
421 1181 524 1237 sero.
553 1157 601 1238 ln
628 1183 713 1268 quo
748 1155 923 1237 articulo
963 1153 1194 1265 supplendo
1235 1154 1501 1251 declaramus,
1529 1161 1568 1236 8(
1596 1156 1913 1264 interpretamur
1957 1157 2092 1238 dictun

312 1267 527 1349 articulum
556 1295 640 1350 esse
668 1268 908 1377 generaliter
936 1264 1246 1348 obseruandum.
1284 1267 1344 1346 Eo
1372 1281 1506 1346 tamen
1535 1282 1717 1376 excepto,
1746 1268 1858 1378 quod
1888 1269 2028 1349 Norici
2054 1271 2091 1351 ad

314 1378 443 1460 dictas
476 1380 660 1461 ciuitates
692 1379 902 1461 venientes
930 1404 1013 1458 non
1057 1393 1228 1487 possunt
1270 1403 1402 1457 emere
1430 1378 1589 1459 venalia
1616 1379 1660 1458 in
1688 1381 1876 1463 curribus
1904 1385 1946 1459 8(
1975 1381 2094 1488 predi·

314 1507 470 1572 ctarum
498 1492 709 1574 ciuitatum
738 1489 869 1570 incole
898 1515 981 1570 non
1011 1507 1183 1597 possunt
1211 1515 1341 1570 emere
1371 1488 1528 1568 uenalia
1557 1489 1599 1567 in
1628 1489 1803 1571 nauibus
1831 1494 1873 1572 in
1901 1492 2095 1599 Noruegia

315 1603 552 1684 constitutis.
586 1604 635 1685 ln
662 1601 778 1683 cuius
807 1601 865 1681 rei
893 1601 1186 1697 testimonium,
1215 1617 1399 1680 nostrum
1429 1600 1604 1708 sigillum
1634 1604 1890 1710 presentibus
1920 1601 2096 1683 duximus

315 1712 615 1824 apponendum.
646 1717 791 1794 Actum
820 1710 1016 1794 Calmarie
1045 1715 1167 1792 Auno
1196 1717 1236 1792 8(
1262 1711 1328 1793 die
1357 1707 1560 1822 predictis.

317 2106 451 2248 819.
783 2153 787 2163 ·
962 2099 1192 2208 1285d
1265 2099 1477 2252 (Νον.ι
1877 2234 1881 2244 Ι
1962 2101 2096 2208 Rom.

397 2321 487 2386 Ptfv.
508 2321 665 2385 Honosrns
686 2319 757 2385 tvs
778 2321 857 2384 Brel
876 2319 925 2384 till
956 2319 1167 2403 Konungarne
1188 2322 1198 2382 i
1219 2319 1346 2404 Sverige
1376 2319 1438 2385 och
1471 2322 1633 2384 Danmerl
1665 2320 1799 2384 riirande
1819 2321 1898 2384 Psu
1920 2321 2098 2408 Capellsuen

358 2427 363 2442 ¹
448 2405 619 2468 Hnourrros
639 2404 841 2488 beslickning
860 2403 909 2466 till
930 2403 1056 2469 Norden
1077 2415 1122 2468 att
1142 2401 1199 2467 det·
1219 2404 1361 2490 uppbtirs
1382 2404 1558 2467 iterstoden
1578 2403 1616 2467 al
1632 2403 1743 2486 Heligs
1763 2403 1987 2490 laudshjelpeu.

1736 2515 1770 2574 L
1789 2532 1829 2574 tot
1851 2517 1927 2574 10²6.
1943 2514 1978 2591 Ἰ)

480 2660 687 2740 Honomth
716 2657 851 2766 episco
883 2683 950 2754 us,
979 2681 1119 2736 servus
1160 2681 1368 2738 servorum
1395 2654 1489 2754 Dei,
1533 2655 1736 2735 carissimo
1762 2657 1805 2736 in
1834 2653 2001 2737 Christo
2029 2655 2098 2736 filio

317 2773 463 2882 Regi*
492 2770 509 2805 *
537 2771 553 2804 *
581 2766 775 2849 *illustri
809 2686 976 2849 sabstem
1005 2771 1045 2847 8(
1072 2768 1335 2876 apostolicam
1377 2763 1713 2848 benedictionem.
1770 2769 1939 2870 Quanto
1967 2769 2099 2875 majori

313 2881 464 2967 effectu
492 2879 647 2962 felicem
689 2881 985 2991 promotionem
1027 2880 1180 2988 negotii
1221 2895 1329 2961 terre
1371 2895 1518 2960 sanetae
1542 2873 1787 2959 ¹desiderare
1815 2895 1855 2958 te
1887 2879 2100 2976 credimus,

314 3012 429 3078 tanto
456 2993 635 3075 securius
663 2990 950 3074 Celsitudinem
980 2991 1146 3100 Regiam
1174 2990 1379 3099 pulsamus
1408 2988 1599 3105 precibus
1626 2993 1668 3068 8(
1694 2986 1838 3070 fiducia
1867 2993 2101 3098 reqvirimus

313 3104 503 3216 ampliori
530 3129 653 3211 super
681 3105 757 3184 hiis
785 3130 862 3214 qve
892 3104 1053 3211 negotia
1082 3103 1096 3181 i
1127 3129 1214 3183 sum
1242 3103 1476 3210 contingere
1505 3098 1814 3211 dignoscuntur.
1841 3100 1946 3180 Cum
1976 3105 2102 3212 itaque

315 3218 508 3302 dilectum
537 3213 663 3294 filium
692 3214 1001 3324 Hugnitionem,
1031 3131 1250 3322 plebanum
1285 3213 1416 3329 plebis
1443 3213 1495 3296 de
1524 3211 1764 3293 Castellione
1806 3212 1989 3292 Aretinae
2019 3216 2102 3294 Dic·

310 3331 431 3425 cesis,
460 3323 752 3434 cappellanum
780 3340 964 3406 nostrum
980 3325 1147 3405 latorem
1169 3327 1428 3440 praesentium
1457 3322 1508 3405 ad
1539 3325 1724 3433 Regnum
1752 3323 1769 3358 *
1798 3324 1815 3359 *
1842 3325 1859 3358 *
1887 3323 1905 3358 *
1934 3352 2015 3432 pro
2042 3353 2101 3404 ne·

315 3441 428 3550 gotio
459 3435 624 3517 decimae
650 3451 767 3517 terrae
794 3453 944 3518 sanctae
972 3437 1013 3516 in
1043 3437 1102 3517 Re
1132 3463 1186 3517 no
1214 3437 1304 3545 ipso
1338 3435 1598 3525 subventioni
1639 3461 1825 3546 concesse
1869 3451 2029 3544 sumpta
2058 3433 2102 3514 de

313 3553 438 3662 ipsius
466 3547 681 3655 multiplici
709 3548 891 3628 bonitate
919 3547 1065 3642 fiducia
1095 3464 1357 3642 destinemus,
1401 3545 1690 3632 Excellentiam
1719 3545 1885 3656 Regiam
1921 3573 2098 3656 rogamus

313 3671 352 3744 8(
380 3663 592 3742 hortamur
619 3661 663 3742 in
692 3659 886 3764 Domino,
912 3677 1111 3767 ‚qnatenus
1140 3688 1218 3768 pro
1245 3657 1379 3742 divina
1411 3665 1451 3741 8(
1483 3657 1725 3767 Apostolicae
1760 3657 1866 3739 sedis
1895 3685 1942 3738 ac
1975 3675 2102 3740 nostra

314 3774 540 3856 reverentia
570 3769 808 3879 praedictum
867 3768 1058 3850 leb'anum
1091 3767 1216 3866 habes
1259 3771 1474 3880 benignius
1493 3801 1498 3809 ·
1515 3765 1839 3850 commendatum
1867 3767 1945 3851 tibi
1988 3797 2104 3880 super

314 3884 526 3997 praemissis
548 3911 640 3964 cum
669 3879 720 3962 ab
749 3907 798 3962 eo
826 3798 952 3961 iberis
980 3883 1194 3992 requisitus
1223 3883 1339 3993 Regii
1367 3879 1516 3964 favoris
1558 3877 1753 3968 auxilium
1782 3879 1967 3991 largiaris
1996 3881 2032 3961 ei
2060 3880 2106 3961 de

315 4023 457 4079 securo
485 3990 708 4089 conductu,
738 3990 789 4072 de
817 3991 1066 4101 benignitate
1095 3993 1204 4102 regia
1263 3995 1487 4090 consutus,
1524 3993 1580 4072 ita
1619 3987 1730 4102 qvod
1758 3988 1865 4072 idem
1907 3990 2106 4073 Plebanus
2172 4083 2173 4090 .

1223 4023 1397 4206 Nescius
1425 4103 1576 4184 habere
1603 4127 1645 4183 se
1674 4101 1808 4184 valeat
1828 4101 1965 4184 iubae
1980 4124 2105 4214 parte,

313 4239 437 4330 tuqve
466 4213 638 4326 proinde
666 4215 717 4296 ab
745 4215 927 4311 omnium
955 4215 1201 4298 retributore
1229 4217 1429 4316 bonorum
1459 4211 1662 4330 condigna
1695 4215 1860 4323 praemia
1887 4241 2108 4325 consequa·
2171 4203 2173 4296 ἶ

314 4113 441 4219 Regio
469 4105 606 4185 favore
634 4101 826 4185 suffultus
855 4103 1100 4184 fructuosius
1128 4109 1171 4197 8(
1194 4131 1219 4206 e

312 4337 386 4427 ris,
413 4331 564 4409 aenos
591 4327 726 4436 Regias
754 4325 981 4409 devotionis
1008 4325 1371 4438 promptitudinem
1400 4326 1600 4408 immerito
1633 4322 1972 4407 commendemus.
2033 4328 2108 4406 Da·

311 4459 399 4570 tum
428 4441 564 4522 Romee
591 4435 701 4564 apud
729 4437 770 4538 S.
800 4437 990 4519 Sabinam
1020 4435 1215 4544 Kalendis
1255 4437 1497 4520 Novembris
1544 4434 1804 4534 Pontificatus‘
1828 4437 1962 4518 nostri
2000 4459 2108 4518 anno

310 4579 453 4664 primo.

352 4800 377 4875 *)
399 4793 520 4855 Genom
551 4791 683 4856 Proless
714 4793 859 4856 Mlmsrs
889 4793 1010 4876 lb'rsorg
1041 4791 1205 4857 utshilvet
1225 4795 1236 4857 i
1257 4791 1338 4856 Rom
1360 4792 1461 4874 tillils
1492 4790 1566 4876 med
1586 4787 1661 4872 flere
1681 4791 1693 4854 i
1713 4811 1832 4854 samma
1863 4797 1973 4874 imre,
1993 4794 2106 4856 sisoim

394 4873 474 4940 Brel‘
488 4875 536 4937 till
557 4873 825 4959 irie-Bislopen,
847 4876 999 4962 Bisloper
1018 4871 1081 4946 och
1101 4875 1244 4940 Prelater
1264 4878 1275 4938 i
1296 4875 1440 4961 Sverige,
1458 4897 1500 4956 en
1519 4875 1585 4955 pidl
1609 4875 1666 4958 stig
1686 4873 1850 4937 Fullmakt
1871 4875 1923 4938 for
1944 4875 2106 4952 llueumu

396 4957 457 5023 och
478 4959 637 5040 anvisning
657 4967 703 5024 ott
722 4957 826 5038 lemna
847 4958 887 5024 de
905 4951 1045 5024 amuda
1063 4959 1366 5047 ρωιιὶιιμωᾼϋί
1433 4959 1588 5044 dllslap'
1640 4950 1774 5038 ndlende
1793 4957 1868 5022 situ
1887 4957 2037 5038 Florem,
2054 4959 2107 5022 sl!

391 5043 432 5122 ,af
447 5063 571 5106 samma
587 5041 666 5136 deffi
687 5037 749 5108 och
770 5039 809 5104 al
823 5040 884 5104 <tt
905 5045 982 5128 Not.
1003 5041 1078 5106 Pst's
1087 5039 1149 5136 och
1159 5040 1899 5130 recommendatiouidrntmndekdpmtnmm.
1920 5042 1958 5108 L.
1983 5039 2105 5128 ¹0²9⁰¹t
