4382 5964
793 529 850 556 ·-
959 488 1040 575 663
1152 531 1270 556 -··

103 733 237 873 807.
360 641 364 648 1
515 631 1433 875 .1285d.³31Jul.(anug.?)

180 944 274 1012 nna
284 903 490 1014 cussum
501 941 931 1033 &tensamentum
950 941 1421 1034 mhnolsmmptullltorgaren
1435 945 1898 1014 rmmrmtstoeuom.

1311 1057 1765 1172 Abarshochmatt.
1907 1089 1916 1100 -

135 1272 155 1286 ..
268 1198 479 1280 Vniuersis
505 1215 642 1280 sancte
683 1197 824 1280 matris
852 1193 1017 1282 ecclesie
1058 1194 1150 1279 filiis
1192 1195 1341 1309 quibus
1384 1213 1590 1308 presentes
1632 1198 1897 1284 innotuerint.

96 1308 268 1391 karolus
296 1308 504 1420 gostafson
533 1308 707 1393 Salutem
739 1310 783 1392 iu
814 1306 981 1390 domino
1009 1311 1292 1420 sempiternam
1321 1311 1525 1414 Quoniam
1551 1308 1607 1393 ob
1636 1311 1800 1396 labilem
1828 1313 1900 1396 ho·

95 1422 254 1504 minum
286 1423 517 1505 memoriam
550 1421 714 1533 viteque
756 1419 910 1532 fragilis
951 1421 1212 1520 breuitatem,
1247 1447 1328 1533 que
1357 1421 1659 1530 racionabiliter
1686 1442 1777 1508 acta
1805 1443 1902 1509 sunt

96 1531 339 1646 frequenter
368 1529 583 1616 indubium
612 1536 877 1630 remeantur,
905 1529 1095 1615 elucescit
1122 1549 1257 1614 autem
1285 1550 1325 1616 et
1352 1533 1459 1616 uiuit
1487 1535 1594 1616 actio
1628 1537 1742 1618 cuins
1769 1565 1812 1626 se
1839 1535 1899 1617 fa·

95 1647 154 1726 cit
190 1647 326 1727 littera
354 1643 607 1726 defensorem
635 1643 793 1727 elucere
821 1644 947 1755 igitur
974 1643 1160 1726 volumus
1194 1672 1269 1728 nos
1310 1641 1478 1728 domino
1505 1644 1783 1755 thydemanno'
1812 1647 1899 1730 friis

94 1769 251 1838 terram
289 1785 412 1868 quam
441 1757 484 1839 in
511 1772 631 1865 argee
659 1759 699 1840 8(
726 1755 933 1866 bolstump
961 1755 1211 1867 possedimus
1239 1784 1316 1867 pro
1353 1756 1474 1866 pleno
1502 1757 1641 1867 precio
1669 1756 1898 1844 vendidisse

95 1867 386 1951 transferentes
415 1868 457 1948 iu
485 1868 618 1977 ipsum
645 1895 692 1951 ac
723 1865 891 1949 heredes
919 1895 1013 1950 suos
1040 1867 1312 1950 omnimodam
1340 1867 1568 1974 libertatem
1582 1865 1730 1952 dictam
1750 1887 1900 1953 terram

96 1979 336 2088 possidendi
363 1975 567 2062 vendendi
601 1977 875 2061 commutandi
907 1979 999 2063 siue
1023 1979 1316 2090 quoquomodo
1345 1975 1563 2062 ordinandi
1590 1980 1644 2061 Jn
1672 1982 1788 2064 cuius
1803 1983 1899 2067 facti

94 2091 372 2174 testimonium
405 2088 458 2171 ad
486 2090 735 2173 euidenciam
751 2090 973 2199 pleniorem
1005 2091 1048 2172 Si
1077 2090 1189 2172 illum
1218 2107 1402 2174 nostrum
1428 2093 1684 2201 presentibus
1711 2091 1901 2178 duximus

95 2202 389 2313 apponendum
406 2202 663 2310 presentibus
678 2199 844 2283 domino
871 2203 1030 2298 thoriro
1049 2120 1085 2280 l<

91 2315 170 2397 lin.
202 2317 353 2398 Datum
380 2340 489 2396 anno
519 2309 673 2394 domini
700 2311 1089 2396 M⁰CC⁰LXXX⁰V⁰
1120 2315 1163 2397 in
1191 2312 1257 2397 die
1287 2314 1496 2424 germanni
1524 2316 1717 2426 episcopi.

154 2539 158 2546 Ι
328 2455 374 2518 Af
390 2454 555 2539 originalet
575 2463 610 2518 8(
630 2461 671 2517 en'
690 2433 742 2517 del
763 2453 953 2519 bortrifvent
982 2454 1035 2520 det
1055 2454 1214 2519 bristaude
1234 2464 1269 2520 ar
1289 2455 1432 2520 bttmtadt
1452 2455 1491 2522 uf
1505 2455 1674 2521 afskriflen.

5 2545 11 2556 ¹
90 2570 299 2654 sigillantes
313 2574 374 2636 Nm
398 2591 426 2651 1,
446 2579 489 2634 elt
509 2570 627 2656 stycke,
646 2568 720 2636 mod
741 2591 780 2634 en
800 2568 964 2636 mnruocb
983 2570 1233 2638 onustum...
1246 2591 1361 2638 suum
1382 2591 1601 2640 alsuanum
1622 2571 1703 2638 edel.
1722 2585 1768 2640 ett
1787 2575 1900 2662 stycke.

95 2839 239 2948 808.
680 2963 685 2973 ι
815 2835 966 2946 1285
1013 2843 1031 2943 i
1074 2838 1207 2988 Aug.
1747 2841 1903 2951 Paris.

187 3028 295 3126 Abbot
316 3060 465 3124 Mnrrsus
486 3057 548 3122 och
568 3057 650 3122 Hert·
672 3057 799 3138 snam,
820 3058 840 3122 8
860 3057 1050 3142 Konungens
1069 3061 1081 3124 i
1102 3059 1278 3126 Frankribe
1297 3004 1431 3144 unguor,
1463 3057 1549 3142 gisna
1569 3055 1708 3122 lillstlnd
1729 3059 1780 3123 fiir
1800 3061 1903 3125 Dom-
1950 3057 1953 3064 ’

237 3145 368 3208 Prosten
389 3144 532 3206 Asnam
552 3141 613 3205 och
636 3141 714 3206 bans
733 3151 810 3206 natta
840 3141 1043 3212 inuebafvarc
1064 3153 1109 3210 att
1128 3155 1204 3226 utam¹
1224 3144 1269 3210 all
1290 3165 1393 3209 aunan
1423 3153 1521 3226 lunga
1542 3150 1581 3206 'a‘u
1601 3163 1640 3206 eu
1661 3141 1801 3207 besttmd
1822 3145 1904 3230 salig

143 3259 146 3268 .
237 3227 330 3312 afgift
350 3235 407 3310 liga
426 3237 471 3290 ett
490 3228 501 3288 i
522 3225 611 3290 Paris
630 3227 742 3333 inklipt
761 3225 829 3291 hus.
1296 3269 1305 3275 -
1518 3307 1588 3365 Μ
1616 3324 1631 3363 ι
1657 3307 1683 3364 3·
1699 3304 1726 3365 a
1742 3309 1771 3377 ὴ)

269 3445 465 3528 miracus
493 3445 752 3528 miseracione
781 3442 921 3527 diuina
957 3446 1122 3548 ecclesie
1151 3445 1260 3528 beati
1300 3443 1480 3555 dionisij
1508 3447 1553 3526 in
1580 3442 1736 3528 francia
1778 3445 1904 3530 abbas

90 3559 264 3645 humilis
293 3575 332 3641 et
360 3557 506 3658 simon
536 3554 725 3640 dominus
752 3556 921 3666 Nigelle.
949 3558 1104 3641 Locum
1132 3573 1314 3641 tenentes
1329 3556 1482 3640 domini
1502 3555 1623 3665 Regis
1650 3556 1802 3639 francie
1817 3559 1901 3640 No·

1 3689 2 3692 ‘
90 3692 189 3779 tum
217 3671 388 3752 facimus
415 3667 614 3750 uniuersis
653 3687 736 3750 tam
780 3668 1035 3778 presentibus
1077 3697 1200 3778 quam
1244 3669 1405 3753 futuris.
1448 3665 1683 3780 quodcum
1710 3668 1902 3777 Magister

90 3784 284 3870 Andreas
313 3781 543 3892 prepositus
571 3779 791 3890 upsalensis
819 3780 863 3861 in
889 3781 1051 3864 suescia.
1089 3782 1210 3864 titulo
1238 3780 1460 3891 empcionis
1501 3777 1734 3888 acquisierit
1762 3795 1810 3860 ut
1837 3781 1900 3860 in·

90 3897 330 3982 telleximus
357 3921 381 3974 a
407 3889 626 3975 Guillelmo
655 3891 706 3975 de
735 3919 754 3973 s
782 3950 793 3972 .
821 3950 832 3971 .
860 3918 987 4001 queso
1029 3890 1255 4002 pellipario.
1298 3895 1400 3975 Ciue
1432 3885 1641 3999 parisiensi
1668 3895 1707 3971 8(
1736 3889 1924 3990 matilde

90 4013 186 4094 eius
214 4032 341 4088 vxore
369 4000 573 4115 quandam
602 4002 767 4108 domum
794 4003 911 4084 sitam
940 4004 1097 4111 parisiis
1125 4005 1230 4086 vltra
1252 4031 1426 4114 paruum
1446 4015 1611 4111 pontem
1639 3997 1683 4082 in
1709 4003 1800 4085 vico
1816 4027 1927 4082 ser--

93 4125 237 4234 pentis
265 4120 369 4198 Cum
396 4113 574 4227 quadam
603 4111 810 4198 Grancbia
833 4113 986 4196 'ardino
1001 4121 1039 4195 8(
1054 4117 1139 4204 eius
1154 4117 1425 4226 pertinenciis.
1455 4115 1547 4218 Quc
1562 4110 1725 4224 quidem
1754 4112 1899 4196 domus

91 4227 363 4345 protenditur
391 4222 600 4338 usquead
628 4227 762 4309 vicum
791 4143 843 4308 ad
876 4221 976 4312 duas
1004 4243 1143 4335 portas
1172 4227 1379 4337 contigere
1407 4253 1458 4308 ex
1486 4251 1569 4305 vno
1605 4219 1729 4306 latere
1757 4222 1899 4333 domuj

92 4347 223 4453 Regis
251 4339 304 4422 ad
332 4364 467 4421 ensem
495 4354 537 4419 et
569 4365 620 4420 ex
648 4337 730 4418 alio
758 4335 899 4446 domuj
928 4341 1158 4421 constancia
1185 4338 1266 4421 filie
1296 4334 1479 4420 defuncti
1508 4333 1688 4444 magistri
1716 4332 1897 4418 thierrici

92 4453 318 4536 theudonis
345 4451 390 4532 in
433 4447 615 4533 dominio
643 4456 684 4533 8(
710 4476 882 4531 censura
917 4447 1070 4531 domini
1113 4449 1234 4557 Regis
1275 4451 1362 4532 Nos
1395 4478 1446 4533 ex
1474 4446 1782 4530 auctoritate&
1808 4448 1897 4529 vice

1087 2201 1244 2286 aetilsou
1258 2208 1299 2285 8(
1320 2201 1487 2286 domino
1514 2201 1757 2287 hartmanno
1770 2229 1901 2316 grem·
2003 2257 2006 2262 ·

92 4565 258 4650 domini
285 4561 405 4672 Regis
432 4561 552 4650 nobis
585 4563 794 4646 commissa
821 4578 862 4643 et
890 4563 1052 4643 nomine
1078 4560 1234 4642 domini
1275 4561 1397 4672 Regis
1421 4566 1462 4645 8(
1489 4585 1566 4668 pro
1594 4557 1684 4668 ipso
1712 4557 1898 4642 volumus
1986 4677 1994 4686 ι
2071 4539 2077 4552 ’

145 4779 172 4856 q
193 4768 278 4862 Utus
299 4794 345 4916 eq
357 4768 470 4916 officgql
491 4765 697 4916 vlidiithatioqfi
710 4769 813 4915 gifqen
835 4772 846 4835 i
866 4771 957 4835 Paris
974 4738 1240 4917 fflfflgenflll‘r
1255 4765 1493 4916 'lleffinimi‘l
1516 4767 1605 4868 sadra
1622 4765 1782 4914 pdqldageq
1801 4769 1823 4912 id
1833 4767 1898 4913 Fqi-

237 4866 399 5002 {itit
405 4863 813 5016 'addabarim‘
820 4863 1318 5001 sl“.li...‘tlt¹¹b.¹tit.n
1337 4873 1442 5021 ilis
1450 4871 1625 5013 siffis}
1643 4871 1768 4997 int
1782 4870 1898 4999 its

238 5021 320 5086 dock
341 5030 376 5084 tir·
396 5019 475 5084 ester
495 5029 538 5082 ett
558 5029 652 5082 annal
671 5013 929 5101 bertknings'ssn,
950 5021 1003 5083 det
1033 5021 1196 5098 Pisauska,
1228 5039 1295 5082 som
1322 5019 1482 5104 begynuer
1508 5020 1575 5082 ant
1605 5016 1679 5080 med
1700 5016 1731 5079 d.
1752 5015 1793 5080 25
1813 5019 1900 5083 Mars

238 5105 315 5168 aller
335 5101 406 5183 det,
427 5123 493 5166 som
514 5105 572 5250 giir
592 5097 694 5164 denua
714 5099 1004 5249 tidsafdelninquid
1025 5102 1162 5182 Piston,
1182 5099 1244 5165 ocb
1265 5101 1383 5165 siledes
1401 5101 1561 5164 utmirlrer
1575 5097 1751 5166 hvsdester
1770 5099 1897 5166 virbe-

237 5188 368 5272 rusina
387 5195 423 5254 lt·
443 5185 510 5252 dt
556 5185 642 5252 otus
656 5180 744 5265 1286,
753 5182 906 5250 uuderbv
952 5183 1063 5270 endag
1082 5184 1447 5252 deuravidimationock
1462 5185 1662 5253 kommeratt
1671 5183 1899 5272 btrupptegas.

977 5357 987 5370 ἱ

2019 5312 2100 5336 ἡ
