4398 5958
988 475 1047 505 ..
1156 437 1281 544 472·
1347 476 1407 507 ....
1496 461 1521 528 g

289 695 292 706 ⁴
304 657 578 776 prophanavit
621 683 786 770 quoque
829 655 1082 758 Sancmaria,
1122 673 1164 740 et
1205 657 1362 742 diversa
1404 656 1495 742 loca
1542 655 1683 742 divino
1725 656 1852 738 cultui
1893 653 2093 765 deputata,

301 773 459 867 multis,
487 767 708 881 privilegiis
736 797 852 850 sacro
881 769 995 852 fonte
1022 773 1184 868 renatis,
1213 799 1346 852 seeum
1368 769 1554 853 adductis
1582 768 1880 864 miserabiliter,
1895 795 1998 878 quos
2023 795 2094 877 pro

302 883 422 966 dolor
449 883 595 965 ritibus
609 879 611 886 ⁴
624 883 850 991 prophanis
877 883 1115 980 instructos,
1143 909 1213 962 sue
1242 884 1427 966 servituti
1442 883 1674 992 gravissime
1689 879 1998 988 dampnabiliter
2029 908 2098 990 ap-

302 994 488 1106 plicavit,
517 993 729 1104 pauendo,
757 995 861 1074 sicut
890 993 1040 1076 dicitur
1068 996 1111 1075 in
1141 991 1280 1076 furore
1307 994 1370 1074 sui
1398 995 1539 1092 animi,
1568 1008 1609 1072 et
1636 992 1863 1074 vehementi
1890 989 2027 1074 cordis
2049 990 2099 1071 ad

243 1105 275 1214 ⁴,
303 1108 520 1201 ulteriora,
548 1133 620 1184 seu
647 1105 880 1210 gravissima
909 1105 1121 1214 progredi,
1149 1106 1227 1184 nisi
1261 1105 1531 1215 generationis
1560 1101 1738 1186 ciusdem
1767 1100 1968 1213 stupenda
1996 1103 2102 1184 seui·

303 1219 367 1300 cia
396 1245 470 1327 per
497 1217 727 1296 instantiam
756 1217 918 1296 virtutis
947 1218 1104 1298 obiecte
1127 1237 1310 1316 corruat,
1345 1232 1386 1298 et
1415 1245 1489 1326 per
1516 1239 1766 1325 consequens
1800 1213 1876 1293 sub
1906 1213 2103 1293 Condito-

304 1331 361 1410 ris
389 1329 568 1408 omnium
598 1327 764 1406 mirifica
793 1331 974 1434 potentia
1003 1332 1297 1409 contremiscat.
1340 1330 1477 1430 Quare
1506 1325 1713 1436 predictus
1727 1325 1815 1406 Rex
1841 1341 1882 1404 et
1909 1351 1985 1433 per
2015 1351 2103 1431 spe-

306 1439 427 1523 ciales
455 1464 548 1523 suos
577 1440 763 1533 Nuntios,
780 1453 821 1517 et
849 1437 1001 1519 litteras
1029 1440 1224 1519 instanter
1257 1437 1454 1548 postulari
1484 1436 1629 1518 fecit'a
1658 1435 1795 1532 nobis,
1821 1451 1869 1514 ut
1888 1462 2015 1545 super
2029 1431 2102 1517 biis

305 1548 523 1662 providere
552 1547 602 1660 de
631 1562 839 1658 oportuno
868 1548 1088 1646 Conscilio,
1117 1566 1158 1630 et
1186 1548 1332 1630 festino
1375 1548 1555 1632 subsidio
1597 1573 1841 1629 curaremus.
1899 1548 2006 1627 Cum
2035 1547 2103 1628 ita·

310 1689 392 1775 que
422 1661 642 1770 apostolica
665 1656 902 1740 sollicitudo
931 1658 1123 1769 deposcat
1152 1660 1270 1743 offitii
1299 1660 1376 1741 sub
1404 1676 1517 1741 tanta
1552 1658 1784 1741 diversitate
1826 1655 2105 1739 discriminum

309 1789 564 1883 promptum,
594 1790 633 1853 et
663 1770 824 1852 salubre
852 1770 1074 1852 remedium
1100 1771 1297 1856 adhiberi.
1328 1773 1413 1852 Nos
1442 1771 1562 1880 Regis
1596 1769 1774 1852 eiusdem
1815 1769 2008 1876 precibus
2038 1771 2104 1876 pio

309 1900 597 1966 concurrentes
625 1881 773 1962 aflectu
803 1879 1035 1964 discretioni
1069 1902 1139 1965 tue
1166 1912 1240 1992 per
1269 1882 1491 1992 apostolica
1525 1881 1687 1990 Scripta
1721 1881 1901 1963 districte
1931 1881 2104 1989 precipi-

310 1993 419 2078 endo
448 1992 701 2092 mandamus,
730 2009 932 2102 quatenus
961 2023 1036 2104 per
1066 2012 1126 2091 te,
1164 2023 1210 2074 ae
1238 1995 1337 2074 alios
1371 1994 1581 2100 religiosos
1608 2008 1649 2074 et
1678 1991 1904 2089 Seculares,
1932 1995 1977 2072 in
2005 2019 2104 2101 quo-

310 2134 405 2187 rum
432 2103 548 2184 labiis
577 2102 705 2183 divini
732 2104 883 2214 eloquii
912 2107 1043 2212 gratia
1070 2107 1122 2186 sit
1152 2103 1322 2204 diffusa,
1365 2121 1507 2185 contra
1536 2102 1761 2214 predictam
1803 2104 2103 2210 generationem

311 2215 509 2328 perfidam
536 2213 579 2294 in
607 2216 749 2322 Regno
779 2217 868 2322 ipso
896 2216 1078 2324 predices
1120 2217 1291 2296 verbum
1328 2217 1485 2312 Crucis,
1534 2243 1622 2294 eam
1653 2243 1704 2294 ue
1738 2212 1971 2295 volentibus
1998 2214 2104 2293 illam

312 2353 515 2410 assumere
542 2353 636 2405 eum
664 2325 800 2406 debita
828 2329 1052 2408 reverentia
1080 2327 1262 2436 largiaris
1292 2353 1480 2409 concessa
1514 2326 1592 2406 illis
1621 2243 1672 2406 de
1701 2325 1843 2433 Regno
1889 2326 2002 2433 ipso,
2037 2327 2104 2435 qui

312 2439 359 2521 in
386 2438 570 2547 personis
598 2440 796 2546 propriis,
824 2455 865 2517 et
892 2441 1093 2547 expensis,
1134 2468 1180 2520 ac
1209 2441 1284 2535 eis,
1326 2439 1470 2548 quiin
1498 2438 1681 2545 personis
1718 2437 1921 2546 propriis,
1968 2435 2103 2518 sedin

315 2550 457 2631 alienis
485 2548 671 2656 expensis
700 2563 843 2630 contra
872 2578 1050 2657 paganos
1079 2550 1384 2660 proficissentur
1411 2546 1590 2645 eosdem,
1618 2546 1699 2626 illis
1712 2573 1878 2658 quoque
1894 2547 1967 2655 qui
1982 2548 2027 2628 in
2040 2573 2102 2628 ex·

314 2662 451 2772 pensis
479 2660 657 2768 propriis
685 2659 782 2744 illue
810 2660 1015 2742 mitterent
1041 2663 1224 2768 ydoneos
1258 2661 1493 2756 bellatores,
1535 2687 1610 2742 nec
1652 2686 1736 2739 non
1765 2660 1822 2739 eis
1849 2661 1924 2767 qui
1951 2659 2004 2741 ad
2031 2661 2102 2741 hoc

316 2771 516 2854 debonis
544 2772 625 2850 suis
653 2769 809 2880 aliquid
838 2770 1059 2880 largientur
1088 2775 1201 2855 iuxta
1230 2773 1499 2882 quantitatem
1521 2766 1711 2867 subsidii,
1739 2784 1781 2850 et
1802 2767 2028 2852 devotionis
2047 2769 2102 2850 as·

231 2975 237 2982 ,
317 2881 486 2979 lectum,
514 2879 623 2962 illam
651 2909 818 2963 suorum
860 2882 1115 2966 concedimus
1162 2885 1321 2965 veniam
1362 2897 1641 2992 peccatorum,
1683 2909 1764 2992 que
1806 2881 2102 2964 transeuntibus

318 3009 361 3074 et
388 2992 722 3074 subvenientibus
750 2994 793 3073 in
820 2993 946 3078 Terre
975 2997 1120 3080 Sancte
1153 2991 1380 3078 subsidium
1412 3022 1437 3075 a
1465 2991 1568 3077 Sede
1610 2993 1831 3104 apostoliea
1859 2994 1906 3076 in
1935 2991 2101 3104 generali

311 3103 518 3208 ‚Conscitio
547 3122 607 3188 est
638 3128 839 3190 concessa.

322 3503 457 3648 572.
824 3541 827 3554 ·
938 3517 1090 3645 1274
1136 3498 1184 3606 d.
1239 3501 1306 3609 13
1353 3498 1501 3609 Febr.

400 3721 501 3790 Canis
520 3720 558 3783 af
574 3720 662 3784 rane
683 3719 761 3783 Bres
776 3718 909 3784 rb'rande
929 3721 1039 3806 utbyte
1060 3723 1098 3784 of
1114 3718 1247 3784 Saltstad
1268 3721 1315 3784 till
1337 3721 1517 3786 Slokloster
1537 3733 1605 3786 mot
1625 3721 1756 3806 Haraby
1775 3741 1817 3785 m.
1837 3741 1880 3784 m.

1746 3832 1784 3890 A.
1802 3837 1827 3892 3.
1845 3835 1873 3891 b.
1899 3847 1931 3891 st
1953 3836 1979 3892 ⁵.

485 3971 696 4056 Uniuersis
730 3968 780 4051 ad
809 3997 985 4080 quorum
1014 3971 1198 4054 notitiam
1227 3999 1391 4080 presens
1419 3972 1617 4080 scriptum
1652 3969 1904 4079 peruenerit,
1932 3969 2107 4054 Karulus

320 4084 454 4169 dictus
482 4082 533 4165 de
561 4081 713 4174 Phaon.
742 4080 917 4163 Salutem
946 4083 988 4162 in
1017 4084 1196 4162 omnium
1224 4082 1424 4163 saluatore
1466 4084 1527 4162 Ne
1562 4108 1773 4190 processus
1800 4098 2038 4192 temporum
2069 4111 2108 4163 ea

320 4223 400 4307 que
429 4208 628 4306 geruntur
656 4195 698 4274 in
727 4209 908 4301 tempore
936 4191 1154 4274 obliuionis
1183 4194 1365 4276 nubilum
1395 4192 1587 4275 inducere
1629 4191 1865 4288 uideantur,
1901 4196 2109 4275 consueuit

319 4303 552 4390 huiusmodi
576 4305 819 4413 scriptorum
848 4306 1083 4386 testimoniis
1112 4305 1266 4387 dudum
1294 4323 1404 4413 gesta
1433 4304 1622 4385 memorie
1650 4303 1953 4400 commendare,
1982 4306 2108 4387 Noae·

322 4421 409 4505 rint
436 4421 573 4527 itaque
601 4432 684 4494 tam
712 4418 863 4522 posteri
892 4444 1014 4525 quam
1042 4434 1247 4524 presentes
1275 4444 1351 4496 nos
1377 4444 1469 4496 eum
1497 4413 1867 4497 sanctimonialibus
1888 4413 1942 4495 de
1972 4415 2111 4498 Seodc

321 4554 517 4609 consensu
546 4527 767 4608 liberorum
794 4542 1024 4608 nostrornm
1052 4526 1260 4636 quoddam
1288 4527 1487 4609 cambium
1516 4527 1649 4607 iniisse
1664 4553 1785 4636 super
1812 4528 2025 4608 mansione
2043 4556 2112 4607 no-

324 4654 408 4718 stra
437 4635 662 4720 Salthstade
689 4663 772 4716 non
800 4635 921 4744 longe
948 4667 971 4718 a
998 4637 1176 4719 elaustro
1205 4665 1342 4718 earum
1379 4640 1455 4720 sita
1493 4637 1594 4720 duas
1635 4665 1786 4719 marcas
1813 4655 1923 4718 terre
1952 4639 1996 4717 in
2025 4669 2112 4748 pre-

325 4749 405 4832 diis
432 4749 676 4844 continente,
705 4747 756 4828 ab
793 4747 941 4829 eisdem
973 4764 1108 4828 autem
1135 4750 1381 4838 mansionem
1421 4749 1590 4847 Harabi’
1631 4750 1776 4857 viginti
1803 4776 1898 4829 oras
1925 4753 1967 4828 Sc
1996 4779 2114 4831 vnam

327 4879 434 4976 terre
463 4861 737 4941 continentem
765 4860 983 4970 recepisse,
1012 4861 1072 4940 Ne
1101 4875 1233 4941 autem
1268 4857 1496 4972 calumpnia
1545 4860 1851 4976 qualiscumque
1895 4857 2114 4945 undecum-

1181 4992 1187 5004 '
1365 5001 1368 5008 ⁴
1832 4997 1916 5083 que
