4406 5966
616 475 690 512 ·.
826 487 885 510 ·-
994 443 1075 550 713
1171 489 1242 576 ⁸··-

133 669 217 757 duo
243 663 351 748 inira
377 663 609 775 proximum
643 659 789 745 festum
824 663 1109 774 assumptionis
1142 665 1311 776 virginis
1352 659 1538 776 gloriose.
1595 667 1648 753 Et
1675 684 1722 751 ut
1750 662 1941 779 predicta·
2027 678 2030 684 ’

132 781 267 866 omnia
293 777 421 859 robur
449 775 661 858 obtineant
675 773 892 872 firmitatis,
922 801 969 857 ea
997 803 1072 887 per
1103 775 1365 859 Guillelmum
1387 777 1688 889 infrascriptum
1716 781 1932 864 Notarium

131 891 256 976 scribi
283 895 323 972 &
350 885 553 998 publicari
594 884 891 984 mandavimus,
932 915 979 969 ac
1013 905 1155 968 nostro
1183 888 1330 998 sigillo*
1359 889 1519 970 muniri.
1548 890 1650 970 Lata
1673 895 1720 990 ,a
1748 920 1932 1000 pronun·
2052 945 2056 948 -
2191 880 2193 891 ’

130 1006 235 1086 ciata
262 998 340 1082 fuit
363 999 438 1082 hec
465 1000 666 1080 sententia
693 999 738 1079 in
765 999 925 1108 scriptis
953 999 996 1078 in
1024 1000 1186 1081 civitate
1201 998 1420 1082 Lubicensi
1441 1029 1516 1112 per
1539 999 1694 1082 dictum
1723 1003 1932 1094 dominnm

130 1110 407 1210 Cardinalem,
435 1108 692 1220 presentibus
720 1107 933 1219 predictis,
963 1111 1299 1219 Archiepiscopo,
1328 1114 1551 1222 Episcopo,
1572 1113 1753 1196 vPrelatis
1785 1119 1825 1194 &
1840 1117 1932 1198 Cle·

17 1325 27 1330 ,
130 1228 244 1322 ricis,
272 1249 348 1306 nee
376 1249 465 1316 non
490 1219 665 1303 dominis
709 1221 901 1304 Heinrico
943 1221 1182 1321 Scolastico,
1223 1223 1454 1305 Hermanno
1483 1227 1677 1324 Cantore,
1721 1226 1932 1335 Walpodo

130 1336 381 1432 Camerario,
409 1331 608 1418 Nicholao
635 1329 862 1431 sacerdote,
898 1337 938 1414 &
965 1333 1158 1441 Magistro
1194 1334 1442 1432 Alexandro,
1484 1337 1699 1418 Canonicis
1727 1337 1931 1421 Lubicen·

129 1446 473 1548 sibus,‚Johanne
502 1445 712 1554 preposito
740 1447 779 1526 &
808 1445 982 1528 Martino
1013 1443 1255 1555 presbytero
1296 1444 1347 1528 de
1374 1447 1479 1527 Ruia
1522 1447 1797 1530 Roslsildensis
1842 1448 1931 1532 dio-
1996 1545 2002 1551 ,

69 1557 75 1563 ’
130 1562 243 1657 cesis,
271 1557 467 1640 Nicholao
487 1556 598 1640 dicto
613 1553 756 1652 Wind,
793 1556 1003 1637 Canonico
1027 1554 1300 1654 Roskildensi,
1328 1557 1519 1667 Magistro
1549 1558 1723 1642 Oddone
1752 1561 1956 1659 Phisieo‚'

90 1665 94 1670 ’
130 1670 339 1754 Canonico
368 1669 408 1752 S.
437 1669 569 1778 Gang.
604 1667 858 1750 Cameracen.
889 1668 1073 1750 Johanne
1100 1669 1283 1778 Magistri
1311 1668 1491 1769 Milonis,
1519 1671 1727 1753 Canonico
1759 1671 1931 1754 Wratis·

71 1876 76 1886 .
130 1781 310 1877 laviensi,
339 1785 379 1860 &
407 1779 574 1862 domino
609 1778 795 1860 iohanne
838 1778 1097 1888 presbytero,
1140 1776 1346 1860 Canonico
1388 1783 1659 1878 Poznanensi‚
1702 1785 1932 1892 capellanis
2026 1845 2031 1858 .

130 1893 230 1976 dicti
258 1889 414 1973 domini
442 1892 602 2001 Legati,
631 1887 806 1971 dominis
834 1889 1018 1972 iohanne
1049 1889 1175 1971 fratre
1204 1890 1378 1999 predicti
1406 1893 1711 2002 Archiepiscopi
1740 1901 1778 1974 &
1806 1897 1931 1974 Hein-

129 2006 217 2086 rico
244 2003 334 2086 cive
359 2001 597 2099 Lubicensi,
631 2029 677 2082 ac
707 1999 893 2110 pluribus
931 2001 1018 2083 aliis
1059 2002 1230 2088 testibus
1258 2000 1413 2084 adhoc
1441 2002 1669 2111 specialiter
1710 2007 1863 2087 vocatis
1891 2011 1932 2086 δι
1988 2035 1998 2049 ·
2120 1985 2123 1992 ’

129 2115 301 2224 rogatis,
330 2115 407 2196 sub
435 2115 556 2194 Anno
585 2109 739 2212 domini
766 2110 977 2195 Millesimo
1001 2110 1277 2195 ducentesimo
1292 2116 1539 2223 sexagesimo
1567 2117 1757 2222 septimo,
1786 2120 1931 2201 mensis

129 2224 380 2337 Septembris
407 2221 473 2306 die
501 2223 666 2319 decima,
716 2221 939 2304 indictione
966 2223 1199 2322 undecima,
1243 2226 1506 2308 Pontificatus
1533 2223 1688 2306 domini
1716 2226 1932 2336 Clementis
2059 2281 2063 2292 «
2165 2212 2171 2222 “

130 2341 239 2448 Pape
267 2337 361 2418 IIII.
390 2359 497 2416 anuo
528 2335 663 2416 tertio.

296 2447 349 2527 Et
376 2473 453 2554 ego
481 2441 722 2526 Guillelmus
755 2443 806 2526 de
834 2443 970 2542 Atina,
998 2445 1188 2556 publicus
1215 2461 1352 2530 sancte
1381 2447 1561 2528 Romane
1598 2445 1763 2539 ecclesie
1791 2467 1933 2532 aucto·

130 2562 250 2661 ritate
278 2558 492 2656 Notarius,
526 2557 748 2665 prolationi
776 2558 998 2666 prescripta
1026 2559 1222 2640 sententie
1265 2556 1449 2656 interfui,
1478 2564 1518 2639 &
1546 2584 1632 2640 earu
1660 2558 1711 2641 de
1740 2559 1931 2643 mandato
1987 2601 1990 2608 Δ
2090 2587 2096 2596 ·

128 2671 434 2754 &annositate
463 2665 638 2778 predicti
666 2665 820 2749 domini
850 2666 899 2748 G.
929 2667 1173 2766 Cardinalis,
1202 2666 1421 2778 apostolice
1455 2668 1559 2752 sedis
1588 2669 1747 2780 Legati,
1788 2673 1932 2782 scripsi

128 2788 170 2865 δι
197 2784 242 2864 in
260 2780 477 2892 publicam
506 2777 677 2862 formam
706 2776 864 2889 redegi,
893 2805 1063 2892 meoqve
1091 2783 1207 2891 signo
1231 2781 1392 2890 signavi
1419 2797 1597 2892 rogatus.

130 3172 265 3283 860.
794 3173 941 3317 1267
990 3171 1038 3278 d.
1089 3215 1125 3318 7.
1165 3171 1283 3278 Jun·
1378 3169 1383 3216 ³
1430 3281 1433 3284 ,
1636 3167 1931 3320 Nyktiping.
1984 3133 1989 3140 .

210 3394 294 3458 Koa.
313 3392 413 3457 Eum
433 3393 445 3455 i
465 3389 629 3456 Danmark
650 3389 804 3455 Tittsrand
825 3393 876 3456 lb'r
896 3390 1073 3456 handlande
1095 3394 1402 3474 srcnwismarnom
1420 3391 1490 3456 lidit
1505 3391 1701 3478 skeppsbrott
1721 3393 1732 3454 i
1752 3373 1946 3470 hamane,

265 3485 311 3540 att
330 3477 438 3560 sjeifra
458 3477 554 3556 berga
574 3471 720 3542 hredde
740 3474 860 3554 kunnu,
894 3487 974 3538 tamt
1001 3488 1047 3539 att
1067 3475 1221 3541 desmtom
1242 3480 1253 3538 i
1275 3477 1396 3540 Skanda·
1426 3475 1487 3540 oeb
1518 3475 1716 3542 amorstades
1737 3476 1748 3537 i
1770 3477 1933 3542 Danmark

266 3559 483 3647 tiilgodonjnta
503 3578 623 3622 samma
644 3557 819 3638 stirminer,
840 3579 907 3624 som
929 3559 1131 3644 Lybeclsaruc
1151 3569 1206 3624 tiro
1226 3559 1408 3624 ldnrnnade.

1625 3638 1661 3696 L.
1682 3649 1722 3694 sot
1738 3654 1798 3710 99²·
1909 3725 1915 3730 ·

296 3779 445 3859 Eamus
475 3775 547 3858 Dei
578 3777 709 3886 gratia
739 3777 948 3856 Dacorum
978 3777 1271 3888 slavorumque
1299 3805 1391 3877 rex,
1426 3774 1614 3858 omnibus
1641 3801 1807 3883 presens
1835 3777 1934 3858 scri·

129 3905 246 4004 ptum
275 3885 536 3972 cernentibus
565 3888 607 3968 in
639 3886 805 3969 domino
833 3887 1012 3970 salutem.
1069 3889 1221 3970 Notum
1263 3888 1429 3971 facimus
1457 3886 1676 3984 universis,
1718 3884 1829 3996 qvod
1858 3913 1933 3968 nos

129 3999 320 4115 precibus
351 3998 488 4082 dilecti
516 3999 804 4108 consanguinei
833 4005 963 4080 nostri
991 4000 1155 4080 Domini
1183 4000 1348 4082 Henrici
1376 3993 1700 4108 Magnopclensis
1728 3997 1932 4097 inclinati,

129 4113 287 4198 civibus
314 4110 397 4192 suis
426 4107 664 4206 Wismarie,
707 4107 905 4189 latoribus
948 4112 1214 4218 presentium,
1256 4110 1428 4220 gratiam
1469 4107 1683 4217 specialem
1726 4107 1932 4208 facientes,

129 4221 389 4310 concedimus
416 4219 565 4306 eisdem
594 4221 696 4332 hanc
725 4219 973 4320 libertatem,
1016 4219 1128 4332 qvod
1155 4209 1190 4302 si
1219 4219 1346 4316 forte,
1391 4218 1633 4301 adversitate
1675 4220 1772 4330 ipsis
1801 4221 1932 4302 immi·
2059 4291 2061 4294 ,

128 4353 271 4436 trente,
300 4333 451 4416 alicubi
479 4334 522 4414 in
551 4358 677 4446 regno
709 4345 851 4414 nostro
885 4331 1140 4441 naufragium
1185 4332 1418 4440 paciantur,
1461 4329 1599 4424 nullus
1640 4329 1931 4430 advocatorum
2008 4397 2010 4400 .

128 4473 202 4529 seu
230 4463 464 4552 exactorum
491 4459 744 4540 nostrorum,
776 4469 828 4522 ne
858 4469 908 4522 ve
936 4443 1039 4525 alius
1067 4443 1231 4552 aliqvis,
1261 4443 1370 4550 ipsos
1396 4442 1592 4552 impedire
1615 4439 1763 4522 debeat
1778 4441 1931 4553 aliqva-

129 4559 260 4654 tinus,
287 4584 370 4666 qvo
398 4556 532 4637 minus
559 4582 624 4652 ea,
652 4581 731 4664 qve
759 4469 957 4635 debonis
978 4555 1066 4636 suis
1093 4551 1146 4633 ab
1174 4553 1436 4637 inclemencia
1469 4552 1589 4634 maris
1618 4578 1665 4633 ac
1693 4569 1932 4664 tempestate

129 4667 342 4780 potuerint
368 4664 580 4747 extrahere
606 4692 656 4762 ac
682 4661 886 4775 colligere,
914 4665 958 4746 in
999 4665 1134 4776 quieta
1168 4691 1268 4773 pace
1309 4664 1507 4760 habeant,
1535 4668 1575 4747 se
1602 4659 1753 4746 eisdem
1779 4664 1932 4775 absqve

132 4777 354 4888 cujuslibet
387 4773 663 4886 impedimenti
688 4772 904 4858 obstaculo
946 4774 1072 4862 libere
1100 4774 1376 4885 perfruantur.
1436 4777 1607 4884 insuper
1649 4775 1768 4857 etiam
1797 4775 1932 4874 omnia

130 4891 224 5001 jura
252 4894 292 4971 &
320 4884 479 4970 easdem
506 4885 729 4986 libertates,
756 4884 913 4970 civibus
941 4885 1235 4974 Lubicensibus
1264 4886 1424 4978 aclare
1453 4881 1642 4981 memorie
1670 4883 1819 4970 dilecto
1852 4913 1930 4968 avo

150 5101 156 5112 ,
264 5033 313 5089 ev.
332 5030 455 5107 anton.
859 5050 860 5054 κ
1678 5019 1728 5096 90
