4382 5964
789 473 846 566 ζ-
956 497 1037 608 649
1147 541 1206 568 .-

104 708 236 888 Ι797·
511 859 516 873 ,
696 687 1272 860 .1284d·'23⁸Dec.
1347 687 1393 852 ⁸,
1662 729 1895 878 Perugia.

113 1027 116 1034 ,
186 957 350 1102 ruffin
370 947 444 1018 tva
462 948 800 1020 cummanum
829 949 880 1016 ra
911 948 1048 1018 sama
1077 945 1316 1015 mon-emm
1345 939 1545 1017 anan-oca
1564 945 1693 1016 nunt
1721 922 1898 1016 eamean
2026 941 2031 950 ·

312 1055 440 1106 oum
624 1090 627 1098 .
786 1051 788 1058 ’
1865 1061 1870 1074 .

912 1107 914 1114 ’
1565 1112 1764 1184 Lemma

268 1255 482 1340 Maarmus
524 1255 599 1334 &c
642 1250 802 1335 Dilecto
833 1251 918 1333 filio
943 1247 1088 1332 'nobili
1127 1249 1217 1332 viro
1258 1247 1425 1358 Birgero
1452 1266 1548 1333 nato
1594 1249 1828 1340 Charissimi
1855 1251 1900 1333 in

101 1367 265 1454 Christo
294 1366 366 1450 filii
394 1365 525 1447 nostri
551 1361 689 1472 Magni
717 1366 838 1474 Regis
881 1363 1031 1445 Sveciae
1073 1359 1241 1442 illustris
1268 1363 1310 1442 8r
1336 1357 1495 1442 dilectae
1511 1371 1515 1382 “
1530 1363 1576 1442 in
1606 1362 1767 1446 Christo
1809 1362 1901 1445 filiae
1975 1359 1980 1368 '

100 1481 228 1564 nobili
256 1478 417 1561 mulieri
443 1474 672 1584 Margaritae
699 1491 803 1556 natae
832 1472 1066 1562 Charissimi
1093 1473 1138 1553 in
1167 1470 1331 1554 Christo
1360 1471 1434 1554 filii
1453 1476 1584 1554 nostri
1597 1473 1707 1556 Erici
1734 1473 1902 1555 illustris
1931 1514 1940 1529 ε

65 1646 76 1662 2
103 1593 224 1702 Regis'
237 1603 240 1613 “
253 1591 388 1672 Daciae
407 1592 484 1672 &c
512 1589 597 1670 Nos
625 1587 764 1697 itaque
790 1587 933 1669 vestris
962 1582 1328 1694 supplicationibus
1351 1581 1553 1681 inclinati,
1577 1585 1763 1668 'volentes
1776 1585 1902 1666 tantis

45 1770 53 1782 .
101 1701 293 1813 periculis
321 1700 506 1796 obviare,
537 1695 766 1794 vobiscum,
794 1713 842 1779 ut
869 1695 1167 1780 matrimonium
1197 1695 1388 1792 invicem,
1416 1692 1704 1804 impedimento
1722 1721 1807 1776 non
1827 1694 1915 1791 ob·,

101 1829 234 1898 stante
264 1809 479 1927 praedicto,
509 1808 635 1894 libere
664 1799 905 1893 contrahere
933 1808 1116 1906 valeatis,
1145 1805 1379 1910 &tandem
1407 1805 1452 1885 in
1479 1825 1689 1891 contracto
1710 1805 1818 1887 licite
1838 1832 1901 1887 rc·

102 1952 284 2025 manere,
316 1924 557 2031 auctoritate
585 1922 857 2030 praesentium·
872 1921 1165 2036 dispensamus.
1194 1918 1307 2004 Nulli
1336 1940 1434 2026 ergo
1461 1919 1535 2002 &a
1571 1919 1721 2003 Datum
1738 1917 1900 2002 'Perusii

72 2085 74 2092 ι
103 2037 142 2119 Χ
174 2035 265 2118 Kal.
296 2037 460 2120 ianuar.
491 2058 598 2118 anno
626 2027 696 2116 IV.
1277 2027 1283 2038 ’

13 2473 24 2490 *
114 2427 245 2575 798.
512 2415 513 2420 Ν
765 2551 774 2560 ᾖ
932 2423 1101 2533 1285.

184 2645 301 2729 'Herdg
321 2643 439 2711 Bmcrs
460 2645 500 2712 af
513 2639 658 2722 Finland
679 2661 721 2706 m.
751 2639 783 2708 fl.
812 2642 1108 2729 tillltnnagisvande
1138 2645 1191 2712 det
1221 2644 1260 2710 de
1289 2642 1362 2710 ridi
1391 2645 1474 2717 Koa.
1499 2603 1631 2722 lincam
1660 2662 1706 2720 att
1731 2655 1907 2744 saltabant

237 2727 356 2794 Bmder
376 2731 562 2799 wasme
582 2733 594 2795 i
615 2726 757 2810 ltngelse.

1547 2813 1584 2872 K.
1601 2831 1630 2888 y.
1651 2831 1691 2874 rat
1711 2819 1768 2878 ree
1851 2817 1854 2823 ’
1928 2839 1939 2854 ·

269 2949 513 3034 Benedictus
542 2948 619 3030 Dei
647 2946 779 3058 gratia
807 2944 902 3028 Dux
929 2945 1169 3048 Finlandiae,
1205 2947 1376 3060 Magnus
1404 2948 1544 3039 cadem
1588 2953 1722 3060 gratia
1749 2953 1904 3064 Uplan·
2027 3006 2031 3014 =
2148 2963 2152 2982 ’

83 3055 244 3160 ,densis
269 3063 495 3174 Episcopus
524 3065 601 3143 &c
630 3058 873 3141 confitemur
904 3064 945 3140 Sc
970 3060 1133 3169 publice
1161 3078 1453 3172 protestamur,
1486 3087 1563 3147 nos
1590 3062 1739 3146 illustri
1765 3066 1905 3149 Domi·

82 3199 161 3256 'no
189 3190 350 3272 nostre,
380 3175 532 3284 Magno
561 3173 638 3254 Dei
665 3171 797 3280 gratia
825 3171 1023 3253 Sueorum
1052 3192 1175 3283 atque
1204 3173 1434 3256 Gothorum
1456 3175 1542 3284 regi
1562 3171 1794 3264 salubriter·
1808 3205 1906 3260 con·
1919 3203 1934 3250 τ

107 3287 296 3384 suluisse,
330 3289 371 3365 &
397 3283 528 3368 modis
557 3283 744 3366 omnibus
758 3283 1017 3394 suggessisse,
1045 3282 1159 3396 quod
1187 3279 1573 3376 D.'Waldemarum
1595 3285 1762 3370 fratrem
1777 3315 1906 3390 suum,

106 3396 195 3512 (qui
224 3398 335 3479 omni
363 3397 454 3508 jure
480 3394 596 3508 quod
623 3395 668 3476 in
695 3422 825 3505 regno
853 3411 994 3475 nostro
1022 3395 1334 3508 dignoscebatur
1348 3395 1572 3508 possidere,
1601 3396 1728 3486 libere
1755 3427 1906 3487 renun-

105 3511 232 3608 ciata,
261 3509 527 3597 memoratum
556 3533 727 3616 regnum
755 3503 1019 3589 nihilominus
1048 3535 1122 3618 per
1144 3536 1187 3589 se
1216 3513 1357 3618 &per
1385 3537 1498 3606 suos,
1532 3536 1721 3591 necnon
1748 3515 1789 3593 8<
1811 3511 1906 3596 alic·
2002 3505 2006 3512 ’

108 3647 182 3705 nos
210 3620 383 3702 tentavit
404 3619 435 3735 ¹)
465 3620 693 3700 immaniter
708 3619 967 3725 perturbare3
997 3619 1082 3722 Qui
1108 3618 1269 3701 dimissa
1296 3621 1415 3701 etiarn
1429 3647 1556 3704 uxore
1583 3620 1753 3730 propria
1781 3625 1823 3704 8r
1850 3622 1907 3707 le·

109 3732 268 3848 gitima,
299 3734 416 3843 quasi
446 3743 581 3812 mente
609 3743 770 3839 captus,
799 3731 840 3808 8<
868 3755 950 3810 suaa
982 3727 1098 3812 samae
1126 3729 1342 3842 prodigus,
1385 3758 1433 3813 ac
1460 3731 1619 3839 antiqui
1658 3729 1785 3818 hostis
1812 3761 1907 3850 sug·

106 3844 288 3957 gestione
318 3847 358 3924 &
385 3843 603 3938 instinctu,
638 3839 807 3923 ultionis
833 3838 1049 3922 formidine
1078 3843 1235 3924 Divinae
1263 3843 1426 3926 minime
1453 3840 1708 3940 refraenatus,
1742 3845 1907 3929 mulierss
1935 3901 1940 3913 -

32 4003 33 4008 Ν
105 3955 209 4037 culis
236 3955 386 4044 vilibus
417 3951 619 4037 interdum
682 3981 726 4034 er
753 3951 907 4034 coitum
941 3949 1193 4055 damnatum,
1237 3951 1487 4072 quandoque
1526 3952 1651 4037 etiam
1677 3957 1719 4036 &
1745 3956 1906 4050 sceleri·
2018 3973 2022 3986 “

107 4068 185 4151 bus
214 4064 403 4150 adulterii
433 4063 596 4175 publice
625 3979 874 4160 adhaerebat,
904 4080 1166 4147 contemnens
1194 4064 1246 4146 ad
1272 4063 1489 4146 salutarem
1505 4059 1768 4171 praelatorum
1789 4072 1906 4178 regni

105 4178 370 4261 monitionem
401 4178 454 4259 ab
482 4171 702 4264 earundem
738 4172 895 4268 nefario
938 4177 1144 4260 consortio
1179 4175 1353 4274 resilire,
1380 4180 1420 4255 &
1447 4171 1501 4256 ad
1530 4189 1684 4257 tantam
1711 4179 1906 4289 vergebat
1944 4275 1947 4282 .
2047 4189 2050 4194 ’

111 4289 375 4400 ignominiam
404 4289 664 4397 inopiamque
673 4297 691 4386 ,'
712 4301 760 4366 ut
786 4287 831 4366 in
846 4281 997 4367 'alienis
1024 4283 1209 4397 partibus
1236 4287 1408 4396 coeperit
1441 4284 1590 4394 degere
1616 4285 1904 4399 vagabundus,

109 4405 155 4482 in
182 4403 402 4482 maximum
430 4426 512 4484 suae
539 4401 680 4482 animae
711 4394 993 4509 praejudicium
1020 4393 1320 4486 &scandalum
1361 4393 1662 4514 plurimorum)
1690 4397 1744 4486 ad
1771 4426 1906 4483 eman·
1993 4415 1998 4422 '

110 4511 316 4594 dationem
342 4512 437 4594 vitae
465 4537 548 4596 auae
576 4511 618 4594 8ι
645 4535 803 4592 morum
817 4507 1147 4594 reformationem
1164 4505 1197 4620 ²)
1226 4504 1428 4617 deputatis
1455 4508 1492 4588 ei
1520 4509 1784 4596 servitoribus
1796 4539 1906 4597 com·

106 4621 344 4733 petentibus
361 4619 414 4732 ³),
440 4619 564 4733 iaciat
593 4617 848 4734 custodiris).
877 4621 1025 4736 Datum
1056 4643 1164 4701 anno
1192 4617 1356 4740 Domini
1379 4617 1697 4702 MCGLXXXV.

107 4801 382 4940 W
397 4795 459 4924 aar
478 4861 640 4930 ettmtavit
659 4857 877 4926 inhumaniter.
910 4866 942 4940 a)
962 4833 1056 4925 Ka.
1079 4859 1215 4938 statar
1234 4879 1329 4944 aequm
1349 4818 1501 4952 (alapae)
1510 4861 1814 4929 emendationeaevita
1834 4881 1903 4948 sua,

193 4937 375 5016 &morum
393 4942 623 5030 reformatione.
644 4945 675 5025 3)
698 4961 771 5008 cum
791 4942 950 5012 mnas
969 4939 1005 5008 ἃ
1024 4943 1361 5032 perscrutatatus
1380 4969 1409 5010 a.
1429 4958 1467 5013 st·
1487 4943 1519 5028 4)
1540 4941 1603 5016 &a
1622 4947 1698 5011 tilla.
1719 4971 1749 5012 a,
1767 4960 1813 5034 st,

240 5056 291 5150 ¹ui'u·
309 5055 431 5129 neptam
1653 5029 1701 5105 82
1805 5047 1806 5052 ’
