4406 5966
818 407 1070 547 -J7ai
1177 482 1238 520 ›-

135 667 198 754 coe
224 662 432 750 materiam
460 664 682 776 questionis
709 661 810 746 oriri
837 660 1101 770 contingerit,
1129 659 1214 776 sire
1241 662 1348 748 inter
1374 662 1484 776 ipsos
1503 666 1545 748 8(
1560 662 1678 763 alios,
1705 662 1925 764 dummodo

134 775 362 890 hujusmodi
389 776 546 888 qvestio
579 775 632 860 ad
660 785 828 858 examen
855 771 1037 856 officialis
1065 775 1213 874 nostri,
1240 777 1311 887 qvi
1337 803 1416 888 pro
1443 793 1627 888 tempore
1653 773 1805 859 ibidem
1832 804 1927 888 pre-
2048 846 2054 858 .

89 892 91 904 '
133 890 269 990 fuerit,
298 913 384 970 non
411 889 616 998 per-tinere
642 904 853 984 noscatur,
880 910 1017 968 coram
1044 911 1120 966 suo
1147 894 1319 997 proprio
1332 885 1494 972 officiali
1519 890 1677 998 possint
1695 888 1925 980 &debeant
1997 925 2005 936 ·

132 1029 250 1111 super
275 998 509 1109 hujusmodi
536 1000 816 1112 qvestionibus
843 998 888 1078 in
914 995 1044 1077 forma
1070 995 1213 1105 judieii
1240 1025 1379 1110 agere,
1408 1005 1450 1082 8(
1479 998 1739 1111 respondere,
1768 1005 1808 1082 8(
1835 1027 1926 1086 cam
2035 993 2043 1004 ”

131 1111 299 1196 finaliter
325 1114 570 1210 terminare,¹
590 1112 695 1196 sicut
721 1109 880 1194 civibus
907 1106 1224 1192 Lubecensibus-
1241 1112 1282 1189 8(
1313 1109 1364 1192 dc
1398 1109 1555 1194 Rostok
1582 1140 1607 1195 a
1634 1110 1754 1195 nobis
1781 1117 1823 1195 8(
1850 1139 1925 1194 no·

123 1224 218 1334 'stris
245 1224 577 1334 progenitoribus
604 1239 666 1306 est
690 1248 933 1306 concessum.
976 1221 1025 1300 In
1052 1219 1169 1330 cujus
1196 1217 1257 1300 rei
1299 1221 1589 1324 testimonium,
1629 1239 1838 1336 presentes
1869 1225 1926 1306 eis

131 1335 279 1420 litteras
309 1335 576 1419 concessimus
607 1335 727 1445 sigilli
742 1333 872 1416 nostri
891 1332 1112 1414 munimine
1125 1329 1349 1415 roboratas.
1378 1333 1527 1415 Datum
1541 1333 1926 1446 Wcrthingeburgh

78 1487 88 1504 r
130 1453 246 1533 Anno
275 1447 440 1530 Domini
467 1445 679 1531 Millesimo
708 1443 891 1530 CCLXX
918 1460 1052 1544 sexto,
1081 1439 1278 1527 Kalendis
1308 1444 1419 1526 iunii
1446 1447 1603 1557 qvinto.

133 1935 263 2086 873.
345 2003 349 2011 -
514 2036 515 2039 ¹
834 1940 1238 2090 1276-1291.

205 2161 242 2224 F.
262 2158 293 2223 (l
313 2159 452 2245 Konung
471 2161 672 2229 Wrtnmtam
693 2158 983 2228 teutsche-bref
1002 2165 1044 2250 pl
1065 2165 1167 2249 godsi
1187 2163 1389 2244 Westerlb'sa,
1410 2159 1531 2227 lavillct
1551 2159 1633 2226 Birt.
1652 2159 1923 2248 Aturoismeng.

257 2252 313 2312 ntis
331 2243 407 2330 iript
427 2247 464 2308 as
479 2245 562 2308 Herr
582 2247 725 2334 ᾼιιω,
746 2254 826 2309 samt
846 2245 888 2332 pi
909 2245 1099 2330 trcdjedelen
1120 2249 1159 2313 al
1173 2250 1413 2335 Allminniugcn
1433 2245 1486 2309 vid
1507 2242 1674 2324 Barastad,
1694 2243 1823 2309 bvillen
1842 2245 1925 2310 Kon.

258 2328 390 2392 Maestus
411 2328 461 2392 till
482 2328 636 2415 Bislopcn
656 2329 768 2392 atsttt
1620 2407 1657 2465 A.
1677 2405 1703 2480 4
1720 2407 1748 2464 d·
1768 2424 1791 2465 Β

288 2544 490 2626 Omnibus
517 2560 726 2657 presentes
767 2545 924 2629 litteras
966 2545 1215 2655 inspecturis.
1258 2543 1544 2632 Waldemarus
1585 2529 1795 2656 'qrmndam
1837 2545 1925 2654 tter

125 2680 336 2738 sueorum.
366 2655 545 2738 Salutem
572 2658 617 2739 in
639 2655 817 2739 domino.
847 2657 1009 2740 Tenore
1037 2657 1290 2767 presencium
1317 2656 1584 2740 Vniuersitati
1615 2672 1748 2738 vestre
1781 2649 1926 2738 nomm

102 2767 312 2866 iacimus,
339 2763 453 2879 quod
480 2766 668 2879 predium
696 2771 753 2850 in
768 2768 1009 2862 westerloso
1035 2797 1128 2850 oum
1146 2769 1344 2852 omnibus
1358 2767 1694 2852 suisatteneuciis
1744 2765 1833 2849 uoo
1855 2793 1925 2850 ve·

108 2877 316 2962 necabilis
343 2891 460 2989 pater
500 2880 702 2963 Anundus
729 2881 1026 2993 strengenensis
1054 2881 1281 2992 Episcopus
1309 2880 1360 2963 de
1394 2879 1562 2963 domino
1596 2795 1761 2960 arnullb
1789 2905 1922 2988 quon·

120 2989 215 3075 dam
233 3003 509 3100 procuratore
537 2987 590 3072 de
616 3006 843 3074 wastenum
870 2991 1093 3102 empcionis
1120 2993 1242 3076 titulo
1257 2990 1439 3102 legaliter
1460 2990 1678 3100 acquisiuit
1704 3016 1781 3073 nos
1794 2985 1925 3071 eidem
2056 3049 2059 3064 .

122 3101 288 3186 domino
316 3101 522 3212 Episcopo
549 3108 591 3185 8(
615 3101 836 3186 heredibus
862 3102 945 3184 suis
986 3101 1208 3215 affectuose
1254 3101 1496 3186 ratificamus
1529 3129 1605 3186 nec
1632 3125 1925 3230 umquamfflper
1982 3117 1984 3123 '
2056 3159 2063 3170 ,

123 3240 197 3298 nos
225 3211 290 3296 vel
319 3240 394 3325 per
421 3212 521 3297 alios
548 3211 657 3298 dicte
685 3214 906 3325 empcionis
934 3229 1187 3298 contractum
1217 3213 1587 3326 calumpniabimur
1614 3227 1685 3296 aut
1711 3219 1923 3312 occasione
1975 3227 2008 3232 ··

1 3387 2 3390 κ
121 3323 307 3438 qualibet
335 3326 589 3436 impetamus.
614 3327 806 3408 Ceterum
832 3325 998 3408 terciam
1026 3341 1182 3438 partem
1210 3327 1447 3437 integralem
1460 3341 1568 3408 terre
1595 3324 1817 3406 communis
1832 3316 1922 3408 vulss
2029 3411 2035 3414 .

103 3437 273 3549 gariter
301 3435 544 3548 almaenniug
571 3464 595 3518 a
622 3439 743 3520 rectis
766 3435 961 3519 limitibus
988 3465 1057 3519 seu
1088 3440 1203 3520 metis
1230 3437 1325 3520 ville
1339 3436 1555 3521 baracstath
1568 3462 1699 3547 usque
1722 3432 1776 3519 ad
1807 3439 1921 3520 mon·

119 3563 222 3645 tem,
251 3546 511 3630 ammobiaerh
538 3575 662 3660 quam
690 3547 861 3632 dilectus
893 3546 1023 3631 frater
1051 3565 1188 3632 noster
1216 3548 1405 3635 dominus
1418 3549 1590 3658 Magnus
1617 3547 1706 3630 Rex
1719 3572 1921 3629 swcorum

35 3675 46 3690 ·
91 3659 290 3770 illustris
318 3654 541 3743 liberaliter
570 3657 801 3742 contulerat
827 3664 868 3741 8(
894 3675 1124 3742 scotauerat
1146 3658 1258 3745 dicto
1298 3660 1464 3744 domino
1493 3657 1698 3769 Episcopo
1726 3661 1766 3739 &
1794 3657 1920 3739 Here·

119 3771 241 3855 dibus
268 3771 369 3867 suis,
397 3768 604 3852 translatis
631 3770 675 3852 in
701 3771 836 3881 ipsum
863 3773 1136 3880 proprietate,
1162 3769 1358 3870 dominio,
1386 3777 1426 3854 8(
1453 3771 1566 3852 omni
1580 3771 1668 3851 iure
1682 3765 1796 3880 quod
1809 3794 1918 3852 com·

115 3884 287 3994 petebat
312 3880 377 3965 rel
406 3897 635 3992 competere
664 3883 800 3993 potuit
826 3907 977 3964 corone
1004 3882 1128 3992 Regia
1156 3885 1199 3965 in
1226 3881 1372 3994 predio
1399 3895 1623 3965 memorato
1658 3879 1918 3990 proprietatis

116 3997 295 4092 racione,
324 3995 409 4076 Nos
436 4009 636 4106 quantum
664 3996 708 4076 in
720 3991 841 4074 nobis
861 4008 925 4078 est
935 3989 1096 4104 prefato
1110 3992 1275 4079 domino
1297 3994 1489 4103 Episcopi
1502 3992 1579 4074 sub
1594 3993 1821 4102 prescripta
1835 3989 1918 4073 lot·-
1936 4008 1941 4016 ’

115 4131 183 4188 ma
212 4131 318 4215 puro
347 4101 501 4187 affectu
527 4110 568 4187 8(
595 4133 795 4188 consensu
820 4107 1007 4216 cupimus
1036 4121 1260 4214 pretectam
1275 4105 1414 4187 fratris
1425 4105 1555 4188 nostri
1569 4102 1833 4185 donacionem
1844 4123 1916 4184 seu
1948 4105 1955 4113 ’

115 4216 390 4299 scotacionem
446 4232 573 4297 ratam
601 4221 650 4298 &·
668 4231 799 4297 ratam
825 4217 1140 4327 inperpetuum
1181 4217 1374 4301 habituri.
1429 4213 1915 4297 Jn-cuiusroi1testimo·
2034 4249 2039 4258 ·

114 4329 234 4410 nium
261 4328 358 4438 quia
386 4245 444 4410 al
468 4353 631 4438 presens
658 4326 834 4439 sigillum
862 4329 1076 4439 proprium
1103 4355 1189 4411 non
1215 4328 1430 4412 habuimus
1450 4332 1659 4410 Presentes
1687 4326 1841 4409 litteras
1861 4325 1915 4408 si·

114 4437 219 4548 gillo
247 4438 393 4523 dilecte
420 4466 557 4522 vxorrs
584 4452 721 4562 nostre
749 4435 914 4521 fecimus
941 4438 1122 4549 sigillari.
1313 4483 1316 4490 ·
1731 4473 1735 4482 ·

349 4578 485 4664 sigillet,
506 4599 573 4646 tom
593 4563 689 4665 lange
711 4579 754 4668 pt
773 4600 813 4646 on
832 4591 907 4645 utrm
926 4580 1034 4666 sicllia
1054 4579 1177 4646 breftet
1201 4579 1305 4668 ttippr
1323 4599 1440 4661 remes,
1460 4588 1496 4645 tr
1515 4577 1685 4648 mittet
1876 4578 1878 4586 ’
