4398 5958
1005 434 1084 476 μ,
1179 309 1307 490 542¹
1368 435 1426 458 ..-

328 620 499 728 Reliqua
526 615 661 697 omnia
687 613 827 696 habita
853 619 892 696 &
925 611 1110 696 habenda
1138 596 1178 694 Si
1205 639 1459 724 quecumque
1473 630 1565 724 post
1580 616 1767 695 maritum
1794 609 1952 697 suumsi
1964 645 2075 726 super-

328 747 407 812 stes
435 726 558 808 fuerit
585 721 714 836 ipsam
740 724 946 834 possidere
974 725 1190 834 contigerit
1217 725 1259 804 si'
1276 717 1492 806 decesserit
1519 727 1606 807 sine
1634 725 1771 806 liberis
1798 725 1851 806 ad
1880 754 1950 806 nos
1973 733 2007 807 Si
2029 757 2077 810 ec·

329 840 487 922 alesiam
515 854 694 919 nostiam
719 859 812 918 cum
838 836 1033 918 omnibus·
1055 833 1297 945 supradictis
1325 834 1377 917 ad
1404 837 1528 916 vitam
1557 861 1669 918 suam
1711 835 1790 917 sibi
1830 841 2011 918 concessis
2032 842 2076 920 in·

328 969 441 1060 tegre
470 963 726 1030 reuertentur
755 945 928 1058 proinde
956 945 1063 1028 dicta
1092 945 1255 1029 ermode
1283 947 1473 1055 premissa
1501 956 1637 1028 omnia
1672 964 1906 1057 acceptante
1937 949 2077 1056 sigillum

327 1063 520 1144 cosmum
541 1086 590 1140 ac
616 1059 745 1140 nostri
774 1055 940 1167 capituli
982 1057 1239 1167 presentibus
1279 1057 1423 1140 litteris
1455 1058 1631 1168 appendi
1674 1057 1840 1139 fecimus
1868 1062 1910 1139 in
1937 1061 2078 1140 testimo-

276 1243 283 1248 .
328 1175 444 1256 nium
471 1176 512 1252 ἃ
539 1171 668 1252 robur
695 1189 888 1279 perpetue
917 1167 1125 1250 firmitatis.
1182 1170 1331 1248 Datum
1367 1168 1477 1278 apud
1510 1169 1675 1277 hesleby
1702 1196 1811 1251 anno
1841 1167 1987 1278 dominj
2011 1170 2080 1250 M.-

331 1283 515 1377 cccxx
543 1309 652 1365 nono
680 1278 799 1361 XVIl
827 1278 904 1364 laal.
933 1279 1094 1387 Aprilis.

261 1607 289 1642 ‚1
334 1515 467 1623 665.
784 1649 786 1654 Α
931 1549 1102 1656 ,1279
1147 1509 1197 1614 d.
1247 1548 1315 1622 22
1365 1515 1513 1618 Mars.
1969 1512 2083 1618 Hble

414 1731 719 1798 monacensem
739 1728 968 1812 Pautebneipl
994 1729 1110 1792 skedvi
1131 1733 1142 1792 i
1163 1729 1248 1792 ltind
1279 1731 1328 1796 till
1355 1733 1437 1796 Bal.
1458 1732 1566 1794 Musa
1587 1733 1597 1792 i
1618 1731 1783 1814 Strenguts
1812 1733 1865 1795 ter
1895 1731 2025 1814 ldnmgna
2045 1736 2087 1810 tic

320 1907 327 1932 ,
465 1810 950 1924 mininam

495 2031 706 2115 Vniuersis
719 2012 940 2138 pressentes
954 2027 1107 2107 litteras
1122 2026 1376 2136 jnspecturis.
1392 2027 1562 2139 Magnus
1577 2027 1709 2110 dictus
1729 2057 1914 2140 gerasnn.
1942 2029 2085 2111 Salutem

331 2149 376 2339 q‘n
399 2145 579 2226 Donrino
606 2143 899 2249 sempiternam.
927 2137 1088 2219 Tenere
1117 2141 1368 2246 presencium
1396 2139 1495 2220 Tam
1525 2141 1781 2250 presentibus
1809 2170 1944 2251 quam.
1970 2140 2085 2226 futuris

195 2340 210 2351 .
349 2251 491 2367 iquido
520 2249 628 2360 Dvxj
655 2248 942 2334 declarandum
975 2247 1087 2357 quod
1120 2250 1205 2356 Ego
1233 2251 1407 2330 Racione
1435 2250 1654 2358 Cujusdam
1683 2252 1817 2360 mutuj
1840 2251 1984 2333 scilicet
2006 2253 2085 2332 Cen·

296 2447 301 2457 ,
333 2382 419 2449 tum
452 2365 712 2476 quatraginta
753 2361 1004 2442 Mancharum
1047 2358 1305 2440 denariorum
1347 2363 1495 2443 vsualis
1536 2361 1695 2445 Moneta
1737 2363 2009 2444 sudermannie
2036 2389 2084 2440 ve·

334 2469 507 2561 nerabili
534 2475 642 2584 patri
669 2473 845 2557 domino.
874 2473 921 2549 Α.
950 2469 1243 2577 Strenginensi
1272 2473 1475 2582 Episcopo
1494 2473 1648 2553 curiam
1675 2473 1803 2554 Meam
1834 2477 1884 2555 Jn
1899 2475 2084 2583 prouincia

334 2585 462 2688 Kirnd
490 2585 639 2667 dictam
667 2581 875 2684 Sltedwt
903 2581 1186 2664 continentem.
1214 2583 1283 2663 Vl.
1313 2584 1554 2664 Octonarios
1582 2603 1687 2666 terre
1715 2612 1806 2666 cunr
1821 2585 1953 2693 'legali
1977 2584 2084 2664 solen·

252 2773 254 2778 .
336 2695 860 2805 nitatevulgariterFestis.
889 2691 1469 2775 secundumconsuetudinem
1484 2699 1523 2774 &
1539 2695 1645 2804 leges
1674 2697 1849 2804 Osgocie
1866 2697 1964 2776 Cum
1977 2695 2082 2775 Onni-
2149 2707 2150 2742 ³

304 2811 413 2894 bus
452 2805 678 2890 attinenciis
724 2805 831 2890 dicte
874 2803 994 2884 Curie
1031 2802 1248 2886 Mobilibus
1276 2810 1315 2884 bt
1342 2808 1364 2885 J
1368 2805 1632 2898 mmobilibus
1656 2833 1749 2886 cum
1776 2835 1862 2888 vno
1891 2805 2082 2887 Molendiuo

336 2920 560 3005 &duabus
587 2919 755 3000 coloniis
790 2944 836 2996 ac
869 2913 952 2996 duo
988 2913 1215 2994 molendina
1259 2917 1310 2994 ln
1339 2916 1581 3026 thorshargir
1608 2945 1699 2998 cum
1727 2917 1919 2998 omnibus
1946 2919 1996 2996 eis
2018 2915 2082 2994 atti·

333 3031 525 3115 nantibus
552 3056 645 3108 cum
672 3026 831 3136 vulgari
857 3024 1141 3107 sudermannie
1166 3025 1459 3108 consuetudine
1475 3025 1655 3135 legaliter
1683 3027 1881 3138 obligauj.
1908 3057 1953 3108 ac
1967 3025 2081 3135 adjecta

335 3140 573 3226 condicione
614 3135 728 3248 quod
776 3135 977 3219 fructibus
1019 3133 1220 3217 dictorum
1269 3137 1472 3219 bonorum
1500 3138 1573 3250 qui
1597 3142 1950 3221 conseruacionem
1987 3139 2082 3246 lpsiss

334 3253 443 3336 carie
471 3255 512 3328 Sc
538 3247 861 3332 Molendinorum
891 3249 1136 3330 Excrescunt
1164 3274 1290 3356 vsque
1318 3247 1370 3328 ad
1399 3248 1546 3330 festum
1589 3248 1699 3357 beatj
1727 3253 1894 3331 martini
1933 3247 2082 3348 hiemalis

336 3359 591 3471 integraliter
619 3361 832 3440 reseruatis
861 3358 1088 3466 Opcionem
1102 3357 1270 3439 habeam
1286 3360 1438 3470 absque
1466 3357 1792 3442 contradiccione
1817 3359 2082 3472 qualibetdicta

335 3475 444 3556 bona
472 3498 564 3552 cum
593 3467 793 3550 fructibus
821 3495 871 3550 ex
899 3469 921 3546 l
951 3469 1003 3547 sis
1031 3469 1364 3574 provenientibus
1393 3499 1487 3550 cum
1512 3469 1621 3551 dicta
1649 3499 1801 3552 summa
1832 3474 1994 3582 pecunie
2017 3496 2082 3546 vsu·

337 3582 411 3676 alis
439 3577 690 3686 Redimendj.
716 3579 828 3688 quod
856 3579 890 3658 si
920 3497 1057 3683 lbrsan
1079 3593 1208 3661 morte
1237 3597 1454 3692 preventus
1480 3582 1546 3661 uel
1575 3580 1714 3690 aliquo
1729 3584 1822 3663 Alio
1838 3581 2082 3690 inpedimento

337 3694 526 3777 detentus
553 3685 665 3782 infra
694 3689 890 3798 prefixum
920 3689 1134 3772 terminvm
1161 3687 1289 3770 silicet
1317 3690 1461 3770 festum
1482 3691 1591 3798 beatj
1611 3691 1775 3772 Martini
1803 3688 2081 3802 supradietabo·

336 3833 390 3888 na
419 3802 534 3886 totali
563 3797 701 3882 debito
729 3800 861 3880 soluto
888 3797 1084 3881 redimere
1111 3827 1197 3878 non
1224 3815 1408 3908 potuero.
1440 3803 1498 3880 Ex
1514 3817 1613 3881 tunc
1643 3803 1789 3883 Omnia
1810 3799 2082 3912 lpsabonasu·

337 3915 478 4026 perius'
502 3909 705 3993 nominata
733 3911 820 4019 jvre
849 3923 1048 4017 perpetuo
1075 3910 1155 3988 sint
1184 3910 1359 3990 Ecclesia
1387 3912 1702 4019 strangianensi
1716 3917 1965 4022 proprietate
1989 3906 2083 3991 doni·

335 4028 407 4106 nio
438 4029 478 4103 &
505 4023 751 4133 possessione
794 4018 1026 4100 Eorundem
1053 4021 1104 4098 ln
1132 4021 1267 4128 lpsam
1309 4023 1525 4102 Ecclesiam
1559 4022 1782 4110 secundum
1807 4024 2083 4106 Ordinacionen

338 4135 536 4246 Episcopj
545 4131 727 4246 ejusdem
742 4129 845 4213 sedis
859 4130 1051 4240 legittime
1066 4129 1280 4214 translatis.
1310 4135 1397 4240 Ego
1412 4134 1518 4222 enim
1535 4135 1829 4223 estimacionem
1844 4138 1869 4214 J
1868 4161 2023 4249 psoium
2036 4129 2083 4208 bc

337 4274 482 4329 norum
511 4245 776 4356 quantitatem
805 4242 936 4323 Mutui
959 4240 1217 4321 excedentem
1246 4270 1296 4322 ex
1324 4261 1420 4325 tunc
1437 4244 1656 4339 liberaliter
1670 4246 1755 4356 Jpsi
1772 4241 2083 4332 Ecclesieconsero

336 4362 388 4440 Jn
416 4382 596 4438 meorum
625 4355 898 4443 remissionem⁴
925 4368 1180 4461 peccatorum
1209 4351 1404 4445 Jnhibens
1431 4358 1509 4438 sub
1537 4355 2019 4446 interminacionerdiuini
2040 4349 2083 4428 lr-

337 4467 432 4552 dieii
465 4495 517 4546 ne
544 4467 641 4577 quis
664 4464 812 4552 dictam
848 4463 1162 4552 Ordinacionenr
1189 4463 1410 4575 jnsringere
1444 4467 1581 4548 audiat
1599 4469 1602 4480 ‘
1618 4495 1686 4548 seu
1714 4484 1902 4572 conetur.¹
1931 4469 1980 4545 Jn
2003 4463 2083 4564 onita

338 4579 399 4659 rei
430 4577 701 4662 testimonium
731 4573 917 4684 sigillum
934 4601 1069 4666 meum
1095 4576 1351 4684 presentibus
1379 4580 1552 4687 apposui
1580 4595 1721 4688 petens
1749 4595 1793 4658 vt
1818 4578 2013 4689 siggillum
2035 4569 2082 4654 do·

339 4688 438 4769 mini
466 4688 543 4793 maj
571 4688 702 4797 Regis.
730 4687 781 4772 Μ,
811 4685 1166 4778 &venerabilium
1194 4704 1354 4794 patrvm
1369 4689 1626 4782 dominorum
1650 4689 1880 4800 vpsalansis.
1917 4691 2082 4794 lincopm

337 4801 392 4880 sis
426 4803 466 4876 sst
493 4797 701 4888 arosiensis
728 4799 1009 4905 episcoporum
1036 4796 1166 4905 sigilla
1195 4798 1347 4904 pariter
1390 4818 1658 4908 apponantur.
1717 4803 1869 4880 Datum
1907 4825 2005 4879 anno
2026 4793 2082 4870 llo·

339 4909 450 5020 minj.
466 4905 842 4990 M⁰.CC⁰.LXXlX⁰.
864 4906 908 5015 jn
924 4909 1100 4988 erastino
1114 4907 1223 5014 beatj
1240 4907 1437 4992 benedicti
1452 4911 1619 4994 abbatis·
1624 4911 1669 5020 jn
1681 4909 1813 4993 fundo
1827 4911 1995 4992 Ecclesia
2007 4897 2081 4996 Ml&

344 5077 347 5086 ·
1081 5047 1189 5130 Sigttet
1210 5049 1378 5115 bonfattet.
