4398 5958
999 388 1413 488 ...436-

318 637 480 720 cunque
500 607 715 704 ‚volueritis
749 607 883 690 locum
917 605 1126 700 idoneum,
1154 614 1194 690 8(
1221 605 1373 690 ibidem
1400 605 1573 690 verbnm
1599 607 1746 690 Crucis
1772 635 1985 720 proponere,
2017 642 2052 698 ar

317 721 504 805 fidelihus
532 745 625 801 vere
654 718 948 833 poenitentibus
974 717 1235 803 &confessis
1265 715 1318 800 ad
1346 717 1674 830 praedicationem
1701 719 1914 802 huiusmodi
1937 751 2053 805 conue-

317 832 542 930 nientibus,
569 830 778 944 ipsamque
806 827 1065 914 audientibus
1094 845 1346 928 reuerenter,
1372 849 1534 913 centum
1554 829 1640 914 dies
1668 829 1719 912 de
1747 830 1922 912 iniunctis
1934 835 1979 912 eis
1990 861 2054 940 pu·

317 941 500 1050 nitentijs
527 939 728 1038 relaxare,
757 940 970 1052 quodque,-
996 941 1112 1022 robis
1140 947 1179 1024 8r
1210 942 1352 1022 vestris
1380 939 1543 1050 familijs
1558 941 1600 1022 in
1615 939 1802 1024 Ecclesiis
1827 943 2055 1026 Ecclesiastico

316 1051 534 1138 interdicto
562 1051 783 1164 suppositis
811 1053 1164 1134 excommunicatis
1191 1055 1232 1131 8(
1260 1051 1485 1134 interdictis
1500 1052 1690 1148 exclusis,
1718 1079 1800 1132 uon
1818 1053 1967 1160 pulsatis
1977 1082 2057 1136 can·

316 1167 451 1278 panis,
479 1190 579 1246 voce
607 1163 829 1264 submissa,¹
852 1168 892 1244 8(
920 1163 1048 1246 ianuis
1075 1161 1222 1244 clausis
1249 1162 1387 1244 diuina
1414 1159 1620 1244 celebrare
1661 1159 1793 1244 officia
1820 1168 1859 1242 u
1882 1164 1991 1244 lacere
2012 1194 2058 1246 oe·

317 1274 487 1370 lebrari,
516 1301 563 1355 ac
593 1274 756 1386 populis
784 1300 1013 1382 proponere
1042 1273 1211 1356 verbum
1241 1273 1401 1373 Crucis,
1445 1288 1570 1382 atque
1604 1274 1746 1354 Crucis
1786 1272 1992 1354 charactere
2015 1277 2058 1356 in·

316 1387 503 1496 signitos,
532 1385 585 1466 ab
613 1385 1026 1468 excommunicatione
1069 1412 1191 1492 quam
1234 1411 1310 1494 pro
1344 1380 1536 1492 eoquod
1577 1382 1836 1491 sepulchrum
1861 1383 2061 1466 dominicum

317 1513 459 1580 contra
485 1495 801 1608 prohibitionem
832 1494 1055 1602 legatorum
1085 1493 1190 1575 sedis
1205 1494 1448 1604 Apostolicoe
1463 1493 1688 1590 visitarunt,
1716 1499 1756 1574 8(
1784 1494 1870 1575 illos
1896 1497 2061 1604 etiamqui

318 1637 404 1690 eam
433 1635 511 1714 pro
537 1634 586 1687 eo
613 1605 726 1716 quod
757 1605 987 1686 Sarracenis
1017 1629 1165 1706 merces
1193 1621 1483 1712 portauerunt,
1507 1609 1550 1686 &
1575 1631 1688 1688 arma
1707 1631 1779 1690 seu
1797 1604 1872 1688 alia
1897 1605 2062 1717 prohibitu

317 1719 382 1800 vel
410 1715 559 1801 eisdem
586 1735 727 1798 contra
756 1713 1005 1795 Christianos
1033 1713 1317 1822 impenderunt
1344 1714 1560 1817 auxilium,
1588 1713 1802 1802 consilium
1828 1715 1887 1800 vel
1903 1715 2062 1812 fauorem,

318 1825 539 1913 dummodo
567 1823 762 1936 quicquid
791 1844 841 1904 ex
868 1823 1101 1914 huiusmodi
1128 1825 1320 1908 damnato
1347 1827 1600 1934 acquisiuere
1634 1825 1890 1929 commercio,
1922 1823 2063 1911 &aliud

318 1937 568 2023 tantumdem
597 1936 648 2018 de
676 1937 758 2016 suis
772 1934 1030 2018 facultatibus
1045 1937 1087 2016 in
1102 1937 1287 2017 manibus
1317 1937 1459 2024 vestris
1487 1938 1712 2044 assignent,
1741 1937 1786 2022 in
1800 1937 1927 2026 Terra
1951 1936 2062 2044 pradi-

319 2070 392 2132 ctae
420 2047 645 2131 subsidium
671 2047 1015 2143 conuertendum,
1044 2074 1119 2126 nec
1147 2073 1230 2132 uon
1257 2065 1337 2126 tam
1367 2046 1546 2128 Clericos
1563 2041 1697 2157 'quam
1724 2048 1868 2136 Laieos
1906 2048 2062 2154 cmcesig·

176 2189 183 2196 ·
243 2233 253 2246 .
319 2160 492 2256 nendos,
520 2160 594 2270 qui
621 2187 699 2266 pro
728 2157 902 2244 ¹violenta
930 2157 1145 2244 iniectione
1173 2184 1364 2236 manuum
1392 2158 1436 2246 in
1466 2157 1642 2246 Clericus
1669 2156 1878 2248 saeculares
1915 2161 2063 2266 uirosque

320 2271 544 2380 religiosos,
578 2267 642 2350 rel
670 2296 750 2386 pro
778 2265 967 2354 incendio
994 2294 1066 2347 seu
1093 2267 1302 2376 sacrilegio
1331 2267 1561 2358 inciderunt
1588 2270 1631 2359 in
1665 2297 1862 2362 canonem
1898 2268 2063 2360 sententia

320 2383 585 2491 promulgatae
611 2377 825 2465 absoluere
853 2380 965 2458 iuxta
994 2376 1164 2458 formam
1195 2375 1381 2470 Ecclesiae
1407 2379 1494 2470 vice
1522 2397 1659 2460 nostra
1686 2380 1767 2472 illis
1790 2383 1965 2490 exceptis,
1988 2403 2063 2487 quo·

268 2491 271 2498 ’
319 2521 409 2574 rum
439 2491 559 2572 fuerit
587 2511 772 2578 excessus
799 2486 974 2568 difficilis
1003 2494 1043 2576 8(
1070 2488 1265 2583 enormis,
1297 2494 1340 2576 8(
1368 2517 1460 2570 cum
1489 2487 1654 2580 Clericis
1695 2492 1990 2600 Crucesignatis,
2012 2487 2062 2596 qui
2141 2505 2142 2510 ‘

320 2632 410 2685 cum
439 2599 865 2690 excommunicationis
894 2601 1130 2681 sententiam
1159 2600 1282 2679 latam
1310 2626 1333 2678 a
1361 2627 1518 2694 canone
1546 2597 1608 2680 vel
1638 2600 1690 2694 ab
1718 2603 1880 2694 homine
1913 2600 2060 2693 incurris·

320 2731 426 2810 sent,
454 2740 496 2792 se
525 2711 676 2792 diuinis
704 2710 1007 2790 immiscuerunt
1036 2707 1201 2818 officijs,
1229 2713 1270 2788 8(
1300 2727 1542 2833 receperunt
1552 2710 1716 2804 ordines
1740 2714 1803 2804 ¹sic
1830 2713 1953 2820 ligati,
1979 2709 2060 2790 dun·

201 2817 212 2840 ’
320 2823 443 2905 modo
471 2823 598 2930 passis
625 2819 771 2902 damna
798 2819 863 2900 vel
878 2821 1045 2902 iniurias
1074 2818 1319 2902 satisfaciant
1333 2837 1632 2929 competenter,
1661 2828 1701 2904 &
1729 2825 1935 2944 negotium
1960 2821 2061 2900 huius·

319 2931 430 3016 modi
459 2935 503 3016 in
530 2932 708 3045 proprijs
736 2948 1037 3044 prosequantur
1065 2933 1267 3040 personis:
1310 2930 1374 3010 vel
1404 2931 1455 3014 ad
1484 2931 1562 3014 hoc
1602 2935 1792 3043 expensis
1833 2937 1913 3024 ¹suis
1938 2930 2059 3026 idoneos

320 3045 534 3126 bellatores
562 3045 851 3139 transmittant,
894 3041 957 3122 vel
984 3042 1036 3124 de
1064 3041 1184 3123 bonis
1212 3040 1393 3154 proprijs
1420 3044 1534 3137 iuxta
1563 3042 1672 3136 idem
1697 3046 1912 3140 arbitrium
1938 3035 2060 3150 aliquod

319 3151 558 3264 impendant
580 3151 825 3251 subsidium,
853 3151 1085 3262 dispensare
1113 3153 1273 3262 possitis
1289 3155 1530 3240 auctoritate
1542 3156 1778 3266 Apostolica
1793 3158 1907 3250 robis
1919 3153 2063 3248 duximus

321 3262 636 3353 concedendum.
662 3267 861 3356 ¹Praeterea
881 3262 1068 3346 nonnulli
1084 3264 1228 3358 Clerici
1243 3268 1283 3342 8(
1297 3263 1408 3343 Laici
1434 3291 1519 3347 non
1545 3267 1701 3360 ratione
1716 3268 1975 3360 Ecclesiamm
1986 3265 2063 3372 paci·

321 3377 395 3456 fiee
423 3381 462 3453 8(
491 3377 575 3456 sine
602 3379 898 3472 controuersia,
926 3373 1121 3484 quasdam
1135 3375 1324 3466 dicantur
1339 3363 1510 3468 decimas
1522 3376 1744 3492 possidere,
1772 3376 1889 3490 quod
1914 3375 2010 3457 robis
2030 3369 2064 3447 sit

325 3485 495 3566 liberum
507 3483 774 3572 ,defructibus
788 3485 1006 3574 earundem
1022 3487 1223 3597 perceptis
1234 3486 1428 3566 hactenus
1436 3487 1584 3579 eisdem
1599 3487 1764 3582 Clericis
1777 3496 1820 3580 8(
1832 3488 1956 3582 ¹Laicis
1966 3481 2064 3576 dimit·

315 3614 405 3686 ,tere
424 3597 609 3705 quintam
641 3611 796 3704 partem
823 3595 970 3678 eisdem
986 3595 1228 3694 concedere,
1257 3595 1370 3705 quod
1386 3595 1590 3680 residuum
1607 3596 1817 3692 fructuum
1830 3593 2064 3690 eorundemiu

320 3706 557 3816 praedictum
587 3727 828 3788 conuertere
870 3707 1093 3806 subsidium
1121 3737 1194 3816 per
1229 3709 1381 3818 seipsos
1423 3707 1486 3788 vel
1528 3707 1644 3788 vobis
1691 3712 1724 3790 si
1767 3710 1966 3802 voluerint
1987 3699 2065 3786 enbi-
2138 3751 2139 3754 κ

320 3821 416 3900 bere
446 3820 490 3898 in
521 3817 626 3900 idem
655 3818 862 3926 negotium
894 3817 1232 3913 conuertendum,
1260 3819 1317 3910 ita
1405 3817 1460 3900 od
1487 3819 1566 3926 ipsi
1597 3819 1648 3901 ad
1681 3821 1970 3912 restitutionem
1983 3815 2066 3894 alan

321 3929 371 4009 de
399 3931 611 4038 praemissis
626 3927 815 4009 omnibus
841 3929 1003 4019 minime
1031 3944 1276 4025 teneantur,
1294 3955 1337 4008 se
1393 3925 1488 4018 inde
1502 3945 1689 4036 maneant
1717 3932 1880 4049 penitus
1909 3920 2066 4014 absoluti,

321 4040 539 4134 dummodo
570 4039 742 4120 decimas
757 4042 861 4147 ipsas
876 4036 1062 4144 Ecclesijs
1076 4037 1281 4131 dimittant
1296 4041 1338 4118 in
1352 4054 1560 4146 posterum
1575 4040 1627 4122 ad
1642 4067 1743 4150 quas
1756 4056 1950 4149 spectant,
1964 4050 2066 4116 aucte

243 4223 247 4234 ,
320 4153 436 4232 ritate
458 4149 713 4242 concedimus
741 4148 985 4260 supradicta.
1016 4143 1200 4258 Amplius
1229 4177 1320 4230 cum
1344 4147 1477 4240 sedes·
1492 4149 1684 4259 praedicta
1708 4151 1806 4232 olim
1853 4147 2067 4244 centesimam

321 4277 595 4369 prouentuum
624 4261 1001 4352 Ecclesiasticorum·
1021 4288 1094 4370 per
1103 4259 1242 4342 omnia
1264 4259 1489 4357 Christiana
1503 4262 1643 4370 Regna
1656 4259 1838 4366 subsidio
1851 4249 2067 4369 depuuuerit

208 4379 212 4384 '
320 4371 566 4480 supradicto,
595 4397 670 4452 nec
699 4375 750 4454 sit
776 4374 1025 4466 conueniens
1051 4369 1164 4481 quod
1175 4369 1296 4464 simul
1323 4399 1403 4484 pro
1416 4390 1525 4465 terra
1539 4361 1708 4481 prefata
1722 4372 1805 4454 duo
1834 4368 2000 4452 subsidia
2011 4359 2068 4443 col·

321 4483 508 4590 ligantur,
537 4482 891 4576 noscentesimam,
909 4481 1137 4587 huiusmodi
1165 4483 1416 4578 remittentes
1442 4485 1487 4576 in
1515 4482 1615 4576 locis
1642 4485 1865 4592 inquibus
1892 4506 1972 4561 non
1995 4470 2067 4556 enti·

321 4594 371 4672 tit
400 4622 470 4698 per
499 4611 733 4694 executores
756 4591 912 4686 indicta
940 4595 1126 4682 ,volumus
1153 4599 1195 4686 .&
1221 4590 1476 4690 mandamus,
1505 4610 1549 4674 vt
1577 4594 1726 4704 singuli
1759 4611 1936 4676 reanum
1961 4614 2021 4697 per
2039 4605 2069 4659 tt

322 4702 385 4782 vel
414 4701 513 4780 alios
542 4707 783 4787 centesinam
810 4705 939 4822 ,ipsam
967 4705 1010 4797 in
1037 4705 1137 4784 locis
1167 4703 1242 4784 tibi
1275 4699 1449 4784 subditis
1476 4705 1519 4798 in
1547 4704 1697 4814 quibus
1738 4704 1891 4789 indicta
1931 4695 2070 4792 fuit&
2137 4787 2138 4790 g

321 4840 405 4893 non
423 4811 580 5004 dentitit
621 4817 827 4932 persoluta
856 4845 878 4895 a
905 4833 1087 4937 tempore
1110 4841 1199 4924 quo
1226 4809 1379 4902 indicta
1406 4810 1493 4912 fuit,
1527 4815 1734 4925 usquead
1776 4833 1933 4936 tempus
1956 4799 2068 4935 Plaedl'

319 4939 396 5004 ctae
453 4949 596 5004 ecrmae.
999 4952 1036 5000 .·
1281 4956 1285 4964 ·
