4370 5950
966 437 1023 480 ...-
1125 407 1215 502 111
1330 433 1416 516 ω,

215 649 219 656 ’
291 645 420 774 1:132
539 621 543 634 ⁵
1060 632 1311 794 11,99.*)·

178 797 185 824 ¹
287 899 290 904 ·
340 865 495 952 ¹Konung
515 861 610 928 lim
629 859 794 928 Entcttons
815 857 987 944 glivobrel
1004 855 1047 944 pi
1068 879 1107 921 en
1128 857 1180 922 del
1201 857 1239 920 af
1255 845 1443 943 Elliarleby
1464 859 1538 922 fiske
1557 859 1607 922 till
1628 857 1733 924 turen
1753 859 1878 928 kloster.

1513 1001 1516 1010 ·
1721 973 1942 1047 &imno

441 1115 491 1198 In
515 1135 665 1198 nonina
694 1134 842 1195 snucrr
861 1123 919 1192 'nr
949 1133 1156 1190 ruptumve
1178 1099 1411 1206 'rnuurnrrs
1442 1115 1579 1192 rn‘rms
1610 1136 1659 1191 rr
1675 1137 1778 1192 run.
1807 1137 1856 1192 nr
1885 1137 2074 1196 smnrrvs.

180 1285 183 1294 ·
275 1239 428 1326 Sancrl.
450 1249 570 1307 aneu.
613 1224 875 1334 Operationis
891 1235 1035 1313 ,sancte
1056 1220 1311 1329 propositum
1332 1219 1563 1323 nullatenus
1577 1222 1712 1332 aliqua
1728 1225 1938 1305 occasione
1953 1223 2076 1330 debet

276 1329 465 1452 inpediri.
495 1339 584 1446 Ego
611 1337 803 1416 Kanutus
832 1333 897 1416 dei
932 1333 1067 1444 gracia
1097 1359 1170 1410 rex
1199 1359 1412 1411 sweorum.
1443 1334 1539 1442 quia
1569 1333 1708 1414 diuina
1742 1335 1987 1415 ammonitus
2015 1337 2075 1416 in·

277 1451 500 1564 spiratione
528 1465 685 1556 partem
713 1447 948 1556 piscationis
977 1446 1020 1523 in
1049 1440 1345 1554 aelwakarlabv.
1374 1472 1455 1554 que
1484 1443 1634 1524 dicitur
1661 1444 1743 1526 bol.
1775 1443 1913 1527 diuine
1942 1474 2077 1525 remu·

277 1561 502 1646 nerationis
530 1560 697 1640 intuitu.
725 1557 887 1638 ecclesie
916 1552 1031 1636 beate
1059 1555 1182 1634 marie
1211 1555 1346 1634 iolath.
1364 1561 1403 1635 &
1432 1556 1653 1636 conuentui
1673 1553 1823 1637 ibidem
1838 1557 2075 1638 constituto.

264 1691 266 1696 ’
333 1690 480 1784 rpetuo
509 1669 603 1753 dedi
632 1667 927 1780 possidendam.
958 1664 1078 1746 Vnde
1121 1693 1173 1745 ne
1215 1695 1297 1775 qua
1340 1662 1451 1775 apud
1488 1682 1671 1775 posteros
1706 1669 1833 1775 possit
1868 1669 1968 1748 oriri
2011 1697 2076 1750 ca·

275 1703 463 1894 ffimpnia
491 1780 661 1862 eandem
691 1780 953 1861 donationem
986 1777 1286 1885 subscriptione
1321 1780 1495 1857 testium.
1534 1783 1574 1858 &
1609 1780 1786 1887 presenti
1819 1781 1974 1888 scripto
2011 1807 2077 1858 ro·

132 1887 136 1899 ¹
274 1896 434 1980 boraui.
452 1892 592 1973 Testes
607 1894 733 2000 igitur
749 1907 845 1970 sunt
861 1920 911 1972 ex
940 1904 1056 1998 parte
1085 1916 1185 1967 mea.
1215 1889 1416 1997 Byrgerus
1444 1886 1530 1969 dux
1557 1916 1771 1970 sweorum.
1800 1891 1979 1971 Karalus
1994 1889 2077 1970 fra·

279 2023 344 2090 ter
372 2008 471 2088 eius.
500 2006 692 2085 Kanutus
720 2002 847 2083 lrater
874 2006 1022 2108 regine.
1080 1999 1322 2106 Holmgerus
1351 2026 1478 2109 nepos
1514 2028 1636 2080 meus.
1665 1999 1888 2082 Finwidus.
1939 2003 1991 2081 Et
2007 2031 2077 2082 ex·

276 2133 396 2234 parte
426 2115 601 2197 ecclesie.
630 2118 785 2196 Petrus.
800 2113 1137 2221 archiepiscopus.
1154 2111 1384 2219 vpsalensis.
1416 2111 1658 2193 Wilhelmus
1679 2113 1975 2221 strengenensis
1990 2116 2076 2222 epi·

276 2257 436 2338 scopus.
458 2227 568 2307 ¹Colo
602 2225 913 2334 lyngacopensis
941 2223 1166 2331 episcopus.
1196 2222 1405 2331 Jarpulfus
1434 2225 1642 2304 scariensis
1657 2226 1880 2332 episcopus.
1911 2225 2075 2306 Stenar-

277 2371 327 2422 us
373 2331 649 2448 wegsonensis
686 2337 910 2444 episcopus.
940 2339 980 2414 81
1016 2359 1155 2411 omnes
1197 2333 1363 2414 abbates
1406 2341 1445 2416 &
1488 2336 1683 2444 prepositi
1724 2337 1840 2442 regni
1876 2338 2007 2416 nostri
2035 2353 2075 2416 et

255 2451 468 2533 maiores:
489 2451 541 2530 Et
562 2448 660 2557 quia
687 2448 762 2528 hec
790 2445 958 2527 donatio
986 2444 1283 2550 magnificentie
1311 2461 1449 2525 nostre
1478 2461 1559 2524 tam
1589 2446 1866 2556 sollempniter
1882 2463 1942 2526 est
1957 2447 2073 2528 facta.
2174 2489 2176 2500 ·

278 2561 519 2644 auctoritate
548 2587 630 2669 qua
660 2557 869 2667 fungimur
896 2556 1154 2664 precipimus.
1193 2573 1396 2665 quatenus
1422 2584 1697 2638 successorum
1733 2585 1926 2638 meorum.
1956 2569 2076 2640 nemo
2174 2613 2176 2620 -

277 2672 479 2784 prefatam
507 2668 770 2750 donationem
797 2681 1018 2747 retractare
1046 2665 1205 2746 audeat.
1240 2667 1305 2746 uel
1342 2669 1385 2747 in
1421 2667 1580 2748 irritum
1616 2697 1817 2750 reuocare.
1874 2668 2000 2772 Quod
2045 2671 2076 2749 si
2174 2675 2176 2686 '

251 2785 422 2867 ·fecerit
465 2783 565 2862 iram
607 2778 673 2862 dei
715 2779 1006 2887 omnipotentis
1055 2777 1249 2857 incurrat.
1278 2785 1317 2859 &
1345 2781 1482 2888 portio
1525 2781 1612 2860 eius
1655 2783 1706 2861 sit
1742 2807 1834 2860 cum
1877 2781 2074 2889 reprobis.

277 2925 356 2978 nec
382 2892 532 2975 habeat
560 2905 715 3000 partem
745 2891 787 2971 in
816 2916 943 2997 regno
979 2887 1055 2968 dei.
1092 2890 1243 2969 Datum
1272 2905 1342 2969 est.
1388 2918 1497 2970 anno
1540 2890 1740 2972 dominice
1769 2891 2073 2973 incarnationis.

277 2999 803 3088 M⁹.C⁶.LXXXX⁰.VllIl⁰.
834 2999 1074 3080 Indictione.
1105 2999 1174 3079 IX.
1204 3001 1379 3109 Epactis.
1410 3001 1559 3083 XXlll.

286 3137 434 3230 sigillent
459 3163 486 3209 t.
508 3140 782 3230 irie-Biskopens,
804 3141 885 3208 Tab.
910 3144 939 3205 3.
959 3157 1010 3202 nto
1033 3159 1068 3217 ²3
1099 3161 1127 3204 2.
1150 3153 1195 3206 ott
1217 3145 1323 3226 stycke
1344 3145 1382 3205 as
1399 3143 1597 3231 llonuugcns,
1619 3145 1699 3211 Tab.
1721 3163 1750 3208 a.
1770 3162 1822 3208 nto
1845 3095 2073 3230 3‚igultvai,

300 3246 305 3252 ·
919 3223 1021 3306 binga
1043 3225 1083 3308 pt
1111 3237 1433 3322 pergamentsremsor.
1519 3311 1522 3318 .

287 3579 415 3724 114.
928 3593 1175 3741 1-199d.
1222 3597 1254 3701 5
1301 3591 1427 3699 Oct..
1756 3519 1762 3536 ·
1844 3529 1848 3538 ι
1925 3597 2076 3704 Rom.

279 3791 283 3802 ⁸
355 3812 455 3879 serv.
476 3814 676 3877 lsrocmrms
696 3816 767 3876 ills
787 3816 977 3899 uppmaning
1001 3819 1052 3879 till
1076 3817 1140 3880 alla
1161 3817 1306 3880 Chr-istun
1326 3815 1451 3882 Norden
1473 3813 1576 3892 Elben
1594 3823 1642 3878 att
1653 3813 1725 3879 med
1738 3815 1909 3900 bigamakt
1930 3818 2078 3884 lb'rsvart

410 3897 451 3962 (le
471 3897 618 3962 Christna
640 3900 652 3961 i
673 3895 798 3962 Lifland
820 3908 886 3961 mot
906 3897 1118 3983 kringboende
1139 3899 1327 3984 heduingars
1349 3901 1460 3964 anlall.

1447 4017 1486 4073 K·
1504 4033 1542 4072 m.
1561 4030 1584 4070 r:
1603 4015 1661 4085 460.
1680 4015 1736 4070 Aa.
1755 4032 1780 4070 a.
1801 4011 1855 4086 Ep.
1880 4033 1936 4088 ¹9¹·

449 4154 656 4236 Vniversis
682 4147 836 4251 Christi
849 4149 1042 4255 fidelibus
1066 4153 1120 4230 -in
1146 4149 1329 4235 Saxonia
1357 4159 1397 4236 8t
1423 4154 1489 4236 W
1483 4157 1648 4258 esffalia
1674 4160 1911 4238 constitutis.

440 4293 556 4374 Sicut
585 4291 861 4372 ecclesiasticae
884 4292 1061 4372 laesionis
1091 4319 1262 4374 censura
1289 4295 1479 4405 compelli
1514 4324 1599 4378 non
1634 4301 1792 4408 patitur
1825 4299 1876 4381 ad
1905 4301 2079 4383 creden·

276 4395 373 4482 dum
401 4402 571 4502 invitos,
600 4404 656 4484 sic
673 4419 833 4512 sponte
861 4403 1122 4486 credentibus
1150 4404 1374 4513 apostolica
1401 4407 1535 4507 sedes,
1570 4425 1664 4520 quae
1697 4428 1825 4491 mater
1853 4427 1914 4492 est
1944 4415 2080 4494 omni·

230 4627 243 4648 ”
275 4581 625 4726 meten
645 4661 711 4708 torn
731 4644 832 4726 ligger
855 4641 903 4707 uti
923 4643 1126 4727 handlingens
1147 4655 1270 4708 nnatta-
1285 4647 1337 4727 ir,
1358 4645 1509 4712 indiction
1528 4649 1589 4714 och
1611 4660 1748 4735 epacta,
1769 4671 1803 4713 se
1822 4649 1904 4714 Tali.
1934 4673 1945 4715 1
1973 4604 2030 4719 nai
2051 4657 2078 4732 3,

211 4753 217 4761 ·
359 4723 515 4788 alveusom
533 4738 642 4790 trenna
663 4727 702 4789 al
717 4729 873 4790 rittnenas
892 4727 961 4790 [ὅτε
981 4729 1018 4790 dr
1043 4747 1124 4872 ¹139
1145 4728 1309 4802 intriffade
1328 4731 1391 4794 dod
1431 4736 1498 4879 era
1520 4745 1567 4798 att
1594 4733 1684 4798 detta
1710 4735 1793 4798 artat
1817 4743 1852 4796 ar
1871 4737 2079 4810 enlfelskril·

359 4808 444 4886 ming,
464 4805 588 4872 hviliet
616 4809 709 4872 orlaa
729 4795 768 4871 al
784 4805 861 4875 llere
882 4809 1063 4872 Fiir·fattare
1511 4817 1655 4880 asscende
1676 4817 1717 4900 pt
1738 4816 1778 4879 de
1798 4820 1983 4900 namngifna
2006 4845 2079 4907 per·

358 4907 504 4953 sonamus
524 4891 689 4956 lefuadstid
711 4891 772 4954 och
793 4892 926 4955 111111131-
947 4879 1005 4956 allt
1026 4894 1067 4977 pa
1089 4894 1393 4963 sammannffandet
1412 4899 1450 4965 al'
1466 4898 1514 4967 tx
1546 4901 1655 4967 indict.
1694 4899 1770 4966 nod
1800 4901 1911 4969 XXIII
1934 4917 2080 4992 epactes.

355 4969 448 5039 torde
466 4969 536 5036 iret
559 4991 634 5062 ¹¹9¹
657 4977 762 5042 kanna
781 4985 910 5062 tangas
930 4976 981 5042 tot·
999 4975 1054 5042 det
1073 4984 1164 5041 sitta.

1109 4811 1194 4872 lisvit
1215 4811 1374 4877 numeris
1398 4777 1457 4880 'Me
