4404 5960
1007 526 1063 545 -
1173 480 1266 574 dan
1364 526 1420 545 -
2158 569 2159 620 Ν

314 701 423 784 endo
451 698 700 793 mandamus,
730 715 930 810 quatenus
958 725 1048 796 vos,
1075 700 1139 780 vel
1168 700 1268 782 alter
1298 719 1476 782 vestrum
1504 700 1736 809 hujusmodi
1757 721 1905 796 nostras
1928 712 2047 800 clausu
2158 689 2159 756 l

315 813 484 908 litteras,
513 805 613 921 quas
643 811 758 894 robis
788 812 892 890 lator
918 812 1165 920 presentium
1207 812 1445 921 assignabit,
1489 812 1619 894 eidem
1667 813 1958 926 Arebiepiscopo
1981 852 2048 930 pre.

315 941 535 1018 sentantes,
563 923 694 1030 ipsum
717 949 767 1003 cx
796 938 911 1030 parte
940 940 1079 1004 nostra
1106 925 1319 1020 moneatis,
1348 939 1390 1004 et
1422 923 1656 1032 diligentius
1690 925 1897 1023 inducatis,
1936 948 1974 1010 ut
1995 934 2049 1014 hu·

313 1034 488 1142 jusmodi
515 1038 663 1114 nostris
698 1031 924 1119 salubribus
969 1032 1145 1115 consiliis
1187 1033 1293 1116 infra
1335 1035 1562 1144 predictum
1602 1037 1816 1118 terminum
1859 1043 2051 1149 acquiescat

313 1145 398 1228 Nos
421 1147 533 1227 *enim
560 1143 786 1254 recipiendi
814 1145 868 1225 ab
896 1144 1037 1227 eodem
1063 1147 1379 1256 Archiepiscopo
1408 1149 1626 1230 cessionem
1653 1146 1879 1255 hujusmodi
1904 1153 1977 1230 vice
2000 1182 2052 1234 aa

175 1357 178 1364 ι
314 1274 396 1338 stra
425 1257 585 1365 plenam
614 1256 729 1338 vobis
758 1256 1013 1340 concedimus
1046 1259 1285 1339 auctoritate
1329 1263 1574 1366 presentium
1607 1257 1844 1340 facultatem.
1897 1261 2054 1344 Volumus

315 1371 452 1464 etiam,
481 1384 527 1448 ut
556 1364 686 1447 eidem
715 1369 982 1476 prenuntietis
1010 1367 1345 1477 Archiepiscopo,
1380 1369 1492 1478 quod
1520 1370 1554 1448 si
1582 1371 1730 1450 nostris
1771 1371 1938 1466 monitis,
1974 1401 2053 1452 man·

316 1478 438 1576 datis,
463 1497 508 1559 et
535 1479 713 1558 consiliis
741 1506 863 1587 super
903 1481 981 1560 hoc
1021 1506 1163 1587 parere
1218 1481 1435 1578 curaverit,
1478 1478 1529 1560 de
1572 1485 1701 1588 gratia
1746 1497 1786 1560 et
1832 1481 2056 1565 misericordia

315 1588 431 1678 Sedis
459 1588 698 1697 apostolice,
728 1617 808 1700 que
837 1589 1121 1676 obedientibus
1142 1589 1227 1698 ejus
1243 1591 1504 1700 beneplacitis
1532 1618 1601 1673 sue
1629 1589 1851 1674 dulcedinis
1865 1593 2057 1698 uberapor·

313 1703 410 1811 rigit
438 1728 521 1782 non
549 1699 717 1782 diffidat.
747 1698 827 1781 Sed
853 1703 889 1786 si
917 1700 1082 1809 elegerit
1115 1704 1246 1810 perire
1275 1703 1413 1811 potius
1441 1729 1564 1812 quam
1593 1729 1754 1811 parere,
1784 1728 1857 1782 nos
1883 1729 1928 1782 ne
1954 1703 2059 1809 culpas

189 1909 195 1917 Ι
315 1839 408 1894 suas
433 1828 592 1892 nostras
620 1809 752 1892 facere
780 1811 988 1898 videamur
1016 1811 1264 1894 dissimulare
1306 1812 1472 1894 ulterius
1512 1838 1596 1893 non
1639 1814 1877 1921 poterimus,
1916 1813 2004 1921 quin
2025 1809 2061 1891 ad

316 1921 589 2030 indagandum
605 1939 658 2001 et
685 1923 934 2031 puniendum
964 1925 1006 2003 in
1036 1951 1083 2003 eo
1112 1925 1288 2031 graviter
1316 1924 1402 2032 ejus
1430 1952 1614 2006 excessus
1642 1925 1827 2031 exigente
1841 1921 1979 2030 justitia
1992 1949 2061 2001 con·

314 2050 486 2129 stanter,
515 2048 681 2120 auctore
710 2035 886 2122 Domino
914 2033 1188 2142 procedamus.
1218 2033 1372 2114 Taliter
1401 2036 1525 2144 igitur
1552 2032 1785 2142 hujusmodi
1803 2050 1973 2115 nostrum
1996 2058 2062 2140 prc-

315 2161 476 2252 oeptum
501 2141 723 2251 ,adimplere
754 2146 922 2240 curetis,
952 2170 1036 2224 non
1076 2143 1259 2226 obstante
1301 2144 1571 2255 indulgentia,
1622 2172 1705 2255 qua
1735 2145 1938 2226 Fratribus
1973 2143 2062 2228 vestri

314 2254 471 2339 ordinis
498 2283 521 2334 a
549 2253 729 2363 predicta
757 2253 863 2336 Sede
892 2253 1039 2348 dicitur
1068 2282 1151 2336 esse
1178 2283 1428 2353 concessum,
1472 2256 1585 2366 quod
1613 2255 1664 2338 dc
1692 2257 1843 2354 causis,
1885 2283 1950 2334 seu
1974 2246 2064 2360 n'ego

314 2369 403 2465 ciis,
430 2393 508 2477 que
535 2367 633 2474 ipsis
661 2394 685 2445 a
712 2364 814 2447 Sede
842 2367 1148 2458 committuntur
1176 2365 1316 2448 cadem
1344 2369 1460 2448 inviti
1486 2394 1748 2476 cognoscere,
1780 2394 1902 2476 seque
1929 2363 1975 2446 de
2009 2363 2064 2442 illis

314 2478 585 2566 intromittere,
610 2477 773 2566 minime
801 2494 1033 2574 teneantur,
1062 2496 1107 2558 ut
1134 2480 1295 2584 possitis
1326 2505 1348 2556 a
1377 2477 1494 2560 nobis
1537 2477 1587 2558 de
1616 2474 1707 2559 zelo
1745 2493 1936 2586 prompto
1961 2473 2064 2558 obedi-

313 2592 422 2670 entie
451 2618 534 2670 non
561 2589 761 2678 immerito
785 2587 1070 2682 commendari.
1102 2588 1289 2680 Vestrum
1319 2606 1452 2670 autem
1481 2589 1523 2669 in
1551 2588 1628 2670 hac
1656 2605 1774 2698 parte
1807 2599 2065 2696 processuuct

219 2751 220 2760 κ
314 2698 508 2811 quicquid
540 2698 644 2780 idem
674 2700 1009 2807 Archiepiscopus
1038 2727 1159 2828 super
1184 2699 1264 2793 boc
1294 2698 1449 2796 fecerit,
1479 2699 1596 2781 nobis
1625 2702 1769 2782 vestris
1792 2701 1934 2781 litteris
1960 2697 2063 2777 harum
2151 2724 2152 2727 ¹

312 2816 456 2894 seriem
481 2811 789 2894 „continentibus
817 2807 987 2892 fideliter
1015 2811 1217 2902 intimetis.
1242 2812 1394 2902 Datum
1425 2827 1470 2896 ut
1497 2838 1630 2918 supra.

171 3119 186 3146 ²
318 3201 452 3346 498·
530 3135 532 3142 Ι
737 3157 741 3170 ·
982 3199 1132 3331 ,1264
1179 3201 1227 3309 d.
1277 3245 1304 3348 7
1354 3201 1451 3308 Jul.
1774 3241 1776 3247 ·
1959 3197 2071 3300 Rout

398 3421 487 3483 Pttv.
504 3419 651 3483 'Uarenus
673 3421 744 3485 tva
765 3422 936 3504 befallning
960 3422 1007 3484 titt
1028 3423 1180 3508 Bislopen
1199 3425 1210 3484 i
1232 3425 1367 3504 Wiborg
1387 3421 1448 3484 och
1469 3421 1590 3484 nutus
1610 3433 1656 3485 att
1675 3422 1747 3486 med
1769 3433 1820 3485 ett
1841 3421 2003 3484 Canonicat
2019 3413 2074 3474 stiur
2158 3389 2159 3452 3

447 3503 661 3566 Subdiacouus
681 3505 785 3568 Parra
807 3509 817 3568 i
837 3505 944 3584 Luud,
960 3527 1019 3580 ,om
1039 3504 1101 3582 ban
1120 3505 1227 3582 ¹dertill
1249 3525 1307 3569 rar
1327 3505 1464 3588 skicklig.

1538 3619 1567 3674 F.
1589 3637 1610 3673 1:
1629 3621 1686 3691 294.
1705 3620 1760 3674 Au.
1781 3621 1807 3675 3.
1828 3617 1885 3690 Ep.
1905 3635 1975 3693 1712·
2013 3611 2017 3618 ⁸
2089 3683 2091 3692 Ι

484 3757 669 3838 Urbanus
695 3755 914 3866 Episcopus
936 3756 1094 3843 Servus
1122 3757 1343 3838 Servorum
1376 3759 1460 3836 Dei.
1497 3757 1797 3847 Venerabilibus
1814 3752 2077 3838 Fratribus...

514 3871 579 3949 W
574 3869 780 3974 ebergerus}
813 3887 850 3947 et
879 3926 887 3945 .
920 3929 928 3948 .
956 3928 967 3962 k.
998 3872 1206 3960 Arusiertri
1231 3867 1443 3995 Episcopis.
1470 3866 1653 3960 ¹Salutem
1686 3871 1757 3946 &a

481 4009 673 4090 Volentes
701 4007 891 4098 dilectum
921 4006 1045 4088 filiurn
1075 4011 1235 4089 Petrum
1265 4008 1567 4103 Subdiaoonum
1596 4007 1862 4092 Lundensem
1892 3995 2081 4086 nullumsi·

312 4138 385 4200 cut
413 4122 552 4211 asserit
581 4121 887 4216 ecclesiasticum
916 4119 1152 4217 beneficium
1184 4137 1406 4219 assecutum
1438 4116 1608 4218 obtentu
1644 4118 1781 4200 dilecti
1828 4119 1992 4201 Fratris¹
2007 4110 2083 4190 ller-

314 4235 422 4312 mani
449 4230 501 4321 de
528 4231 671 4324 ordine
700 4229 1000 4325 Predicatorum
1024 4230 1079 4308 Ca
1108 4228 1277 4338 pellani,
1306 4247 1347 4310 et
1376 4228 1651 4337 Peuitentiarij
1695 4233 1830 4312 nostri
1877 4227 1993 4308 nobis
2031 4240 2083 4326 pr0
2158 4271 2159 4322 ,

314 4371 363 4424 co
390 4342 596 4432 humiliter
623 4343 904 4450 supplicantis,
931 4357 974 4440 et
1004 4259 1205 4444 laudabile
1233 4342 1503 4442 testimonium
1534 4339 1786 4449 perbibentis
1804 4341 1866 4431 de
1883 4341 1974 4450 ipso
2001 4331 2086 4412 lavo
2158 4389 2159 4396 κ

316 4481 360 4531 rc
388 4454 580 4563 prosequi
604 4455 737 4562 gratie
765 4454 963 4561 specialis,
993 4453 1251 4534 Fraternitati
1279 4443 1510 4560 vestre'per
1530 4466 1532 4471 ’
1550 4450 1772 4559 apostoliea
1816 4455 1976 4561 scripta
2003 4465 2085 4522 man·

317 4561 468 4658 damus,
497 4583 699 4674 quatenus
726 4561 909 4659 eumdem
939 4562 1240 4645 Subdiaoonum
1272 4560 1492 4643 dummodo
1520 4564 1572 4642 sit
1600 4560 1806 4668 ydoneus,
1839 4580 1884 4643 et
1915 4555 2019 4642 aliud
2043 4579 2088 4628 ct·
2155 4662 2156 4668 ἵ

307 4673 505 4754 -nonioum
534 4703 618 4755 non
646 4675 815 4770 obsistat
842 4677 887 4764 in
920 4675 1098 4767 Ecclesia
1126 4673 1331 4778 Lundensi
1360 4675 1486 4782 recipi
1518 4672 1714 4775 'facientes
1750 4675 2002 4766 auctoritate
2036 4687 2088 4740 nl>
2155 4689 2157 4754 'i

317 4803 399 4866 stra
428 4784 470 4862 in
498 4787 747 4867 canonicum
775 4800 815 4863 et
839 4786 885 4883 ‘in
909 4782 1096 4886 tranem,
1125 4811 1197 4885 vos
1225 4781 1288 4888 vel
1317 4783 1419 4863 alter
1447 4784 1786 4870 vestrumsoilieet
1819 4785 1877 4866 de
1908 4769 2090 4894 prebenda
2155 4809 2157 4837 ·

304 4892 351 4975 'si
384 4919 464 5002 qua
493 4893 598 4976 idem
626 4915 743 4980 vacat
773 4893 825 4975 ad
853 4921 1036 5002 presens,
1066 4895 1130 4996 yel
1159 4922 1282 5004 quam
1324 4897 1498 5005 primum
1527 4895 1578 4978 ad
1608 4893 1651 4976 id
1679 4896 1888 4976 obtulerit
1919 4921 1962 4977 se
1991 4880 2093 4968 lacul-

283 5019 378 5115 ¹tas
404 5005 619 5113 providere
641 5010 805 5102 curetis.
833 5007 927 5088 Non
954 5004 1136 5089 obstante
1164 5019 1324 5088 statuto
1345 5007 1396 5089 de
1439 5025 1550 5089 certo
1590 5007 1904 5099 ,Canonicorum
1950 5016 2093 5087 nrrmero
2157 4963 2159 5100 l
