4362 5946
952 467 1037 538 ‘·-
1148 469 1229 564 334
1282 557 1284 561 .
1338 511 1390 566 ··.·

299 704 430 814 360.
667 714 671 722 '
767 714 771 722 '
935 697 1085 830 1248
1131 695 1181 804 d.
1229 735 1257 803 a
1307 699 1490 846 Mars..
1615 673 1620 678 ³
1808 700 2041 856 Skeniuge.

375 919 454 997 Pati.
475 921 625 1002 Legeten,
647 917 727 991 Bisl.
749 918 917 1015 Wrnmup
938 919 977 980 al
997 917 1114 984 Sabine
1144 884 1304 981 Dombcef
1329 919 1461 982 emadan
1491 919 1647 1006 Bislopeu
1666 921 1677 984 i
1698 919 1874 1008 Licliiping
1891 925 1910 988 l
1927 945 1976 990 eoa
1999 929 2045 990 och

425 1006 571 1078 manum
592 1003 702 1072 Bossos
723 1003 743 1064 ἐ
764 999 863 1063 andra
883 997 986 1078 udan,
1008 999 1167 1083 aogdeude
1188 1021 1226 1062 en
1247 997 1325 1081 gard
1346 1003 1356 1060 i
1378 1003 1531 1086 Ljungby.
1657 1063 1661 1068 .
1713 1087 1748 1142 A·
1769 1103 1793 1142 ι.
1810 1085 1838 1141 ὰ
1856 1087 1899 1158 ⁴³·
1913 1089 1942 1156 ἢ

458 1225 713 1312 Wmucmnts
742 1219 999 1300 miseratione
1028 1217 1165 1300 diuina
1194 1211 1426 1300 Sabinensis
1459 1219 1685 1330 Episcopus
1720 1223 1933 1331 apostolice
1969 1222 2048 1306 sedis

135 1386 141 1406 .
175 1409 187 1424 ,
295 1331 472 1442 legatus,
501 1332 700 1422 Omnibus
715 1330 788 1409 has
816 1328 970 1409 litteras
985 1329 1225 1438 inspecturis
1240 1327 1418 1408 Salutem
1440 1329 1484 1407 in
1498 1333 1659 1413 nomine
1673 1331 1785 1413 ihesu
1799 1331 1946 1413 christi.
1972 1335 2050 1414 Cum

293 1444 454 1632 {uestio
497 1457 724 1530 uerteretur
768 1440 873 1519 inter
914 1438 1187 1519 venerabilem
1216 1456 1371 1546 patrem
1415 1499 1426 1543 ‚
1471 1501 1480 1520 .
1522 1423 1603 1521 ἀεῖ
1631 1443 1760 1551 gratia
1808 1443 2051 1554 lincopensem

179 1651 183 1662 ,
331 1554 543 1668 piscopum
574 1580 623 1646 ex
653 1566 768 1666 parte
797 1577 878 1634 una
906 1555 945 1630 8(
973 1550 1165 1630 habraam
1191 1549 1317 1628 lilium
1345 1549 1524 1630 Rouonis
1560 1550 1707 1632 laicum
1721 1579 1798 1662 pro
1812 1580 1855 1632 se
1882 1559 1920 1634 8(
1944 1553 2053 1632 fratri·

291 1663 370 1748 bus
398 1666 480 1746 suis
509 1691 557 1744 ex
588 1661 715 1741 altera
733 1688 857 1770 super
886 1658 1063 1771 quadam
1092 1660 1298 1740 mansione
1326 1687 1408 1768 que
1437 1657 1588 1742 dicitur
1611 1663 1785 1772 Longby
1804 1663 1854 1774 ¹),
1884 1691 1971 1744 oum
1983 1690 2056 1772 per·

141 1801 142 1808 ¹
189 1827 191 1830 -
291 1773 477 1886 tinencijs
505 1773 587 1853 suis
616 1770 813 1850 ambobus
843 1773 886 1850 in
912 1787 1050 1851 nostra
1071 1771 1272 1878 presentia
1288 1769 1518 1852 constitutis
1546 1799 1627 1882 que
1641 1771 1693 1854 ab
1713 1788 1889 1882 urtaque
1906 1771 1937 1884 ²)
1964 1791 2056 1882 parte

148 2609 155 2620 .
294 2571 392 2638 suus
419 2577 443 2626 a

260 1876 402 1963 'luere
427 1884 640 1998 ,proposita
668 1866 896 1962 audiuimus
924 1879 1157 1990 diligentur.
1215 1881 1380 1961 Petebat
1407 1908 1582 1991 namque
1612 1881 1743 1966 dican
1785 1881 1909 1966 laicus
1935 1911 2005 1991 pro
2026 1909 2058 1964 se

292 1997 332 2073 8(
360 1991 479 2074 dictis
507 1991 701 2076 fratribus
728 1991 924 2100 prefatam
956 1985 1201 2074 Mansionem
1242 2016 1334 2071 oum
1384 1993 1643 2100 pertinentiis
1684 1993 1766 2073 suis
1794 1993 1848 2074 ab
1891 1994 2057 2104 episcopo

292 2101 479 2214 predicto
508 2102 644 2198 dicens
671 2131 759 2184 eam
787 2101 908 2192 adse
936 2107 976 2184 8(
1003 2100 1133 2190 dictos
1163 2101 1306 2188 fratres
1334 2129 1427 2183 suos
1456 2105 1657 2210 pertinere
1686 2101 1738 2184 de
1765 2103 1865 2184 iure.
1922 2106 1980 2184 Ex
2005 2105 2058 2186 ad·

291 2239 411 2308 uerso
437 2241 538 2308 uero
580 2213 792 2332 episcopus
826 2209 1038 2320 respondit
1087 2212 1236 2295 dietam
1271 2211 1526 2303 lllansionem
1575 2242 1649 2323 per
1677 2241 1719 2294 se
1746 2217 1787 2294 8(
1814 2231 2059 2294 antecessores

293 2351 388 2414 suos
411 2352 434 2404 a
462 2326 758 2436 quinquaginta
793 2325 908 2414 annis
935 2329 975 2402 8(
1002 2323 1164 2431 anplius
1192 2321 1357 2429 pacifice
1385 2327 1424 2402 8(
1452 2322 1560 2404 bona
1593 2323 1674 2405 lide
1717 2323 1988 2434 lincopensem
2012 2351 2060 2404 eo·

294 2435 455 2527 alesiam
514 2431 717 2522 ossedisse.
760 2433 856 2542 quia
897 2460 983 2526 eam
1024 2450 1173 2524 emerat
1220 2435 1328 2520 bone
1358 2437 1557 2516 memorie.
1615 2433 1782 2516 Carolus
1825 2434 2062 2544 predecessor

470 2465 722 2637 dionasterio
744 2541 796 2624 de
823 2544 1000 2637 aluastro
1027 2543 1292 2651 Lincopensis
1328 2543 1508 2628 diocesis.
1544 2543 1656 2656 quod
1683 2571 1758 2654 per
1785 2547 1923 2626 omnia
1953 2545 2063 2627 dictus

295 2655 502 2750 Habraam
529 2655 798 2744 confitebatur
824 2660 862 2748 8(
891 2653 1019 2761 plane,
1055 2652 1175 2747 Vnde
1204 2681 1279 2734 nos
1304 2656 1491 2742 omnibus
1519 2653 1734 2736 auditis&
1764 2653 1984 2737 sufficienti
2008 2653 2064 2741 de·

297 2766 536 2858 liberatione
567 2762 781 2880 prehabita
808 2761 1054 2854 absoluimus
1082 2793 1103 2846 e
1135 2766 1316 2873 isoopum
1342 2771 1382 2847 8(
1407 2766 1613 2854 ecclesiam
1641 2765 1937 2872 Lincopensem
1964 2789 2065 2874 super

182 2957 184 2962 .
297 2878 491 2990 predictis
520 2876 707 2956 omnibus
736 2873 788 2954 ab
815 2876 1067 2982 impetitione
1096 2795 1192 2968 dieti
1220 2875 1406 2966 Habraae
1434 2881 1474 2955 8(
1502 2875 1670 2958 fratrum
1712 2876 1798 2956 eius
1826 2877 2067 2983 presentibus

297 2988 471 3078 testibus
498 2985 803 3100 archiepiscopo
831 2985 1046 3092 Vpsalensi
1074 2990 1114 3065 8(
1141 2983 1406 3094 suffraganeis
1428 2989 1512 3078 eius
1540 2995 1580 3068 8(
1608 2984 1775 3066 domino
1788 2987 1967 3096 Rergero
1982 2986 2068 3068 duce

297 3099 438 3176 Suecie
467 3102 506 3193 8(
535 3096 624 3204 alijs
639 3093 786 3185 multis.
816 3093 967 3184 Datum
996 3095 1214 3202 Skcnning.
1246 3095 1315 3175 Vl.
1347 3095 1450 3180 Nou.
1471 3094 1622 3204 Maroij.
1652 3095 1919 3180 Pontificatus
1933 3094 2068 3184 domini

295 3205 533 3315 innocentii.
563 3233 679 3316 pape.
709 3206 799 3285 llll.
828 3207 947 3285 Anno
976 3207 1142 3310 Quinto.

544 3348 680 3444 sigillet,
703 3347 796 3432 negot
818 3345 963 3428 sladum,
985 3346 1102 3439 benger
1121 3347 1163 3442 pi
1183 3369 1222 3426 en
1243 3367 1358 3428 rernm,
1379 3347 1496 3436 uutpt
1516 3367 1555 3412 ur
1574 3348 1682 3432 ejelfea
1701 3348 1832 3426 brefret.

299 3715 432 3823 361.
690 3635 692 3638 Ι
827 3769 831 3778 ·
932 3655 1451 3846 massonam.

377 3933 454 4000 ΡΜ
476 3937 627 4018 bageleia,
649 3934 731 3998 Bul.
751 3933 918 4000 Wnuscus
939 3938 977 3998 st
993 3937 1108 4001 Sabina
1129 3938 1207 4000 Brei
1222 3935 1355 4001 cairande
1375 3937 1489 4084 spretio
1508 3934 1620 4018 dagam
1640 3931 1713 3998 ellel
1744 3935 1795 4000 lbr
1814 3933 1902 4018 den,
1926 3955 1994 4000 som
2012 3927 2071 3996 mal

428 4019 539 4102 sistor
559 4015 765 4088 undersodde
786 4017 1191 4092 cistercium-munuum
1213 4013 1367 4104 i'llydala
1411 4013 1528 4086 loster.¹

1755 4135 2041 4205 aaa“.=

463 4273 728 4353 thtsnttus·
747 4276 820 4352 &o
851 4213 1049 4354 lilo'med
1063 4273 1322 4378 sbregrieude
1348 4273 1432 4372 Iliso
1447 4269 1525 4352 35'2
1541 4273 1605 4355 att
1616 4271 1739 4351 vitam
1761 4253 1961 4351 eternam.
1991 4268 2077 4348 Cum

156 4413 164 4422 ·
299 4381 424 4488 igitur
446 4381 636 4490 Religiosi
650 4383 729 4461 uiri
744 4443 753 4462 .
769 4441 779 4460 .
793 4381 930 4462 Abbas
959 4387 999 4473 8(
1028 4383 1265 4463 Conuentus
1279 4381 1510 4488 Monasterij
1525 4378 1575 4460 de
1588 4377 1816 4463 Nouaualle
1831 4379 2110 4488 Cysteroienr

150 4540 153 4548 ·
297 4489 351 4566 sis
379 4491 533 4574 ordinis
568 4492 810 4598 lincopensis
852 4493 1038 4589 diocesis,
1080 4506 1194 4572 tanto
1223 4507 1459 4596 premantur
1493 4518 1616 4572 onere
1635 4489 1934 4620 paupertatis,
1979 4481 2080 4602 quod

298 4594 349 4677 de
379 4605 554 4708 propriis
581 4600 841 4690 facultatibus
870 4618 1075 4712 nequeant
1107 4596 1274 4682 comode
1302 4603 1527 4683 sustentari.
1574 4617 1878 4690 uniuersitatem
1904 4619 2080 4686 ,uestram

296 4731 502 4816 rogamus,
529 4738 737 4792 monemus
766 4715 806 4790 8(
834 4710 1045 4792 hortamur
1073 4711 1116 4789 in
1145 4708 1326 4806 domino,
1356 4727 1480 4820 atcpra
1506 4711 1846 4802 inremissionem
1872 4713 2003 4794 uobis
2030 4709 2080 4788 in·

236 4865 240 4880 ι
296 4817 499 4924 iungimus
528 4839 802 4924 peecatorum,
830 4824 1021 4930 quatinus
1050 4818 1100 4900 de
1128 4819 1246 4899 bonis
1274 4817 1430 4908 collatis
1457 4820 1576 4902 uobis
1604 4849 1627 4902 a
1657 4821 1735 4907 deo
1749 4825 1835 4940 pias
1849 4823 2083 4906 elemosinas

336 5061 361 5134 *l
383 5053 497 5116 Finues
516 5055 605 5116 sfven
626 5059 636 5117 i
657 5059 690 5120 B.
711 5061 741 5121 sr
759 5060 802 5137 dc
823 5061 894 5124 med
915 5058 1050 5144 Poliande
1070 5049 1230 5124 olikheter.
1299 5010 1308 5026 «
1540 5088 1557 5102 ἰ

339 5141 366 5214 ¹)
387 5135 777 5222 Ll⁰¹¹8blffla⁰sr5n³ldan
797 5147 842 5228 as
853 5146 989 5230 breson:
1009 5145 1152 5229 Liunglry
1173 5146 1204 5228 ju
1223 5159 1311 5235 mm
1353 5149 1383 5225 a)
1403 5157 1533 5230 uaeque
1553 5147 1724 5231 rtr'tteligen.
1864 5155 1865 5160 ’
