4382 5964
1009 539 1068 563 ..
1178 498 1258 597 642
1338 541 1455 631 ¹...

325 720 690 836 supplicationibus
717 719 902 804 inclinati
929 720 1176 812 fraternitati
1216 739 1287 811 tue
1320 748 1397 832 per
1435 721 1663 834 apostolica
1689 723 1840 834 scripta
1866 716 2068 834 mundns,

325 851 525 950 quatenus
551 834 587 914 si
615 830 800 942 diligenti
827 849 959 944 perte
987 828 1249 945 inquisitione
1279 831 1505 942 prehabito,
1533 832 1648 945 quod
1675 833 1728 919 de
1755 835 1970 922 latriusmodi
1992 847 2068 950 par's

326 944 682 1041 corroboratione,
709 959 753 1026 et
779 941 880 1028 dicti
913 945 1046 1054 Regni
1085 942 1381 1055 &cupuditate
1423 946 1672 1056 proponitur
1713 947 1910 1030 inumeris
1945 952 2070 1037 reice
2138 943 2139 946 ‘

326 1056 483 1156 fulciri,
511 1053 776 1140 consideratis
803 1055 924 1138 etiam
953 1055 1041 1138 aliis
1066 1056 1378 1140 circumstantiis
1404 1057 1621 1154 universis,
1649 1085 1731 1169 que
1776 1061 1987 1170 superbos
2012 1061 2069 1147 lus

328 1174 411 1252 rint
438 1165 705 1263 emendenda,
747 1194 869 1278 super
895 1165 1048 1278 quibus
1076 1183 1189 1248 tuam
1232 1165 1479 1250 intendimus
1507 1168 1794 1252 conscientiam
1835 1198 1989 1252 ouer-me
2009 1201 2070 1256 uun

327 1281 425 1392 ipsis
481 1277 564 1362 uod
592 1274 881 1388 impedimento
909 1276 1212 1362 nonobstante
1241 1277 1426 1387 predicto
1453 1280 1561 1361 inter
1587 1306 1630 1362 se
1658 1281 1950 1364 matrimonium
1984 1282 2070 1368 libere

325 1407 470 1475 contra
499 1417 567 1473 ere
593 1387 773 1488 valeant,
801 1405 844 1472 et
871 1388 915 1470 in
942 1403 1155 1472 conuecto
1204 1389 1312 1472 licite
1353 1416 1560 1473 remanere
1600 1390 1843 1476 auctoritate
1880 1413 2002 1476 nosce
2022 1394 2073 1478 die

174 1545 177 1555 =
326 1527 515 1614 spensare
542 1527 747 1611 procures.
777 1499 870 1588 Dat
898 1497 1007 1610 apud
1040 1497 1194 1582 Vrbem
1222 1501 1360 1584 Veter.
1389 1497 1530 1586 Idibus
1557 1499 1753 1587 Februar.
1779 1506 1900 1588 Anno
1928 1503 2051 1593 Tertio.

201 2028 204 2036 ,
338 1895 469 2042 785.
971 1889 1123 2020 1284
1167 1889 1217 1996 d.
1273 1932 1293 1997 1
1344 1893 1492 1998 Mars.
1899 1887 1906 1901 ⁹
1968 1896 2074 2004 Rom
2136 2027 2139 2050 ,

408 2110 499 2180 Hit.
520 2113 682 2176 Murmur
704 2109 775 2175 Νη
795 2108 949 2175 Tillstdnd
968 2107 1122 2208 ilirlisn.
1142 2109 1274 2175 Usum
1294 2109 1308 2173 l
1329 2119 1376 2176 att
1395 2111 1413 2188 i¹
1428 2109 1651 2201 llos-Capellel
1670 2111 1734 2178 ltu
1754 2111 1843 2177 baille
1863 2113 2008 2199 Gudsjenm
2023 2115 2075 2181 ete
2138 2105 2139 2108 ¹

463 2197 570 2282 sjelfva
591 2194 763 2260 Romertks
783 2195 919 2279 kyrkeus
939 2191 1080 2274 ordnung.
1116 2291 1122 2302 ὓ
1569 2277 1600 2333 Β·
1622 2263 1645 2330 j,
1661 2275 1721 2332 Μ
1739 2277 1796 2334 ΑΒ.
1816 2279 1845 2335 3.
1864 2276 1916 2350 BF
1934 2294 1982 2333 m.

358 2491 361 2498 ,
495 2416 704 2500 Mortuos
732 2411 804 2494 IV.
834 2417 1006 2494 marite
1033 2413 1145 2520 Rege
1173 2409 1327 2494 Suetioe
1353 2413 1556 2524 indulget,
1588 2433 1634 2494 ut
1660 2417 1703 2493 in
1737 2415 1890 2494 diutim
1916 2417 2079 2522 ffficiisir
2137 2459 2139 2508 r

525 2531 659 2636 Regia
690 2523 856 2634 Capella
882 2524 1124 2606 celebrandis
1150 2525 1247 2606 ordo
1274 2527 1477 2606 Romames
1499 2539 1692 2636 perpetuo
1719 2525 1957 2607 obser-uetur.
2137 2553 2139 2652 p

416 2657 421 2666 ’
493 2671 702 2754 Martinus
730 2671 802 2746 &c
831 2665 1046 2746 Carissimo
1074 2671 1117 2744 io
1143 2665 1300 2747 Christo
1331 2663 1427 2772 filio
1465 2666 1624 2775 Magno
1651 2665 1812 2749 Illustri
1836 2667 2080 2762 Sweorum,et
2138 2659 2139 2670 ‘

254 2785 257 2788 ’
528 2780 740 2863 Gottorum
767 2779 874 2884 Regi
899 2775 1078 2892 Salutem
1113 2780 1184 2860 &a

358 2945 362 2958 ·
496 2925 600 3006 Cum
625 2925 729 3004 sicut
758 2921 861 3002 lecta
889 2919 1018 3002 Nobis
1045 2935 1115 3001 tua
1195 2921 1286 3002 titio
1318 2919 1556 3003 continebat
1590 2921 1645 3002 ob
1687 2921 1950 3002 reverentiam
1975 2921 2080 3002 liona-

330 3022 394 3120 ne'
410 3034 586 3118 Eocletie
614 3033 755 3148 Matris
784 3045 855 3112 tue
896 3033 1035 3139 cupias
1063 3032 1105 3110 in
1136 2947 1283 3114 dievinis
1326 3029 1469 3112 officiis
1510 3029 1762 3114 celebrandis
1791 3033 1834 3112 in
1865 3030 2017 3142 Capella
2037 3049 2079 3110 tus

328 3145 515 3232 ordinem
541 3144 668 3253 ipsius
696 3144 876 3224 Romane
906 3142 1081 3224 Ecclesie
1110 3141 1328 3224 observari.
1356 3143 1442 3224 Nos
1470 3141 1551 3224 tuis
1579 3139 1736 3248 devotis
1764 3169 1808 3224 su
1842 3141 2081 3252 plicationibns

330 3271 568 3352 annuentes,
596 3253 674 3336 tibi
687 3255 928 3336 auctoritate
957 3254 1203 3364 presentium
1233 3251 1504 3362 indulgemus,
1532 3267 1579 3332 ut
1608 3251 1714 3336 idem
1742 3280 1791 3333 or
1821 3282 1850 3335 o
1880 3258 1922 3336 in
1950 3250 2082 3334 celebra·

330 3370 442 3455 tione
471 3365 702 3451 divinorum
731 3365 912 3473 ipsorum
939 3363 1050 3473 apud
1091 3362 1261 3446 eandem
1302 3363 1508 3472 Capellam
1537 3378 1628 3460 tuo,
1657 3364 1925 3447 etheredum
1961 3383 2082 3462 tuorum

329 3480 481 3562 Swetie
510 3478 664 3587 Regum
691 3475 944 3583 temporibus
972 3477 1268 3586 imperpetuum
1304 3475 1553 3556 observetur.
1613 3474 1764 3557 Eadem
1791 3479 2024 3558 auctoritate
2043 3473 2083 3550 ni·

329 3591 546 3672 bilominus
572 3584 857 3682 concedentes,
885 3602 932 3667 ut
960 3587 1038 3682 hii,
1064 3589 1137 3698 qui
1165 3585 1303 3670 divina
1331 3585 1523 3696 premisse
1558 3612 1636 3694 pro
1676 3601 1862 3696 tempore
1891 3590 1932 3668 in
1959 3579 2082 3694 Capella

330 3698 625 3784 celebraverint
675 3711 893 3782 mensorata
929 3696 1161 3780 huiusmodi
1202 3698 1344 3781 ordine
1385 3695 1599 3779 dumtaxat
1633 3697 1690 3778 sic
1719 3699 1878 3807 possint
1918 3725 1996 3778 esse
2017 3719 2084 3774 con·

330 3813 452 3910 tenti,
481 3805 594 3922 quod
622 3808 674 3893 ad
702 3835 746 3890 ea
777 3805 1065 3890 celebrandum
1094 3808 1211 3890 aliter
1238 3808 1302 3890 vel
1331 3805 1554 3892 secundum
1591 3806 1715 3888 alium
1750 3806 1936 3891 ordinem
1963 3806 2086 3887 nnnc

328 3939 555 4006 teneantur.
612 3918 726 4002 Nulli
752 3945 852 4028 ergo
880 3923 955 4002 &a
982 3920 1087 4002 hanc
1122 3923 1310 4030 paginam
1338 3934 1476 4003 nostre
1502 3915 1773 4000 concessionis
1800 3920 2013 4030 infringere
2035 3919 2086 3996 &c

222 4135 226 4140 Ι
331 4032 375 4114 Si
402 4033 494 4144 quis
522 4049 654 4116 cutem
681 4035 756 4114 &c
786 4033 877 4116 Dat
905 4028 1017 4140 apud
1046 4029 1200 4114 Vrbem
1229 4031 1418 4114 Veterem
1446 4027 1644 4114 Kalendis
1662 4025 1797 4138 Murtij
1831 4033 1956 4112 Anno
1972 4026 2088 4112 Tarte

337 4423 467 4566 786.
987 4419 1236 4576 rodald.
1286 4457 1313 4526 2
1362 4423 1481 4568 Maj.
1616 4407 1622 4418 ’

412 4641 561 4716 horma
580 4643 735 4710 boum·
756 4601 935 4706 dlfvobrcl
949 4639 990 4726 pl
1011 4637 1144 4727 corby
1163 4642 1175 4706 i
1195 4641 1287 4706 llults
1305 4641 1417 4706 coelen
1438 4641 1488 4706 till
1509 4641 1653 4705 Alvestra
1673 4587 1812 4707 klosteri
1824 4663 1866 4705 rn.
1886 4663 1931 4708 m.
2135 4705 2137 4740 ,

902 4779 907 4786 ·
1773 4759 1808 4813 Δ.
1830 4757 1855 4813 3.
1873 4773 1900 4816 v.
1924 4773 1990 4829 asp.

496 4891 550 4974 ln
576 4893 741 4975 nomine
767 4890 897 5001 patris
925 4895 966 4974 ssr
992 4889 1066 5001 lilij
1094 4906 1136 4974 et
1163 4895 1330 5002 spiritus
1354 4895 1485 4978 sancti
1512 4922 1640 4978 amem
1669 4897 1758 5004 Ego
1775 4889 2094 5004 Ragnualduslr

196 5024 201 5029 ·
311 5007 448 5114 ‚gonis
475 4997 580 5088 filius
608 4999 652 5083 in
679 5001 868 5084 extremis
896 5000 1064 5112 positus
1092 5002 1352 5086 considerans
1377 5007 1459 5086 uite
1518 5007 1685 5090 resectis
1712 5020 1863 5088 statum
1882 5000 2091 5086 instabilem
2136 5041 2137 5098 3

329 5111 539 5226 nichilque
562 5109 732 5198 cuilibet
757 5109 914 5196 homini
940 5107 1029 5196 lore
1056 5110 1252 5197 durabile.
1281 5114 1359 5200 nisi
1386 5033 1568 5228 quodad
1583 5118 1713 5216 anime
1734 5143 1806 5199 sue
1833 5116 2002 5200 salutem
2022 5131 2092 5222 ope
