4370 5950
978 515 1391 634 4142..

292 787 386 846 sane
414 761 593 843 totaliter
620 775 905 871 conseqvetur:
935 757 1117 838 Nuncius
1145 743 1370 839 Lundensis
1391 755 1577 838 Ecclesiae
1591 781 1682 838 cum
1696 758 1847 838 nuncio
1873 757 2048 854 illius‘Ec-

294 875 421 966 elesiae
448 901 525 981 pro
554 870 807 984 impetrando
836 869 976 947 Pallio,
992 867 1043 948 ad
1071 869 1285 949 Ecclesiam
1307 869 1527 948 Romanam
1545 869 1755 966 accedant,
1783 874 1824 948 8(
1851 895 1940 951 cum
1965 863 2053 958 illud

294 1013 329 1064 a.
346 987 527 1064 Romano
555 982 749 1062 Pontifice
777 977 1181 1088 impetraverint,‘'ad
1209 979 1462 1060 Lundensem
1491 977 1706 1060 Ecclesiam
1734 981 2001 1087 reportabunt.
2052 1035 2055 1046 ·

315 1148 318 1157 ·
371 1152 375 1174 .
414 1101 419 1126 ''
458 1091 682 1174 Lundeusis
715 1106 846 1196 autem
876 1089 1212 1196 Arohiepiscopus
1241 1089 1341 1170 illud
1376 1089 1594 1197 accipiens,
1613 1089 1948 1199 “Archiepiscopo
1973 1093 2069 1174 Sne-¹.

295 1203 365 1286 ciae
393 1202 565 1295 tribuet,
601 1208 661 1280 ·8(.
686 1199 912 1282 fidelitatem
955 1206 994 1278 8(
1037 1197 1307 1278 obedientiam
1352 1199 1540 1279 Romanae
1582 1198 1771 1278 Ecclesiae
1812 1189 2056 1307 jurejurando

294 1313 514 1420 promittet.
528 1353 540 1392 .·
571 1311 881 1418 bletropolitano
909 1331 1005 1388 vero
1034 1310 1091 1389 ibi
1120 1307 1172 1389 ad
1199 1309 1391 1388 bonorem
1422 1309 1516 1404 Dei,
1541 1312 1581 1386 8(
1608 1306 1793 1388 decorem
1827 1309 1965 1390 domus
1990 1299 2074 1406 suae,

295 1424 545 1532 salutemque
573 1421 750 1503 fidelium
792 1420 1032 1514 constituto,
1075 1417 1299 1498 Lundensis
1339 1419 1675 1527 Archiepiscopus
1703 1425 1741 1498 ei
1771 1417 1962 1527 dignitate
1988 1419 2067 1530 pri·¹

297 1550 427 1614 matus
456 1536 498 1612 in
516 1551 754 1639 perpetuum
771 1529 1023 1639 praesidebit,
1056 1535 1095 1610 8(
1123 1530 1208 1632 ipse
1223 1529 1491 1609 obedientiam
1506 1533 1546 1607 8(
1560 1530 1821 1608 reverentiam
1837 1532 1874 1610 ei
1888 1545 2059 1638 tanqvam

299 1669 373 1760 sup
401 1643 566 1758 Drimati
595 1642 795 1721 humiliter
825 1640 1014 1720 exhibere
1042 1637 1211 1718 curabit.
1241 1637 1361 1740 Qvod
1389 1640 1530 1747 utique
1558 1640 1602 1717 in
1631 1638 1748 1719 bonae
1776 1641 1972 1718 memoriae
1987 1641 2060 1721 Ste-

298 1751 437 1862 phano
466 1750 667 1862 qvondam
697 1749 906 1864 Upsalensi
933 1749 1265 1858 Archiepiscopo,
1295 1747 1365 1856 qvi
1392 1776 1414 1828 a
1441 1746 1734 1856 praedecessore
1757 1763 1842 1845 tuo,
1857 1752 2061 1858 piaerecor·

217 1897 221 1906 *
301 1861 496 1958 dationis,
524 1858 717 1958 Eschillo,
746 1879 946 1967 tempore,
975 1858 1114 1940 foelicis
1142 1859 1361 1952 memoriae,
1403 1856 1621 1937 Alexandri
1649 1861 1782 1965 Papae,
1811 1885 1861 1938 eo
1888 1877 2063 1966 praesente

169 2009 195 2044 ¹.
301 1974 404 2080 senij
433 1974 610 2069 ratione,
640 1973 719 2079 jam
748 1971 864 2051 dictae
892 1967 1339 2074 institutionisgratiam
1354 1969 1664 2066 consecrationis
1679 1969 1845 2075 accepit,
1867 1968 2064 2048 &suban-

302 2082 567 2163 tecessoribus
595 2083 761 2176 nostris,
791 2081 907 2158 bonae
933 2079 1150 2171 memoriae,
1180 2077 1306 2156 Lucio
1335 2076 1536 2156 Clemente
1564 2077 1784 2172 Celestin0‚
1813 2107 1861 2158 ac
1877 2079 1990 2157 nobis
2014 2104 2064 2156 se·

303 2193 477 2274 cundum
508 2193 784 2300 praescriptum
814 2187 1017 2281 ordinem,
1056 2189 1098 2265 in
1126 2184 1253 2264 felicis
1281 2185 1586 2268 recordationis,
1611 2186 1790 2264 lobanne
1820 2191 1860 2266 8(
1888 2191 2002 2266 Petro
2026 2213 2064 2264 ac

301 2301 535 2385 venerabili.
551 2301 675 2380 fratre
704 2315 842 2378 nostro
857 2301 907 2400 Q.
938 2298 971 2411 *y
1000 2297 1288 2404 Upsalensibus
1316 2295 1638 2404 Arcbiepiseopis
1662 2323 1762 2404 qvos
1790 2297 2066 2404 Absalonprae·

303 2415 486 2498 decessor
514 2412 734 2518 tuus„piae
763 2409 980 2502 memoriae,
1017 2406 1349 2502 consecravim&
1376 2406 1544 2486 Pallium
1573 2407 1659 2484 vice
1699 2408 1878 2512 ipsorum
1908 2422 2066 2485 anteces-

300 2547 440 2608 sorum
468 2521 660 2617 contulit,
689 2519 938 2627 dignoscitur
970 2515 1240 2624 adimpletum.
1284 2516 1484 2618 Qvoniam
1513 2521 1554 2593 8(
1581 2516 1658 2593 hoc
1689 2519 1794 2595 sicut
1821 2542 1843 2594 a
1875 2514 2067 2624 praenomi-

303 2650 401 2714 nato
431 2631 608 2711 Adriano
637 2646 885 2710 antecessore
915 2643 1054 2706 nostro
1083 2642 1278 2704 statutum
1305 2641 1383 2720 cst,
1426 2627 1483 2704 ita
1511 2623 1585 2704 sub
1613 2624 1787 2704 Eschillo
1815 2629 1857 2704 8(
1884 2625 2069 2706 Absalone

304 2740 622 2826 antecessoribus
633 2799 637 2806 -
650 2741 729 2820 tuis
744 2739 929 2818 effectum
953 2738 1115 2842 accepit.
1144 2738 1227 2818 Nos
1248 2737 1452 2814 memorati
1468 2733 1632 2826 Adriani
1647 2740 1686 2814 8(
1701 2733 1825 2814 felicis
1840 2734 2069 2815 recordatio·

302 2857 365 2938 nis
388 2844 624 2944 Alexandri,
644 2848 777 2954 Lucii,
802 2847 969 2941 Urbani,
994 2845 1208 2924 Clementis
1229 2845 1478 2925 coelestini
1493 2842 1827 2950 praedecessorum
1856 2863 2069 2924 nostrorum

235 3005 238 3012 ·
304 2967 577 3045 Romanorum
588 2951 824 3038 Pontificum
839 2957 1027 3062 vestigiis,
1041 2957 1084 3033 in
1100 2972 1181 3033 tam
1198 2953 1388 3035 laudabili
1405 2979 1528 3061 opere
1540 2952 1787 3048 inbaerentes,
1804 2963 1955 3047 nostro,
1971 2949 2037 3031 &f
2056 2991 2071 3010 ·
2157 3011 2159 3018 .

220 3142 226 3150 .
307 3068 491 3154 tororum
506 3069 672 3148 fratrum
689 3085 918 3147 nostrorum
935 3067 1070 3143 lavore
1086 3065 1599 3173 proseqvimur‚&lirmum
1616 3063 1868 3142 &illibatum
1881 3060 2070 3172 perpetuis
2158 3105 2159 3120 ι

306 3177 559 3289 temporibus
579 3177 828 3260 decernimus
857 3202 1100 3282 permanere,
1128 3174 1234 3252 salva
1257 3176 1443 3252 nimirum
1466 3173 1706 3279 Apostolicae
1727 3173 1831 3253 sedis
1860 3172 2071 3253 autoritate.¹

332 3347 336 3358 ·
472 3290 582 3370 Nulli
611 3316 707 3397 ergo
735 3288 901 3369 omnino
929 3285 1135 3363 hominum
1165 3285 1255 3363 licet
1297 3283 1401 3360 hanc
1429 3284 1615 3389 paginam
1643 3297 1789 3362 nostrae
1816 3279 2072 3362 confirmatio·

302 3403 371 3482 -nis
398 3399 643 3506 infringere,
677 3399 740 3476 vel
770 3399 808 3474 ei
836 3421 934 3474 ausu
970 3394 1180 3473 temerario
1209 3393 1427 3472 contraires
1476 3393 1517 3472 Si
1545 3419 1622 3500 qva
1666 3393 1790 3498 igitur
1833 3392 2073 3473 infuturum

296 3511 584 3596 “Ecclesiastica
611 3506 849 3586 secularisve
877 3531 1065 3612 persona,
1090 3504 1211 3582 'hanc‘
1228 3518 1373 3580 nostrae
1416 3502 1713 3581 constitutionis
1740 3502 1933 3607 paginam
1964 3499 2074 3579 sciens

306 3637 453 3712 contra
482 3645 568 3697 eam
596 3637 742 3698 temere
770 3615 908 3694 venire
934 3615 1164 3709 tentaverit,
1201 3610 1376 3691 secundo
1404 3614 1575 3690 tertiove
1616 3611 1877 3705 commonita,
1922 3610 1999 3690 nisi
2023 3631 2074 3684 re·

309 3749 418 3812 atum
451 3755 565 3806 suum
595 3726 770 3807 confessa
806 3725 942 3819 fuerit,
1006 3726 1184 3802 otestatis
1213 3729 1251 3800 8(
1280 3722 1444 3799 honoris
1473 3722 1534 3798 sui
1559 3737 1691 3798 careat
1725 3707 1942 3825 dignitate,
1982 3739 2077 3797 ream

303 3845 356 3921 se'
380 3839 518 3919 divino
551 3836 725 3943 judicio,
763 3835 937 3915 existere
961 3753 1010 3910 db
1038 3848 1266 3938 perpetrata
1309 3830 1519 3936 iniqvitate
1559 3843 1794 3935 cognoscat,
1836 3831 1877 3906 8(
1907 3858 1931 3908 a
1961 3851 2076 3910 sacra·
2157 3859 2159 3866 v

306 3953 461 4030 tissimo
489 3973 660 4054 corpore
689 3949 729 4023 8(
756 3945 948 4052 sangvine
976 3940 1067 4018 DEI
1096 3945 1135 4018 8(
1164 3939 1323 4016 Domini
1353 3936 1628 4043 Redemptoris
1657 3939 1784 4016 nostri
1799 3939 1928 4018 JESU
1943 3932 2079 4016 Christi

311 4057 555 4150 alienafiat,
585 4073 703 4162 atqve
732 4057 773 4133 in
802 4070 979 4134 extremo
1017 4050 1196 4128 examine
1236 4046 1416 4129 districtc
1463 4048 1608 4125 ultioni
1651 4046 1879 4152 subjaceat..
1926 4041 2078 4126 Cunctis

308 4187 441 4248 autem
467 4167 595 4247 eidem
625 4166 715 4244 loco
743 4189 815 4244 sua
842 4163 931 4268 jura
959 4159 1229 4250 servantibus,
1265 4157 1316 4234 sit
1345 4183 1432 4262 pax
1454 4157 1615 4237 Domini
1643 4157 1769 4235 nostri
1799 4157 1892 4248 Jesu
1923 4151 2079 4258 Ghristi,

300 4279 491 4388 vqvamvis
518 4282 557 4353 8(
584 4275 650 4353 hic
679 4273 852 4352 fructum
881 4272 997 4349 bonae
1025 4269 1193 4347 actionis
1222 4267 1467 4374 percipiant,
1496 4271 1533 4344 8(
1561 4261 1671 4374 apud
1699 4264 1903 4345 distictum
1918 4263 2080 4373 judicem

311 4389 472 4493 praemia
500 4402 658 4463 aetcrnae
686 4383 795 4488 pacis
823 4382 1048 4471 inveniant,
1076 4383 1214 4466 Arnen.
1287 4377 1289 4382 ’

332 4507 335 4514 ’
474 4498 562 4600 Ego
591 4489 849 4571 Innocentius
876 4487 1092 4566 Catholicae
1122 4485 1303 4566 Ecclesiae
1332 4486 1565 4592 Episcopus.
1620 4483 1708 4590 Ego
1736 4483 1942 4566 lohannes
1971 4481 2082 4564 Alba·

201 4684 202 4688 Ἴ
303 4601 460 4680 niensis
489 4605 723 4709 Episcopus.
752 4599 839 4704 Ego
853 4601 992 4676 Petrus
1009 4597 1163 4676 Sanctae
1191 4594 1611 4700 Ecclesiaepraesbyter
1632 4592 1830 4673 Cardinal.
1861 4598 1950 4702 Ego
1965 4596 2081 4674 Jorot.

307 4709 568 4790 §.Prudens
624 4713 765 4789 Pastor
794 4712 833 4784 8(
861 4705 1061 4813 praebyter
1097 4703 1296 4784 Cardinal.
1355 4706 1439 4809 Ego
1468 4705 1586 4808 Hugo
1613 4702 1835 4808 praesbyter
1863 4698 2083 4783 Cardinalis

314 4818 452 4901 Sancti
475 4818 635 4896 blartini
664 4817 828 4925 quirii.
884 4818 970 4924 Ego
999 4816 1148 4921 Linger
1182 4813 1319 4892 Sancti
1360 4812 1566 4918 Laurentij
1602 4813 1643 4889 in
1672 4811 1824 4889 Lucina
1868 4811 2082 4919 praesbyter

307 4925 516 5008 Cardinal.
549 4927 635 5026 Ego
663 4925 853 5006 Sofredus
882 4927 1036 5006 Sanctae
1065 4921 1254 5003 Praxedis
1283 4923 1504 5031 praesbyter
1533 4919 1734 4999 Cardinal.
1771 4921 1857 5028 Ego
1886 4921 2083 5000 lohannes

167 5035 178 5060 '
309 5037 515 5143 S'csprises
542 5033 760 5139 praesbyter
786 5034 986 5117 Cardinal.
1018 5035 1103 5142 Ego
1125 5032 1292 5114 Contius
1319 5034 1556 5115 Sanctorum
1571 5029 1762 5110 lobannis
1778 5034 1817 5109 8(
1836 5029 1955 5109 Pauli
1969 5032 2082 5108 Praes-

314 5142 617 5254 We.
