<?xml version="1.0" encoding="UTF-8"?>
<!DOCTYPE html PUBLIC "-//W3C//DTD XHTML 1.0 Transitional//EN"
    "http://www.w3.org/TR/xhtml1/DTD/xhtml1-transitional.dtd">
<html xmlns="http://www.w3.org/1999/xhtml" xml:lang="en" lang="en">
 <head>
  <title>
</title>
<meta http-equiv="Content-Type" content="text/html;charset=utf-8" />
  <meta name='ocr-system' content='tesseract 3.04.00' />
  <meta name='ocr-capabilities' content='ocr_page ocr_carea ocr_par ocr_line ocrx_word'/>
</head>
<body>
  <div class='ocr_page' id='page_1' title='image "./svensktdiplomat00swegoog_0125.png"; bbox 0 0 4370 5950; ppageno 0'>
   <div class='ocr_carea' id='block_1_1' title="bbox 759 375 1271 494">
    <p class='ocr_par' dir='ltr' id='par_1_1' title="bbox 759 375 1271 494">
     <span class='ocr_line' id='line_1_1' title="bbox 759 375 1271 494; baseline 0 -35"><span class='ocrx_word' id='word_1_1' title='bbox 759 393 761 398; x_wconf 84' lang='grc'><strong><em>·</em></strong></span> <span class='ocrx_word' id='word_1_2' title='bbox 874 421 931 440; x_wconf 90' lang='grc'>-</span> <span class='ocrx_word' id='word_1_3' title='bbox 1028 375 1117 494; x_wconf 70' lang='grc'><strong>8(</strong></span> <span class='ocrx_word' id='word_1_4' title='bbox 1191 422 1271 476; x_wconf 56' lang='grc'><strong>,-</strong></span> 
     </span>
    </p>
   </div>
   <div class='ocr_carea' id='block_1_2' title="bbox 43 585 2055 1822">
    <p class='ocr_par' dir='ltr' id='par_1_2' title="bbox 43 585 1977 1265">
     <span class='ocr_line' id='line_1_2' title="bbox 115 585 1951 708; baseline -0.002 -26"><span class='ocrx_word' id='word_1_5' title='bbox 115 598 283 702; x_wconf 70' lang='lat' dir='ltr'><strong>,moria</strong></span> <span class='ocrx_word' id='word_1_6' title='bbox 310 594 495 678; x_wconf 87' lang='lat' dir='ltr'><strong>Gelasius</strong></span> <span class='ocrx_word' id='word_1_7' title='bbox 521 585 631 703; x_wconf 82' lang='lat' dir='ltr'><strong>Papa</strong></span> <span class='ocrx_word' id='word_1_8' title='bbox 660 591 817 676; x_wconf 88' lang='lat' dir='ltr'><strong>dicens:</strong></span> <span class='ocrx_word' id='word_1_9' title='bbox 846 597 974 677; x_wconf 91' lang='lat' dir='ltr'><strong>Nemo</strong></span> <span class='ocrx_word' id='word_1_10' title='bbox 1001 623 1181 708; x_wconf 89' lang='lat' dir='ltr'><strong>vnquam</strong></span> <span class='ocrx_word' id='word_1_11' title='bbox 1209 598 1472 708; x_wconf 86' lang='lat' dir='ltr'><strong>Episcopum,</strong></span> <span class='ocrx_word' id='word_1_12' title='bbox 1499 610 1575 678; x_wconf 87' lang='lat' dir='ltr'><strong>aut</strong></span> <span class='ocrx_word' id='word_1_13' title='bbox 1589 594 1770 706; x_wconf 85' lang='lat' dir='ltr'><strong>reliquos</strong></span> <span class='ocrx_word' id='word_1_14' title='bbox 1783 589 1951 678; x_wconf 85' lang='lat' dir='ltr'><strong>clericos</strong></span> 
     </span>
     <span class='ocr_line' id='line_1_3' title="bbox 137 703 1951 820; baseline -0.001 -32"><span class='ocrx_word' id='word_1_15' title='bbox 137 708 255 820; x_wconf 84' lang='lat' dir='ltr'><strong>apud</strong></span> <span class='ocrx_word' id='word_1_16' title='bbox 284 707 458 789; x_wconf 90' lang='lat' dir='ltr'><strong>iudicem</strong></span> <span class='ocrx_word' id='word_1_17' title='bbox 487 705 718 788; x_wconf 88' lang='lat' dir='ltr'><strong>saecularem</strong></span> <span class='ocrx_word' id='word_1_18' title='bbox 741 735 928 788; x_wconf 88' lang='lat' dir='ltr'><strong>accusare</strong></span> <span class='ocrx_word' id='word_1_19' title='bbox 949 707 1195 816; x_wconf 50' lang='lat' dir='ltr'><strong>praesumatss</strong></span> <span class='ocrx_word' id='word_1_20' title='bbox 1235 711 1336 790; x_wconf 89' lang='lat' dir='ltr'><strong>Item</strong></span> <span class='ocrx_word' id='word_1_21' title='bbox 1354 706 1583 789; x_wconf 81' lang='lat' dir='ltr'><strong>Alexander</strong></span> <span class='ocrx_word' id='word_1_22' title='bbox 1602 706 1789 790; x_wconf 78' lang='lat' dir='ltr'><strong>omnibus</strong></span> <span class='ocrx_word' id='word_1_23' title='bbox 1810 703 1951 795; x_wconf 88' lang='lat' dir='ltr'><strong>ortho-</strong></span> 
     </span>
     <span class='ocr_line' id='line_1_4' title="bbox 43 817 1951 930; baseline -0.003 -27"><span class='ocrx_word' id='word_1_24' title='bbox 43 905 47 913; x_wconf 76' lang='grc'><em>,</em></span> <span class='ocrx_word' id='word_1_25' title='bbox 142 819 281 903; x_wconf 84' lang='lat' dir='ltr'><strong>doxis:</strong></span> <span class='ocrx_word' id='word_1_26' title='bbox 304 819 490 900; x_wconf 84' lang='lat' dir='ltr'>Relatum</span> <span class='ocrx_word' id='word_1_27' title='bbox 516 833 579 898; x_wconf 89' lang='lat' dir='ltr'><strong>est</strong></span> <span class='ocrx_word' id='word_1_28' title='bbox 607 817 659 898; x_wconf 90' lang='lat' dir='ltr'><strong>ad</strong></span> <span class='ocrx_word' id='word_1_29' title='bbox 686 817 808 900; x_wconf 87' lang='lat' dir='ltr'><strong>huius</strong></span> <span class='ocrx_word' id='word_1_30' title='bbox 836 836 985 900; x_wconf 85' lang='lat' dir='ltr'><strong>sanctae</strong></span> <span class='ocrx_word' id='word_1_31' title='bbox 1011 824 1054 899; x_wconf 92' lang='grc'><strong>8(</strong></span> <span class='ocrx_word' id='word_1_32' title='bbox 1082 820 1326 930; x_wconf 89' lang='lat' dir='ltr'><strong>Apostolieae</strong></span> <span class='ocrx_word' id='word_1_33' title='bbox 1354 817 1460 899; x_wconf 91' lang='lat' dir='ltr'><strong>sedis</strong></span> <span class='ocrx_word' id='word_1_34' title='bbox 1488 820 1653 928; x_wconf 83' lang='lat' dir='ltr'>apicem,</span> <span class='ocrx_word' id='word_1_35' title='bbox 1687 820 1754 902; x_wconf 89' lang='lat' dir='ltr'><strong>cui</strong></span> <span class='ocrx_word' id='word_1_36' title='bbox 1777 843 1951 905; x_wconf 89' lang='lat' dir='ltr'><strong>summa·</strong></span> 
     </span>
     <span class='ocr_line' id='line_1_5' title="bbox 139 928 1950 1040; baseline -0.001 -28"><span class='ocrx_word' id='word_1_37' title='bbox 139 959 245 1029; x_wconf 88' lang='lat' dir='ltr'><strong>rum,</strong></span> <span class='ocrx_word' id='word_1_38' title='bbox 267 929 559 1040; x_wconf 86' lang='lat' dir='ltr'><strong>dispositiones</strong></span> <span class='ocrx_word' id='word_1_39' title='bbox 588 956 799 1011; x_wconf 90' lang='lat' dir='ltr'><strong>causarum</strong></span> <span class='ocrx_word' id='word_1_40' title='bbox 828 931 1077 1012; x_wconf 70' lang='lat' dir='ltr'><strong>&amp;omnium</strong></span> <span class='ocrx_word' id='word_1_41' title='bbox 1106 934 1267 1039; x_wconf 87' lang='lat' dir='ltr'><strong>negotia</strong></span> <span class='ocrx_word' id='word_1_42' title='bbox 1306 930 1573 1014; x_wconf 87' lang='lat' dir='ltr'><strong>Ecclesiarum</strong></span> <span class='ocrx_word' id='word_1_43' title='bbox 1602 930 1654 1011; x_wconf 90' lang='lat' dir='ltr'><strong>ab</strong></span> <span class='ocrx_word' id='word_1_44' title='bbox 1683 931 1774 1040; x_wconf 86' lang='lat' dir='ltr'><strong>ipso</strong></span> <span class='ocrx_word' id='word_1_45' title='bbox 1811 928 1950 1014; x_wconf 88' lang='lat' dir='ltr'><strong>Domi·</strong></span> 
     </span>
     <span class='ocr_line' id='line_1_6' title="bbox 139 1040 1949 1152; baseline -0.001 -28"><span class='ocrx_word' id='word_1_46' title='bbox 139 1070 198 1124; x_wconf 90' lang='lat' dir='ltr'><strong>no</strong></span> <span class='ocrx_word' id='word_1_47' title='bbox 225 1042 377 1124; x_wconf 88' lang='lat' dir='ltr'><strong>tradita</strong></span> <span class='ocrx_word' id='word_1_48' title='bbox 403 1057 510 1138; x_wconf 89' lang='lat' dir='ltr'><strong>sunt,</strong></span> <span class='ocrx_word' id='word_1_49' title='bbox 539 1040 655 1152; x_wconf 89' lang='lat' dir='ltr'>quasi</span> <span class='ocrx_word' id='word_1_50' title='bbox 683 1041 734 1123; x_wconf 92' lang='lat' dir='ltr'><strong>ad</strong></span> <span class='ocrx_word' id='word_1_51' title='bbox 764 1058 886 1150; x_wconf 84' lang='lat' dir='ltr'><strong>caput</strong></span> <span class='ocrx_word' id='word_1_52' title='bbox 916 1042 1087 1140; x_wconf 84' lang='lat' dir='ltr'>dicente,</span> <span class='ocrx_word' id='word_1_53' title='bbox 1117 1043 1182 1122; x_wconf 88' lang='lat' dir='ltr'><strong>Tu</strong></span> <span class='ocrx_word' id='word_1_54' title='bbox 1210 1071 1251 1152; x_wconf 81' lang='lat' dir='ltr'><strong>es</strong></span> <span class='ocrx_word' id='word_1_55' title='bbox 1280 1043 1434 1142; x_wconf 88' lang='lat' dir='ltr'><strong>Petrus,</strong></span> <span class='ocrx_word' id='word_1_56' title='bbox 1450 1047 1489 1122; x_wconf 90' lang='grc'><strong>8(</strong></span> <span class='ocrx_word' id='word_1_57' title='bbox 1509 1068 1631 1150; x_wconf 92' lang='lat' dir='ltr'><strong>super</strong></span> <span class='ocrx_word' id='word_1_58' title='bbox 1654 1041 1761 1124; x_wconf 88' lang='lat' dir='ltr'><strong>hanc</strong></span> <span class='ocrx_word' id='word_1_59' title='bbox 1789 1041 1949 1122; x_wconf 83' lang='lat' dir='ltr'><strong>Petram</strong></span> 
     </span>
     <span class='ocr_line' id='line_1_7' title="bbox 136 1147 1977 1265; baseline 0 -31"><span class='ocrx_word' id='word_1_60' title='bbox 136 1151 350 1234; x_wconf 81' lang='lat' dir='ltr'><strong>&#39;aedificabo</strong></span> <span class='ocrx_word' id='word_1_61' title='bbox 379 1157 452 1234; x_wconf 84' lang='lat' dir='ltr'><strong>&amp;c</strong></span> <span class='ocrx_word' id='word_1_62' title='bbox 483 1149 597 1263; x_wconf 90' lang='lat' dir='ltr'><strong>quod</strong></span> <span class='ocrx_word' id='word_1_63' title='bbox 625 1147 802 1262; x_wconf 89' lang='lat' dir='ltr'><strong>quidam</strong></span> <span class='ocrx_word' id='word_1_64' title='bbox 819 1154 964 1251; x_wconf 79' lang='lat' dir='ltr'><strong>aemuli,</strong></span> <span class='ocrx_word' id='word_1_65' title='bbox 994 1156 1160 1265; x_wconf 88' lang='lat' dir='ltr'><strong>eiusque</strong></span> <span class='ocrx_word' id='word_1_66' title='bbox 1189 1171 1336 1235; x_wconf 85' lang='lat' dir='ltr'><strong>sanctae</strong></span> <span class='ocrx_word' id='word_1_67' title='bbox 1366 1153 1551 1234; x_wconf 73' lang='lat' dir='ltr'><strong>Ecclesiae</strong></span> <span class='ocrx_word' id='word_1_68' title='bbox 1585 1151 1857 1251; x_wconf 79' lang='lat' dir='ltr'><strong>insidiatores,</strong></span> <span class='ocrx_word' id='word_1_69' title='bbox 1878 1148 1977 1234; x_wconf 50' lang='lat' dir='ltr'><strong>&#39;sai</strong></span> 
     </span>
    </p>

    <p class='ocr_par' dir='ltr' id='par_1_3' title="bbox 124 1257 2055 1822">
     <span class='ocr_line' id='line_1_8' title="bbox 138 1257 2048 1375; baseline -0.003 -28"><span class='ocrx_word' id='word_1_70' title='bbox 138 1261 327 1347; x_wconf 88' lang='lat' dir='ltr'><strong>cerdotes</strong></span> <span class='ocrx_word' id='word_1_71' title='bbox 360 1263 435 1343; x_wconf 92' lang='lat' dir='ltr'><strong>Dei</strong></span> <span class='ocrx_word' id='word_1_72' title='bbox 463 1263 575 1372; x_wconf 87' lang='lat' dir='ltr'><strong>apud</strong></span> <span class='ocrx_word' id='word_1_73' title='bbox 603 1260 757 1345; x_wconf 91' lang='lat' dir='ltr'><strong>iudices</strong></span> <span class='ocrx_word' id='word_1_74' title='bbox 786 1257 971 1374; x_wconf 87' lang='lat' dir='ltr'><strong>publicos</strong></span> <span class='ocrx_word' id='word_1_75' title='bbox 1000 1292 1192 1347; x_wconf 86' lang='lat' dir='ltr'><strong>accusare</strong></span> <span class='ocrx_word' id='word_1_76' title='bbox 1220 1280 1476 1375; x_wconf 88' lang='lat' dir='ltr'><strong>praesumant,</strong></span> <span class='ocrx_word' id='word_1_77' title='bbox 1506 1291 1598 1344; x_wconf 92' lang='lat' dir='ltr'><strong>cum</strong></span> <span class='ocrx_word' id='word_1_78' title='bbox 1626 1265 1751 1372; x_wconf 88' lang='lat' dir='ltr'><strong>magis</strong></span> <span class='ocrx_word' id='word_1_79' title='bbox 1774 1268 1949 1372; x_wconf 89' lang='lat' dir='ltr'><strong>Aposto·</strong></span> <span class='ocrx_word' id='word_1_80' title='bbox 2044 1323 2048 1334; x_wconf 89' lang='lat'>.</span> 
     </span>
     <span class='ocr_line' id='line_1_9' title="bbox 124 1373 2055 1483; baseline -0.004 -27"><span class='ocrx_word' id='word_1_81' title='bbox 124 1373 202 1456; x_wconf 53' lang='lat' dir='ltr'><strong>alus</strong></span> <span class='ocrx_word' id='word_1_82' title='bbox 231 1374 552 1456; x_wconf 89' lang='lat' dir='ltr'><strong>Christianorum</strong></span> <span class='ocrx_word' id='word_1_83' title='bbox 578 1403 720 1455; x_wconf 89' lang='lat' dir='ltr'><strong>causas</strong></span> <span class='ocrx_word' id='word_1_84' title='bbox 749 1377 801 1456; x_wconf 89' lang='lat' dir='ltr'><strong>ad</strong></span> <span class='ocrx_word' id='word_1_85' title='bbox 830 1376 1026 1457; x_wconf 88' lang='lat' dir='ltr'><strong>Ecclesias</strong></span> <span class='ocrx_word' id='word_1_86' title='bbox 1055 1375 1223 1474; x_wconf 90' lang='lat' dir='ltr'><strong>deferre,</strong></span> <span class='ocrx_word' id='word_1_87' title='bbox 1253 1383 1293 1456; x_wconf 90' lang='grc'><strong>8(</strong></span> <span class='ocrx_word' id='word_1_88' title='bbox 1320 1374 1471 1457; x_wconf 88' lang='lat' dir='ltr'><strong>ibidem</strong></span> <span class='ocrx_word' id='word_1_89' title='bbox 1500 1375 1709 1457; x_wconf 87' lang='lat' dir='ltr'><strong>terminari</strong></span> <span class='ocrx_word' id='word_1_90' title='bbox 1730 1376 1950 1483; x_wconf 87' lang='lat' dir='ltr'><strong>praecipiat.</strong></span> <span class='ocrx_word' id='word_1_91' title='bbox 2048 1429 2055 1448; x_wconf 68' lang='lat'><strong>,</strong></span> 
     </span>
     <span class='ocr_line' id='line_1_10' title="bbox 139 1481 1951 1595; baseline 0 -27"><span class='ocrx_word' id='word_1_92' title='bbox 139 1485 298 1568; x_wconf 87' lang='lat' dir='ltr'><strong>Taliter</strong></span> <span class='ocrx_word' id='word_1_93' title='bbox 326 1487 638 1595; x_wconf 89' lang='lat' dir='ltr'><strong>praeuarioantes</strong></span> <span class='ocrx_word' id='word_1_94' title='bbox 667 1487 1038 1595; x_wconf 87' lang='lat' dir='ltr'><strong>praeuaricauerunt</strong></span> <span class='ocrx_word' id='word_1_95' title='bbox 1063 1489 1108 1571; x_wconf 90' lang='lat' dir='ltr'><strong>in</strong></span> <span class='ocrx_word' id='word_1_96' title='bbox 1137 1489 1266 1570; x_wconf 90' lang='lat' dir='ltr'><strong>Deum</strong></span> <span class='ocrx_word' id='word_1_97' title='bbox 1292 1483 1424 1585; x_wconf 82' lang='lat' dir='ltr'><strong>suurn,</strong></span> <span class='ocrx_word' id='word_1_98' title='bbox 1454 1493 1494 1567; x_wconf 93' lang='grc'><strong>8(</strong></span> <span class='ocrx_word' id='word_1_99' title='bbox 1521 1515 1606 1566; x_wconf 90' lang='lat' dir='ltr'><strong>non</strong></span> <span class='ocrx_word' id='word_1_100' title='bbox 1627 1481 1825 1568; x_wconf 85' lang='lat' dir='ltr'><strong>obediunt</strong></span> <span class='ocrx_word' id='word_1_101' title='bbox 1847 1513 1951 1594; x_wconf 86' lang='lat' dir='ltr'><strong>prae·</strong></span> 
     </span>
     <span class='ocr_line' id='line_1_11' title="bbox 140 1591 1950 1708; baseline -0.001 -28"><span class='ocrx_word' id='word_1_102' title='bbox 140 1598 272 1706; x_wconf 81' lang='lat' dir='ltr'><strong>ceptis</strong></span> <span class='ocrx_word' id='word_1_103' title='bbox 299 1599 397 1702; x_wconf 78' lang='lat' dir='ltr'><strong>eius.</strong></span> <span class='ocrx_word' id='word_1_104' title='bbox 455 1597 666 1678; x_wconf 89' lang='lat' dir='ltr'><strong>Feruentis</strong></span> <span class='ocrx_word' id='word_1_105' title='bbox 695 1624 792 1676; x_wconf 91' lang='lat' dir='ltr'><strong>vero</strong></span> <span class='ocrx_word' id='word_1_106' title='bbox 820 1626 947 1708; x_wconf 88' lang='lat' dir='ltr'><strong>aquae,</strong></span> <span class='ocrx_word' id='word_1_107' title='bbox 977 1600 1040 1680; x_wconf 87' lang='lat' dir='ltr'><strong>vel</strong></span> <span class='ocrx_word' id='word_1_108' title='bbox 1070 1600 1279 1682; x_wconf 90' lang='lat' dir='ltr'><strong>candentis</strong></span> <span class='ocrx_word' id='word_1_109' title='bbox 1307 1599 1405 1681; x_wconf 91' lang='lat' dir='ltr'><strong>ferri</strong></span> <span class='ocrx_word' id='word_1_110' title='bbox 1435 1597 1641 1695; x_wconf 89' lang='lat' dir='ltr'><strong>iudicium,</strong></span> <span class='ocrx_word' id='word_1_111' title='bbox 1656 1599 1741 1677; x_wconf 91' lang='lat' dir='ltr'><strong>siue</strong></span> <span class='ocrx_word' id='word_1_112' title='bbox 1756 1591 1950 1696; x_wconf 80' lang='lat' dir='ltr'><strong>duellum,</strong></span> 
     </span>
     <span class='ocr_line' id='line_1_12' title="bbox 140 1705 1949 1822; baseline 0.001 -34"><span class='ocrx_word' id='word_1_113' title='bbox 140 1706 258 1820; x_wconf 90' lang='lat' dir='ltr'><strong>quod</strong></span> <span class='ocrx_word' id='word_1_114' title='bbox 287 1709 562 1789; x_wconf 87' lang='lat' dir='ltr'><strong>monomachia</strong></span> <span class='ocrx_word' id='word_1_115' title='bbox 592 1705 754 1805; x_wconf 87' lang='lat' dir='ltr'><strong>dicitur,</strong></span> <span class='ocrx_word' id='word_1_116' title='bbox 777 1708 989 1790; x_wconf 78' lang='lat' dir='ltr'><strong>‘Catholica</strong></span> <span class='ocrx_word' id='word_1_117' title='bbox 1019 1710 1197 1792; x_wconf 83' lang='lat' dir='ltr'><strong>Ecclesia</strong></span> <span class='ocrx_word' id='word_1_118' title='bbox 1223 1727 1368 1792; x_wconf 87' lang='lat' dir='ltr'><strong>contra</strong></span> <span class='ocrx_word' id='word_1_119' title='bbox 1397 1709 1618 1822; x_wconf 89' lang='lat' dir='ltr'><strong>quemlibet</strong></span> <span class='ocrx_word' id='word_1_120' title='bbox 1638 1709 1770 1806; x_wconf 88' lang='lat' dir='ltr'><strong>etiam,</strong></span> <span class='ocrx_word' id='word_1_121' title='bbox 1786 1735 1837 1788; x_wconf 89' lang='lat' dir='ltr'><strong>ne</strong></span> <span class='ocrx_word' id='word_1_122' title='bbox 1852 1707 1949 1808; x_wconf 80' lang='lat' dir='ltr'><strong>dum</strong></span> 
     </span>
    </p>
   </div>
   <div class='ocr_carea' id='block_1_3' title="bbox 126 1793 2096 1931">
    <p class='ocr_par' dir='ltr' id='par_1_4' title="bbox 126 1793 2096 1931">
     <span class='ocr_line' id='line_1_13' title="bbox 126 1793 2096 1931; baseline -0.002 -27"><span class='ocrx_word' id='word_1_123' title='bbox 126 1835 286 1904; x_wconf 70' lang='lat' dir='ltr'><strong>&#39;contra</strong></span> <span class='ocrx_word' id='word_1_124' title='bbox 315 1823 559 1930; x_wconf 78' lang='lat' dir='ltr'><strong>Episcopum</strong></span> <span class='ocrx_word' id='word_1_125' title='bbox 588 1847 671 1902; x_wconf 87' lang='lat' dir='ltr'><strong>non</strong></span> <span class='ocrx_word' id='word_1_126' title='bbox 701 1817 888 1900; x_wconf 83' lang='lat' dir='ltr'><strong>admittit.</strong></span> <span class='ocrx_word' id='word_1_127' title='bbox 955 1819 1073 1901; x_wconf 90' lang='lat' dir='ltr'><strong>Vnde</strong></span> <span class='ocrx_word' id='word_1_128' title='bbox 1111 1802 1339 1930; x_wconf 83' lang='lat' dir='ltr'><strong>Stephanus</strong></span> <span class='ocrx_word' id='word_1_129' title='bbox 1355 1826 1476 1931; x_wconf 69' lang='lat' dir='ltr'><strong>¹Papa</strong></span> <span class='ocrx_word' id='word_1_130' title='bbox 1504 1822 1555 1902; x_wconf 88' lang='lat' dir='ltr'><strong>V.</strong></span> <span class='ocrx_word' id='word_1_131' title='bbox 1583 1821 1699 1914; x_wconf 83' lang='lat' dir='ltr'><strong>Ferri</strong></span> <span class='ocrx_word' id='word_1_132' title='bbox 1726 1817 1951 1922; x_wconf 85' lang='lat' dir='ltr'><strong>candentis,</strong></span> <span class='ocrx_word' id='word_1_133' title='bbox 2034 1888 2042 1906; x_wconf 67' lang='grc'>,</span> <span class='ocrx_word' id='word_1_134' title='bbox 2092 1793 2096 1802; x_wconf 35' lang='lat'>⁵</span> 
     </span>
    </p>
   </div>
   <div class='ocr_carea' id='block_1_4' title="bbox 136 1927 1991 2379">
    <p class='ocr_par' dir='ltr' id='par_1_5' title="bbox 136 1927 1991 2379">
     <span class='ocr_line' id='line_1_14' title="bbox 140 1927 1951 2043; baseline 0 -29"><span class='ocrx_word' id='word_1_135' title='bbox 140 1930 290 2041; x_wconf 91' lang='lat' dir='ltr'><strong>inquit,</strong></span> <span class='ocrx_word' id='word_1_136' title='bbox 318 1931 381 2014; x_wconf 88' lang='lat' dir='ltr'><strong>vel</strong></span> <span class='ocrx_word' id='word_1_137' title='bbox 410 1959 526 2042; x_wconf 80' lang='lat' dir='ltr'><strong>aquae</strong></span> <span class='ocrx_word' id='word_1_138' title='bbox 555 1927 751 2014; x_wconf 87' lang='lat' dir='ltr'><strong>feruentis</strong></span> <span class='ocrx_word' id='word_1_139' title='bbox 780 1931 1078 2013; x_wconf 86' lang='lat' dir='ltr'><strong>examinatione</strong></span> <span class='ocrx_word' id='word_1_140' title='bbox 1107 1933 1394 2016; x_wconf 89' lang='lat' dir='ltr'><strong>confessionem</strong></span> <span class='ocrx_word' id='word_1_141' title='bbox 1432 1929 1667 2042; x_wconf 82' lang='lat' dir='ltr'><strong>extorqueri</strong></span> <span class='ocrx_word' id='word_1_142' title='bbox 1701 1961 1730 2013; x_wconf 86' lang='lat' dir='ltr'><strong>a·</strong></span> <span class='ocrx_word' id='word_1_143' title='bbox 1765 1927 1951 2043; x_wconf 86' lang='lat' dir='ltr'><strong>quolibet</strong></span> 
     </span>
     <span class='ocr_line' id='line_1_15' title="bbox 137 2040 1949 2156; baseline 0.001 -32"><span class='ocrx_word' id='word_1_144' title='bbox 137 2040 248 2125; x_wconf 87' lang='lat' dir='ltr'><strong>sacri</strong></span> <span class='ocrx_word' id='word_1_145' title='bbox 270 2069 356 2124; x_wconf 89' lang='lat' dir='ltr'><strong>non</strong></span> <span class='ocrx_word' id='word_1_146' title='bbox 384 2057 548 2123; x_wconf 89' lang='lat' dir='ltr'><strong>censent</strong></span> <span class='ocrx_word' id='word_1_147' title='bbox 577 2063 762 2138; x_wconf 85' lang='lat' dir='ltr'><strong>canones,</strong></span> <span class='ocrx_word' id='word_1_148' title='bbox 791 2043 972 2152; x_wconf 85' lang='lat' dir='ltr'><strong>&amp;quod</strong></span> <span class='ocrx_word' id='word_1_149' title='bbox 1001 2063 1230 2125; x_wconf 87' lang='lat' dir='ltr'><strong>sanctorum</strong></span> <span class='ocrx_word' id='word_1_150' title='bbox 1263 2063 1427 2156; x_wconf 90' lang='lat' dir='ltr'><strong>patrum</strong></span> <span class='ocrx_word' id='word_1_151' title='bbox 1469 2045 1716 2126; x_wconf 91' lang='lat' dir='ltr'><strong>documento</strong></span> <span class='ocrx_word' id='word_1_152' title='bbox 1750 2045 1949 2148; x_wconf 82' lang='lat' dir='ltr'><strong>sancitum</strong></span> 
     </span>
     <span class='ocr_line' id='line_1_16' title="bbox 136 2153 1980 2266; baseline 0.001 -30"><span class='ocrx_word' id='word_1_153' title='bbox 136 2169 326 2251; x_wconf 79' lang='lat' dir='ltr'><strong>nonest,</strong></span> <span class='ocrx_word' id='word_1_154' title='bbox 351 2153 648 2262; x_wconf 87' lang='lat' dir='ltr'><strong>‘superstitiosa</strong></span> <span class='ocrx_word' id='word_1_155' title='bbox 690 2153 978 2236; x_wconf 87' lang='lat' dir='ltr'><strong>adiuuentione</strong></span> <span class='ocrx_word' id='word_1_156' title='bbox 1018 2185 1101 2236; x_wconf 91' lang='lat' dir='ltr'><strong>non</strong></span> <span class='ocrx_word' id='word_1_157' title='bbox 1143 2175 1203 2236; x_wconf 88' lang='lat' dir='ltr'><strong>est</strong></span> <span class='ocrx_word' id='word_1_158' title='bbox 1250 2155 1588 2266; x_wconf 84' lang='lat' dir='ltr'><strong>praesumendum.</strong></span> <span class='ocrx_word' id='word_1_159' title='bbox 1644 2157 1743 2238; x_wconf 88' lang='lat' dir='ltr'><strong>Item</strong></span> <span class='ocrx_word' id='word_1_160' title='bbox 1787 2153 1980 2238; x_wconf 74' lang='lat' dir='ltr'><strong>Nicola·&#39;</strong></span> 
     </span>
     <span class='ocr_line' id='line_1_17' title="bbox 136 2263 1991 2379; baseline -0.001 -31"><span class='ocrx_word' id='word_1_161' title='bbox 136 2293 188 2348; x_wconf 88' lang='lat' dir='ltr'><strong>us</strong></span> <span class='ocrx_word' id='word_1_162' title='bbox 216 2265 339 2372; x_wconf 90' lang='lat' dir='ltr'><strong>Papa.</strong></span> <span class='ocrx_word' id='word_1_163' title='bbox 395 2265 711 2346; x_wconf 89' lang='lat' dir='ltr'><strong>Monomachiam</strong></span> <span class='ocrx_word' id='word_1_164' title='bbox 739 2265 783 2348; x_wconf 88' lang='lat' dir='ltr'><strong>in</strong></span> <span class='ocrx_word' id='word_1_165' title='bbox 811 2265 939 2374; x_wconf 87' lang='lat' dir='ltr'><strong>legem</strong></span> <span class='ocrx_word' id='word_1_166' title='bbox 962 2293 1046 2345; x_wconf 91' lang='lat' dir='ltr'><strong>non</strong></span> <span class='ocrx_word' id='word_1_167' title='bbox 1060 2271 1308 2376; x_wconf 84' lang='lat' dir='ltr'><strong>assumimus,</strong></span> <span class='ocrx_word' id='word_1_168' title='bbox 1323 2297 1444 2379; x_wconf 88' lang='lat' dir='ltr'><strong>quam</strong></span> <span class='ocrx_word' id='word_1_169' title='bbox 1460 2283 1701 2378; x_wconf 88' lang='lat' dir='ltr'><strong>praeceptam</strong></span> <span class='ocrx_word' id='word_1_170' title='bbox 1732 2263 1853 2348; x_wconf 89' lang='lat' dir='ltr'><strong>fuisse</strong></span> <span class='ocrx_word' id='word_1_171' title='bbox 1865 2294 1952 2349; x_wconf 90' lang='lat' dir='ltr'><strong>non</strong></span> <span class='ocrx_word' id='word_1_172' title='bbox 1984 2363 1991 2372; x_wconf 17' lang='lat' dir='ltr'><strong>g</strong></span> 
     </span>
    </p>
   </div>
   <div class='ocr_carea' id='block_1_5' title="bbox 138 2376 2084 2494">
    <p class='ocr_par' dir='ltr' id='par_1_6' title="bbox 138 2376 2084 2494">
     <span class='ocr_line' id='line_1_18' title="bbox 138 2376 2084 2494; baseline -0.003 -36"><span class='ocrx_word' id='word_1_173' title='bbox 138 2376 386 2486; x_wconf 81' lang='lat' dir='ltr'><strong>reperimus:</strong></span> <span class='ocrx_word' id='word_1_174' title='bbox 413 2397 537 2486; x_wconf 90' lang='lat' dir='ltr'><strong>quam</strong></span> <span class='ocrx_word' id='word_1_175' title='bbox 567 2376 660 2458; x_wconf 89' lang='lat' dir='ltr'><strong>licet</strong></span> <span class='ocrx_word' id='word_1_176' title='bbox 689 2377 808 2494; x_wconf 81' lang='lat' dir='ltr'><strong>inisse</strong></span> <span class='ocrx_word' id='word_1_177' title='bbox 834 2376 1031 2488; x_wconf 89' lang='lat' dir='ltr'><strong>quosdam</strong></span> <span class='ocrx_word' id='word_1_178' title='bbox 1061 2377 1249 2488; x_wconf 85' lang='lat' dir='ltr'><strong>legamus,</strong></span> <span class='ocrx_word' id='word_1_179' title='bbox 1278 2383 1382 2460; x_wconf 86' lang='lat' dir='ltr'><strong>sicut</strong></span> <span class='ocrx_word' id='word_1_180' title='bbox 1411 2400 1593 2463; x_wconf 84' lang='lat' dir='ltr'><strong>sanctum</strong></span> <span class='ocrx_word' id='word_1_181' title='bbox 1623 2378 1755 2460; x_wconf 91' lang='lat' dir='ltr'><strong>Dauid</strong></span> <span class='ocrx_word' id='word_1_182' title='bbox 1778 2383 1818 2458; x_wconf 94' lang='grc'><strong>8(</strong></span> <span class='ocrx_word' id='word_1_183' title='bbox 1834 2377 1948 2463; x_wconf 90' lang='lat' dir='ltr'><strong>Goli·</strong></span> <span class='ocrx_word' id='word_1_184' title='bbox 2043 2447 2048 2452; x_wconf 89' lang='lat'>.</span> <span class='ocrx_word' id='word_1_185' title='bbox 2078 2427 2084 2436; x_wconf 86' lang='lat'><em>.</em></span> 
     </span>
    </p>
   </div>
   <div class='ocr_carea' id='block_1_6' title="bbox 130 2479 2056 3158">
    <p class='ocr_par' dir='ltr' id='par_1_7' title="bbox 130 2479 2056 3158">
     <span class='ocr_line' id='line_1_19' title="bbox 130 2479 1948 2600; baseline 0 -30"><span class='ocrx_word' id='word_1_186' title='bbox 130 2515 208 2570; x_wconf 72' lang='lat' dir='ltr'><strong>em</strong></span> <span class='ocrx_word' id='word_1_187' title='bbox 235 2514 350 2598; x_wconf 83' lang='lat' dir='ltr'><strong>sacra</strong></span> <span class='ocrx_word' id='word_1_188' title='bbox 377 2487 517 2595; x_wconf 92' lang='lat' dir='ltr'><strong>prodit</strong></span> <span class='ocrx_word' id='word_1_189' title='bbox 542 2487 722 2585; x_wconf 86' lang='lat' dir='ltr'><strong>historia,</strong></span> <span class='ocrx_word' id='word_1_190' title='bbox 750 2516 949 2600; x_wconf 84' lang='lat' dir='ltr'><strong>nusquam</strong></span> <span class='ocrx_word' id='word_1_191' title='bbox 978 2505 1113 2571; x_wconf 83' lang='lat' dir='ltr'><strong>tamen</strong></span> <span class='ocrx_word' id='word_1_192' title='bbox 1142 2508 1186 2570; x_wconf 90' lang='lat' dir='ltr'><strong>vt</strong></span> <span class='ocrx_word' id='word_1_193' title='bbox 1213 2479 1408 2600; x_wconf 85' lang='lat' dir='ltr'><strong>prolege</strong></span> <span class='ocrx_word' id='word_1_194' title='bbox 1449 2510 1644 2587; x_wconf 90' lang='lat' dir='ltr'><strong>teneatur,</strong></span> <span class='ocrx_word' id='word_1_195' title='bbox 1689 2490 1831 2570; x_wconf 87' lang='lat' dir='ltr'><strong>diuina</strong></span> <span class='ocrx_word' id='word_1_196' title='bbox 1857 2479 1948 2570; x_wconf 81' lang='lat' dir='ltr'><strong>sair·</strong></span> 
     </span>
     <span class='ocr_line' id='line_1_20' title="bbox 136 2600 1949 2704; baseline 0.001 -22"><span class='ocrx_word' id='word_1_197' title='bbox 136 2600 202 2698; x_wconf 78' lang='lat' dir='ltr'><strong>xit</strong></span> <span class='ocrx_word' id='word_1_198' title='bbox 245 2602 484 2704; x_wconf 84' lang='lat' dir='ltr'><strong>auctoritas,</strong></span> <span class='ocrx_word' id='word_1_199' title='bbox 520 2627 610 2680; x_wconf 89' lang='lat' dir='ltr'><strong>cum</strong></span> <span class='ocrx_word' id='word_1_200' title='bbox 637 2600 716 2681; x_wconf 91' lang='lat' dir='ltr'><strong>hoc</strong></span> <span class='ocrx_word' id='word_1_201' title='bbox 759 2605 798 2680; x_wconf 91' lang='grc'><strong>8(</strong></span> <span class='ocrx_word' id='word_1_202' title='bbox 840 2600 1070 2683; x_wconf 87' lang='lat' dir='ltr'><strong>huiusmodi</strong></span> <span class='ocrx_word' id='word_1_203' title='bbox 1111 2619 1310 2685; x_wconf 90' lang='lat' dir='ltr'><strong>sectantes</strong></span> <span class='ocrx_word' id='word_1_204' title='bbox 1352 2605 1481 2684; x_wconf 90' lang='lat' dir='ltr'><strong>Deum</strong></span> <span class='ocrx_word' id='word_1_205' title='bbox 1510 2600 1763 2685; x_wconf 91' lang='lat' dir='ltr'><strong>solummodo</strong></span> <span class='ocrx_word' id='word_1_206' title='bbox 1788 2617 1949 2701; x_wconf 82' lang='lat' dir='ltr'><strong>tentare</strong></span> 
     </span>
     <span class='ocr_line' id='line_1_21' title="bbox 136 2709 1949 2824; baseline 0.002 -29"><span class='ocrx_word' id='word_1_207' title='bbox 136 2709 369 2795; x_wconf 69' lang='lat' dir='ltr'><strong>rideantur.</strong></span> <span class='ocrx_word' id='word_1_208' title='bbox 415 2714 622 2797; x_wconf 75' lang='lat' dir='ltr'><strong>Praeterea</strong></span> <span class='ocrx_word' id='word_1_209' title='bbox 645 2709 754 2792; x_wconf 68' lang='lat' dir='ltr'><strong>:illud</strong></span> <span class='ocrx_word' id='word_1_210' title='bbox 793 2710 1018 2820; x_wconf 85' lang='lat' dir='ltr'><strong>adijciendo</strong></span> <span class='ocrx_word' id='word_1_211' title='bbox 1047 2713 1295 2813; x_wconf 86' lang='lat' dir='ltr'><strong>mandamus,</strong></span> <span class='ocrx_word' id='word_1_212' title='bbox 1324 2716 1516 2823; x_wconf 90' lang='lat' dir='ltr'><strong>quatinus</strong></span> <span class='ocrx_word' id='word_1_213' title='bbox 1561 2713 1759 2824; x_wconf 91' lang='lat' dir='ltr'><strong>populum</strong></span> <span class='ocrx_word' id='word_1_214' title='bbox 1788 2711 1949 2820; x_wconf 76' lang='lat' dir='ltr'><strong>regimi-</strong></span> 
     </span>
     <span class='ocr_line' id='line_1_22' title="bbox 131 2821 2056 2935; baseline -0.001 -32"><span class='ocrx_word' id='word_1_215' title='bbox 131 2824 185 2903; x_wconf 91' lang='lat' dir='ltr'><strong>&#39;ni</strong></span> <span class='ocrx_word' id='word_1_216' title='bbox 213 2825 255 2901; x_wconf 95' lang='grc'><strong>8(</strong></span> <span class='ocrx_word' id='word_1_217' title='bbox 284 2823 570 2930; x_wconf 87' lang='lat' dir='ltr'><strong>gubernationi</strong></span> <span class='ocrx_word' id='word_1_218' title='bbox 590 2821 739 2904; x_wconf 77' lang='lat' dir='ltr'><strong>-ves‘trae</strong></span> <span class='ocrx_word' id='word_1_219' title='bbox 766 2827 1018 2906; x_wconf 90' lang='lat' dir='ltr'><strong>commissum</strong></span> <span class='ocrx_word' id='word_1_220' title='bbox 1049 2824 1223 2906; x_wconf 88' lang='lat' dir='ltr'><strong>decimas</strong></span> <span class='ocrx_word' id='word_1_221' title='bbox 1272 2827 1459 2935; x_wconf 85' lang='lat' dir='ltr'><strong>Ecclesijs</strong></span> <span class='ocrx_word' id='word_1_222' title='bbox 1502 2825 1674 2908; x_wconf 88' lang='lat' dir='ltr'><strong>fideliter</strong></span> <span class='ocrx_word' id='word_1_223' title='bbox 1716 2830 1755 2905; x_wconf 90' lang='grc'><strong>8(</strong></span> <span class='ocrx_word' id='word_1_224' title='bbox 1797 2823 1947 2904; x_wconf 90' lang='lat' dir='ltr'><strong>deuote</strong></span> <span class='ocrx_word' id='word_1_225' title='bbox 2053 2858 2056 2868; x_wconf 91' lang='lat'>·</span> 
     </span>
     <span class='ocr_line' id='line_1_23' title="bbox 138 2931 2055 3046; baseline 0.003 -37"><span class='ocrx_word' id='word_1_226' title='bbox 138 2931 390 3046; x_wconf 77' lang='lat' dir='ltr'><strong>persoluere,</strong></span> <span class='ocrx_word' id='word_1_227' title='bbox 418 2935 521 3015; x_wconf 87' lang='lat' dir='ltr'><strong>sicut</strong></span> <span class='ocrx_word' id='word_1_228' title='bbox 548 2933 601 3013; x_wconf 88' lang='lat' dir='ltr'><strong>ab</strong></span> <span class='ocrx_word' id='word_1_229' title='bbox 630 2935 718 3044; x_wconf 91' lang='lat' dir='ltr'><strong>ipso</strong></span> <span class='ocrx_word' id='word_1_230' title='bbox 746 2933 921 3016; x_wconf 91' lang='lat' dir='ltr'><strong>Domino</strong></span> <span class='ocrx_word' id='word_1_231' title='bbox 948 2937 1131 3016; x_wconf 87' lang='lat' dir='ltr'><strong>noscitur</strong></span> <span class='ocrx_word' id='word_1_232' title='bbox 1159 2939 1400 3034; x_wconf 90' lang='lat' dir='ltr'><strong>institutum,</strong></span> <span class='ocrx_word' id='word_1_233' title='bbox 1429 2937 1643 3046; x_wconf 82' lang='lat' dir='ltr'><strong>diligenter</strong></span> <span class='ocrx_word' id='word_1_234' title='bbox 1689 2963 1736 3015; x_wconf 88' lang='lat' dir='ltr'><strong>ac</strong></span> <span class='ocrx_word' id='word_1_235' title='bbox 1777 2933 1948 3014; x_wconf 88' lang='lat' dir='ltr'><strong>sollicite</strong></span> <span class='ocrx_word' id='word_1_236' title='bbox 2050 2939 2055 2945; x_wconf 83' lang='lat'>&#39;</span> 
     </span>
     <span class='ocr_line' id='line_1_24' title="bbox 131 3045 1961 3158; baseline -0.003 -28"><span class='ocrx_word' id='word_1_237' title='bbox 131 3045 352 3142; x_wconf 83' lang='lat' dir='ltr'><strong>moneatis,</strong></span> <span class='ocrx_word' id='word_1_238' title='bbox 384 3051 424 3126; x_wconf 94' lang='grc'><strong>8(</strong></span> <span class='ocrx_word' id='word_1_239' title='bbox 451 3047 486 3126; x_wconf 91' lang='lat' dir='ltr'><strong>si</strong></span> <span class='ocrx_word' id='word_1_240' title='bbox 514 3050 673 3128; x_wconf 80' lang='lat' dir='ltr'><strong>neccsse</strong></span> <span class='ocrx_word' id='word_1_241' title='bbox 702 3045 827 3128; x_wconf 87' lang='lat' dir='ltr'><strong>fuerit</strong></span> <span class='ocrx_word' id='word_1_242' title='bbox 853 3049 928 3128; x_wconf 92' lang='lat' dir='ltr'><strong>suh</strong></span> <span class='ocrx_word' id='word_1_243' title='bbox 957 3046 1209 3130; x_wconf 87' lang='lat' dir='ltr'><strong>districtione</strong></span> <span class='ocrx_word' id='word_1_244' title='bbox 1238 3049 1500 3130; x_wconf 88' lang='lat' dir='ltr'><strong>anathematis</strong></span> <span class='ocrx_word' id='word_1_245' title='bbox 1528 3045 1789 3158; x_wconf 88' lang='lat' dir='ltr'><strong>compellatis,</strong></span> <span class='ocrx_word' id='word_1_246' title='bbox 1832 3046 1961 3126; x_wconf 85' lang='lat' dir='ltr'><strong>iuxta·</strong></span> 
     </span>
    </p>
   </div>
   <div class='ocr_carea' id='block_1_7' title="bbox 2 3154 1948 3272">
    <p class='ocr_par' dir='ltr' id='par_1_8' title="bbox 2 3154 1948 3272">
     <span class='ocr_line' id='line_1_25' title="bbox 2 3154 1948 3272; baseline -0.004 -28"><span class='ocrx_word' id='word_1_247' title='bbox 2 3234 3 3244; x_wconf 53' lang='lat'><strong>,</strong></span> <span class='ocrx_word' id='word_1_248' title='bbox 129 3154 244 3238; x_wconf 78' lang='lat' dir='ltr'><strong>illud</strong></span> <span class='ocrx_word' id='word_1_249' title='bbox 272 3155 479 3237; x_wconf 86' lang='lat' dir='ltr'><strong>Malachiae</strong></span> <span class='ocrx_word' id='word_1_250' title='bbox 508 3156 716 3264; x_wconf 82' lang='lat' dir='ltr'><strong>prophetae</strong></span> <span class='ocrx_word' id='word_1_251' title='bbox 744 3157 787 3233; x_wconf 90' lang='lat' dir='ltr'><strong>in</strong></span> <span class='ocrx_word' id='word_1_252' title='bbox 815 3185 987 3264; x_wconf 88' lang='lat' dir='ltr'><strong>persona</strong></span> <span class='ocrx_word' id='word_1_253' title='bbox 1017 3161 1179 3240; x_wconf 91' lang='lat' dir='ltr'><strong>Domini</strong></span> <span class='ocrx_word' id='word_1_254' title='bbox 1209 3160 1413 3272; x_wconf 89' lang='lat' dir='ltr'><strong>loquentis</strong></span> <span class='ocrx_word' id='word_1_255' title='bbox 1449 3165 1627 3264; x_wconf 82' lang='lat' dir='ltr'><strong>Inserta,</strong></span> <span class='ocrx_word' id='word_1_256' title='bbox 1645 3225 1650 3233; x_wconf 95' lang='lat'>.</span> <span class='ocrx_word' id='word_1_257' title='bbox 1669 3159 1823 3268; x_wconf 89' lang='lat' dir='ltr'><strong>inquit,</strong></span> <span class='ocrx_word' id='word_1_258' title='bbox 1865 3185 1948 3239; x_wconf 90' lang='lat' dir='ltr'><strong>om·</strong></span> 
     </span>
    </p>
   </div>
   <div class='ocr_carea' id='block_1_8' title="bbox 131 3263 1949 3483">
    <p class='ocr_par' dir='ltr' id='par_1_9' title="bbox 131 3263 1949 3483">
     <span class='ocr_line' id='line_1_26' title="bbox 132 3263 1947 3372; baseline 0 -26"><span class='ocrx_word' id='word_1_259' title='bbox 132 3287 232 3347; x_wconf 69' lang='lat' dir='ltr'><strong>mm</strong></span> <span class='ocrx_word' id='word_1_260' title='bbox 255 3263 553 3344; x_wconf 83' lang='lat' dir='ltr'><strong>decimationem</strong></span> <span class='ocrx_word' id='word_1_261' title='bbox 582 3273 623 3348; x_wconf 79' lang='lat' dir='ltr'><strong>ia</strong></span> <span class='ocrx_word' id='word_1_262' title='bbox 643 3265 826 3346; x_wconf 81' lang='lat' dir='ltr'><strong>horreum</strong></span> <span class='ocrx_word' id='word_1_263' title='bbox 854 3299 992 3370; x_wconf 84' lang='lat' dir='ltr'><strong>meum,</strong></span> <span class='ocrx_word' id='word_1_264' title='bbox 1024 3287 1076 3351; x_wconf 81' lang='lat' dir='ltr'><strong>nt</strong></span> <span class='ocrx_word' id='word_1_265' title='bbox 1111 3279 1162 3354; x_wconf 85' lang='lat' dir='ltr'><strong>sit</strong></span> <span class='ocrx_word' id='word_1_266' title='bbox 1191 3274 1308 3354; x_wconf 68' lang='lat' dir='ltr'><strong>&#39;cibus</strong></span> <span class='ocrx_word' id='word_1_267' title='bbox 1349 3277 1391 3352; x_wconf 87' lang='lat' dir='ltr'><strong>in</strong></span> <span class='ocrx_word' id='word_1_268' title='bbox 1430 3274 1544 3353; x_wconf 84' lang='lat' dir='ltr'><strong>domo</strong></span> <span class='ocrx_word' id='word_1_269' title='bbox 1586 3301 1685 3351; x_wconf 85' lang='lat' dir='ltr'><strong>meo.</strong></span> <span class='ocrx_word' id='word_1_270' title='bbox 1747 3268 1862 3372; x_wconf 75' lang='lat' dir='ltr'><strong>Vnde</strong></span> <span class='ocrx_word' id='word_1_271' title='bbox 1903 3268 1947 3346; x_wconf 92' lang='lat' dir='ltr'><strong>in</strong></span> 
     </span>
     <span class='ocr_line' id='line_1_27' title="bbox 131 3371 1949 3483; baseline -0.001 -26"><span class='ocrx_word' id='word_1_272' title='bbox 131 3371 329 3457; x_wconf 81' lang='lat' dir='ltr'><strong>Concilio</strong></span> <span class='ocrx_word' id='word_1_273' title='bbox 357 3373 674 3483; x_wconf 84' lang='lat' dir='ltr'><strong>Maguutinensi:</strong></span> <span class='ocrx_word' id='word_1_274' title='bbox 711 3375 896 3454; x_wconf 87' lang='lat' dir='ltr'><strong>Decimas</strong></span> <span class='ocrx_word' id='word_1_275' title='bbox 923 3382 1009 3461; x_wconf 86' lang='lat' dir='ltr'><strong>Deo</strong></span> <span class='ocrx_word' id='word_1_276' title='bbox 1038 3389 1076 3464; x_wconf 86' lang='lat'>&amp;</span> <span class='ocrx_word' id='word_1_277' title='bbox 1111 3382 1389 3468; x_wconf 86' lang='lat' dir='ltr'><strong>sacerdotibus</strong></span> <span class='ocrx_word' id='word_1_278' title='bbox 1433 3385 1508 3464; x_wconf 91' lang='lat' dir='ltr'><strong>Dei</strong></span> <span class='ocrx_word' id='word_1_279' title='bbox 1550 3380 1703 3464; x_wconf 86' lang='lat' dir='ltr'><strong>dandas</strong></span> <span class='ocrx_word' id='word_1_280' title='bbox 1741 3378 1949 3460; x_wconf 88' lang='lat' dir='ltr'><strong>Abraham</strong></span> 
     </span>
    </p>
   </div>
   <div class='ocr_carea' id='block_1_9' title="bbox 130 3483 2117 3594">
    <p class='ocr_par' dir='ltr' id='par_1_10' title="bbox 130 3483 2117 3594">
     <span class='ocr_line' id='line_1_28' title="bbox 130 3483 2117 3594; baseline -0.001 -26"><span class='ocrx_word' id='word_1_281' title='bbox 130 3487 259 3568; x_wconf 68' lang='lat' dir='ltr'><strong>lactis</strong></span> <span class='ocrx_word' id='word_1_282' title='bbox 288 3483 412 3566; x_wconf 90' lang='lat' dir='ltr'><strong>Iacob</strong></span> <span class='ocrx_word' id='word_1_283' title='bbox 441 3484 647 3594; x_wconf 83' lang='lat' dir='ltr'><strong>promissis</strong></span> <span class='ocrx_word' id='word_1_284' title='bbox 692 3483 890 3580; x_wconf 90' lang='lat' dir='ltr'><strong>insinuat,</strong></span> <span class='ocrx_word' id='word_1_285' title='bbox 927 3489 968 3564; x_wconf 93' lang='grc'><strong>8(</strong></span> <span class='ocrx_word' id='word_1_286' title='bbox 1003 3514 1140 3571; x_wconf 89' lang='lat' dir='ltr'><strong>omnes</strong></span> <span class='ocrx_word' id='word_1_287' title='bbox 1179 3499 1307 3576; x_wconf 89' lang='lat' dir='ltr'><strong>sancti</strong></span> <span class='ocrx_word' id='word_1_288' title='bbox 1329 3527 1336 3556; x_wconf 88' lang='lat'><strong>··</strong></span> <span class='ocrx_word' id='word_1_289' title='bbox 1348 3493 1575 3579; x_wconf 87' lang='lat' dir='ltr'><strong>sacerdotes</strong></span> <span class='ocrx_word' id='word_1_290' title='bbox 1623 3503 1948 3573; x_wconf 88' lang='lat' dir='ltr'><strong>commemorant.</strong></span> <span class='ocrx_word' id='word_1_291' title='bbox 2038 3517 2041 3523; x_wconf 92' lang='lat'>·</span> <span class='ocrx_word' id='word_1_292' title='bbox 2115 3498 2117 3508; x_wconf 84' lang='lat'>&#39;</span> 
     </span>
    </p>
   </div>
   <div class='ocr_carea' id='block_1_10' title="bbox 113 3596 2064 5036">
    <p class='ocr_par' dir='ltr' id='par_1_11' title="bbox 113 3596 2064 4938">
     <span class='ocr_line' id='line_1_29' title="bbox 134 3596 1948 3712; baseline -0.001 -32"><span class='ocrx_word' id='word_1_293' title='bbox 134 3600 244 3680; x_wconf 74' lang='lat' dir='ltr'><strong>Item</strong></span> <span class='ocrx_word' id='word_1_294' title='bbox 274 3622 326 3677; x_wconf 84' lang='lat' dir='ltr'><strong>ex</strong></span> <span class='ocrx_word' id='word_1_295' title='bbox 355 3596 539 3677; x_wconf 88' lang='lat' dir='ltr'><strong>Concilio</strong></span> <span class='ocrx_word' id='word_1_296' title='bbox 567 3596 897 3705; x_wconf 87' lang='lat' dir='ltr'><strong>Rothomagensi:</strong></span> <span class='ocrx_word' id='word_1_297' title='bbox 926 3597 1077 3676; x_wconf 90' lang='lat' dir='ltr'><strong>Omnes</strong></span> <span class='ocrx_word' id='word_1_298' title='bbox 1106 3599 1269 3684; x_wconf 83' lang='lat' dir='ltr'><strong>decimae</strong></span> <span class='ocrx_word' id='word_1_299' title='bbox 1297 3623 1425 3697; x_wconf 81' lang='lat' dir='ltr'><strong>terrae,</strong></span> <span class='ocrx_word' id='word_1_300' title='bbox 1453 3608 1539 3686; x_wconf 87' lang='lat' dir='ltr'><strong>siue</strong></span> <span class='ocrx_word' id='word_1_301' title='bbox 1576 3603 1628 3684; x_wconf 89' lang='lat' dir='ltr'><strong>de</strong></span> <span class='ocrx_word' id='word_1_302' title='bbox 1670 3601 1867 3712; x_wconf 83' lang='lat' dir='ltr'><strong>frugibus,</strong></span> <span class='ocrx_word' id='word_1_303' title='bbox 1896 3598 1948 3677; x_wconf 92' lang='lat' dir='ltr'><strong>si-</strong></span> 
     </span>
     <span class='ocr_line' id='line_1_30' title="bbox 138 3704 2046 3824; baseline -0.003 -34"><span class='ocrx_word' id='word_1_304' title='bbox 138 3735 191 3790; x_wconf 89' lang='lat' dir='ltr'><strong>ue</strong></span> <span class='ocrx_word' id='word_1_305' title='bbox 221 3707 274 3790; x_wconf 91' lang='lat' dir='ltr'><strong>de</strong></span> <span class='ocrx_word' id='word_1_306' title='bbox 305 3704 436 3816; x_wconf 88' lang='lat' dir='ltr'><strong>pomis</strong></span> <span class='ocrx_word' id='word_1_307' title='bbox 465 3706 680 3803; x_wconf 77' lang='lat' dir='ltr'><strong>arborum,</strong></span> <span class='ocrx_word' id='word_1_308' title='bbox 701 3707 863 3789; x_wconf 88' lang='lat' dir='ltr'><strong>Domini</strong></span> <span class='ocrx_word' id='word_1_309' title='bbox 891 3722 1000 3807; x_wconf 88' lang='lat' dir='ltr'><strong>sunt,</strong></span> <span class='ocrx_word' id='word_1_310' title='bbox 1033 3711 1074 3791; x_wconf 91' lang='grc'><strong>8(</strong></span> <span class='ocrx_word' id='word_1_311' title='bbox 1102 3709 1161 3790; x_wconf 94' lang='lat' dir='ltr'><strong>illi</strong></span> <span class='ocrx_word' id='word_1_312' title='bbox 1202 3713 1518 3794; x_wconf 79' lang='lat' dir='ltr'><strong>sanctificantur·</strong></span> <span class='ocrx_word' id='word_1_313' title='bbox 1575 3711 1653 3795; x_wconf 91' lang='lat' dir='ltr'><strong>Sed</strong></span> <span class='ocrx_word' id='word_1_314' title='bbox 1696 3715 1793 3824; x_wconf 91' lang='lat' dir='ltr'><strong>quia</strong></span> <span class='ocrx_word' id='word_1_315' title='bbox 1832 3707 1948 3789; x_wconf 88' lang='lat' dir='ltr'><strong>multi</strong></span> <span class='ocrx_word' id='word_1_316' title='bbox 2040 3759 2046 3768; x_wconf 83' lang='lat'>·</span> 
     </span>
     <span class='ocr_line' id='line_1_31' title="bbox 135 3815 1949 3920; baseline -0.004 -16"><span class='ocrx_word' id='word_1_317' title='bbox 135 3815 612 3904; x_wconf 89' lang='lat' dir='ltr'><strong>inueniuntur-decimas</strong></span> <span class='ocrx_word' id='word_1_318' title='bbox 640 3817 738 3899; x_wconf 89' lang='lat' dir='ltr'><strong>dare</strong></span> <span class='ocrx_word' id='word_1_319' title='bbox 765 3820 968 3917; x_wconf 86' lang='lat' dir='ltr'><strong>nolentes,</strong></span> <span class='ocrx_word' id='word_1_320' title='bbox 1010 3821 1222 3920; x_wconf 87' lang='lat' dir='ltr'><strong>statuimus</strong></span> <span class='ocrx_word' id='word_1_321' title='bbox 1264 3841 1309 3904; x_wconf 84' lang='lat' dir='ltr'><strong>vt</strong></span> <span class='ocrx_word' id='word_1_322' title='bbox 1350 3823 1572 3906; x_wconf 88' lang='lat' dir='ltr'><strong>secundum</strong></span> <span class='ocrx_word' id='word_1_323' title='bbox 1620 3822 1780 3904; x_wconf 89' lang='lat' dir='ltr'><strong>Domini</strong></span> <span class='ocrx_word' id='word_1_324' title='bbox 1819 3818 1949 3901; x_wconf 90' lang='lat' dir='ltr'><strong>nostri</strong></span> 
     </span>
     <span class='ocr_line' id='line_1_32' title="bbox 136 3927 1947 4042; baseline -0.002 -28"><span class='ocrx_word' id='word_1_325' title='bbox 136 3945 392 4042; x_wconf 84' lang='lat' dir='ltr'><strong>praeceptum</strong></span> <span class='ocrx_word' id='word_1_326' title='bbox 422 3927 717 4012; x_wconf 87' lang='lat' dir='ltr'><strong>admoneantur</strong></span> <span class='ocrx_word' id='word_1_327' title='bbox 744 3931 885 4028; x_wconf 89' lang='lat' dir='ltr'><strong>semel,</strong></span> <span class='ocrx_word' id='word_1_328' title='bbox 924 3931 1122 4031; x_wconf 81' lang='lat' dir='ltr'><strong>seeundo,</strong></span> <span class='ocrx_word' id='word_1_329' title='bbox 1166 3939 1207 4018; x_wconf 87' lang='grc'><strong>8(</strong></span> <span class='ocrx_word' id='word_1_330' title='bbox 1241 3937 1375 4016; x_wconf 89' lang='lat' dir='ltr'><strong>tertio.</strong></span> <span class='ocrx_word' id='word_1_331' title='bbox 1433 3937 1518 4040; x_wconf 90' lang='lat' dir='ltr'><strong>Qui</strong></span> <span class='ocrx_word' id='word_1_332' title='bbox 1558 3937 1591 4014; x_wconf 91' lang='lat' dir='ltr'><strong>si</strong></span> <span class='ocrx_word' id='word_1_333' title='bbox 1634 3963 1719 4015; x_wconf 92' lang='lat' dir='ltr'><strong>non</strong></span> <span class='ocrx_word' id='word_1_334' title='bbox 1761 3929 1947 4038; x_wconf 66' lang='lat' dir='ltr'><strong>emenda·</strong></span> 
     </span>
     <span class='ocr_line' id='line_1_33' title="bbox 142 4034 1947 4152; baseline -0.003 -27"><span class='ocrx_word' id='word_1_335' title='bbox 142 4034 279 4127; x_wconf 80' lang='lat' dir='ltr'><strong>uerint</strong></span> <span class='ocrx_word' id='word_1_336' title='bbox 299 4039 561 4127; x_wconf 78' lang='lat' dir='ltr'><strong>¹anathemate</strong></span> <span class='ocrx_word' id='word_1_337' title='bbox 589 4069 719 4152; x_wconf 78' lang='lat' dir='ltr'><strong>usque</strong></span> <span class='ocrx_word' id='word_1_338' title='bbox 746 4041 799 4124; x_wconf 91' lang='lat' dir='ltr'><strong>ad</strong></span> <span class='ocrx_word' id='word_1_339' title='bbox 820 4041 1135 4124; x_wconf 81' lang='lat' dir='ltr'><strong>satisfactionem</strong></span> <span class='ocrx_word' id='word_1_340' title='bbox 1162 4051 1201 4148; x_wconf 86' lang='grc'><strong>8(</strong></span> <span class='ocrx_word' id='word_1_341' title='bbox 1230 4046 1548 4130; x_wconf 89' lang='lat' dir='ltr'><strong>emendationem</strong></span> <span class='ocrx_word' id='word_1_342' title='bbox 1579 4071 1802 4151; x_wconf 89' lang='lat' dir='ltr'><strong>congruam</strong></span> <span class='ocrx_word' id='word_1_343' title='bbox 1852 4039 1947 4152; x_wconf 60' lang='lat' dir='ltr'><strong>fell·</strong></span> 
     </span>
     <span class='ocr_line' id='line_1_34' title="bbox 139 4147 1949 4267; baseline -0.003 -27"><span class='ocrx_word' id='word_1_344' title='bbox 139 4147 276 4252; x_wconf 61' lang='lat' dir='ltr'><strong>intur.</strong></span> <span class='ocrx_word' id='word_1_345' title='bbox 334 4151 418 4236; x_wconf 86' lang='lat' dir='ltr'><strong>Nec</strong></span> <span class='ocrx_word' id='word_1_346' title='bbox 446 4169 583 4254; x_wconf 73' lang='lat' dir='ltr'><strong>tarum</strong></span> <span class='ocrx_word' id='word_1_347' title='bbox 608 4150 702 4234; x_wconf 92' lang='lat' dir='ltr'><strong>ideo</strong></span> <span class='ocrx_word' id='word_1_348' title='bbox 730 4179 789 4248; x_wconf 90' lang='lat' dir='ltr'><strong>ea,</strong></span> <span class='ocrx_word' id='word_1_349' title='bbox 817 4183 909 4264; x_wconf 88' lang='lat' dir='ltr'><strong>quae</strong></span> <span class='ocrx_word' id='word_1_350' title='bbox 937 4155 1137 4263; x_wconf 82' lang='lat' dir='ltr'><strong>Ecclesijs,</strong></span> <span class='ocrx_word' id='word_1_351' title='bbox 1167 4155 1289 4238; x_wconf 91' lang='lat' dir='ltr'><strong>immo</strong></span> <span class='ocrx_word' id='word_1_352' title='bbox 1318 4161 1428 4256; x_wconf 80' lang='lat' dir='ltr'><strong>Deo,</strong></span> <span class='ocrx_word' id='word_1_353' title='bbox 1444 4158 1538 4267; x_wconf 93' lang='lat' dir='ltr'><strong>ipsi,</strong></span> <span class='ocrx_word' id='word_1_354' title='bbox 1562 4155 1626 4236; x_wconf 86' lang='lat' dir='ltr'><strong>vel</strong></span> <span class='ocrx_word' id='word_1_355' title='bbox 1652 4171 1840 4266; x_wconf 88' lang='lat' dir='ltr'><strong>parentes</strong></span> <span class='ocrx_word' id='word_1_356' title='bbox 1882 4179 1949 4264; x_wconf 78' lang='lat' dir='ltr'><strong>eq·</strong></span> 
     </span>
     <span class='ocr_line' id='line_1_35' title="bbox 144 4262 2040 4377; baseline -0.001 -31"><span class='ocrx_word' id='word_1_357' title='bbox 144 4292 235 4346; x_wconf 90' lang='lat' dir='ltr'><strong>rum</strong></span> <span class='ocrx_word' id='word_1_358' title='bbox 262 4263 482 4348; x_wconf 88' lang='lat' dir='ltr'><strong>contulisse</strong></span> <span class='ocrx_word' id='word_1_359' title='bbox 510 4283 748 4360; x_wconf 87' lang='lat' dir='ltr'><strong>noscuntur,</strong></span> <span class='ocrx_word' id='word_1_360' title='bbox 776 4262 988 4361; x_wconf 83' lang='lat' dir='ltr'><strong>reuocare,</strong></span> <span class='ocrx_word' id='word_1_361' title='bbox 1018 4265 1082 4346; x_wconf 87' lang='lat' dir='ltr'><strong>vel</strong></span> <span class='ocrx_word' id='word_1_362' title='bbox 1111 4268 1475 4352; x_wconf 81' lang='lat' dir='ltr'><strong>Ecclesiasticarum</strong></span> <span class='ocrx_word' id='word_1_363' title='bbox 1504 4293 1769 4377; x_wconf 88' lang='lat' dir='ltr'><strong>personarum</strong></span> <span class='ocrx_word' id='word_1_364' title='bbox 1812 4264 1950 4374; x_wconf 90' lang='lat' dir='ltr'><strong>dispo·</strong></span> <span class='ocrx_word' id='word_1_365' title='bbox 2038 4281 2040 4286; x_wconf 78' lang='grc'><em>·</em></span> 
     </span>
     <span class='ocr_line' id='line_1_36' title="bbox 145 4375 2062 4490; baseline 0.001 -35"><span class='ocrx_word' id='word_1_366' title='bbox 145 4376 283 4462; x_wconf 81' lang='lat' dir='ltr'><strong>sitioni</strong></span> <span class='ocrx_word' id='word_1_367' title='bbox 309 4375 550 4460; x_wconf 84' lang='lat' dir='ltr'><strong>subtrahere</strong></span> <span class='ocrx_word' id='word_1_368' title='bbox 578 4375 763 4458; x_wconf 84' lang='lat' dir='ltr'><strong>volentes</strong></span> <span class='ocrx_word' id='word_1_369' title='bbox 790 4379 912 4456; x_wconf 82' lang='lat' dir='ltr'><strong>erunt</strong></span> <span class='ocrx_word' id='word_1_370' title='bbox 944 4375 1199 4485; x_wconf 89' lang='lat' dir='ltr'><strong>aliquatenus</strong></span> <span class='ocrx_word' id='word_1_371' title='bbox 1227 4379 1438 4480; x_wconf 89' lang='lat' dir='ltr'><strong>audiendi:</strong></span> <span class='ocrx_word' id='word_1_372' title='bbox 1467 4378 1618 4490; x_wconf 87' lang='lat' dir='ltr'><strong>quaesi</strong></span> <span class='ocrx_word' id='word_1_373' title='bbox 1646 4379 1766 4459; x_wconf 89' lang='lat' dir='ltr'><strong>etiam</strong></span> <span class='ocrx_word' id='word_1_374' title='bbox 1794 4375 1950 4482; x_wconf 80' lang='lat' dir='ltr'><strong>homini</strong></span> <span class='ocrx_word' id='word_1_375' title='bbox 2057 4440 2062 4445; x_wconf 84' lang='lat'><em>.</em></span> 
     </span>
     <span class='ocr_line' id='line_1_37' title="bbox 145 4481 2064 4598; baseline -0.002 -28"><span class='ocrx_word' id='word_1_376' title='bbox 145 4485 411 4570; x_wconf 87' lang='lat' dir='ltr'><strong>contulissent</strong></span> <span class='ocrx_word' id='word_1_377' title='bbox 439 4503 626 4598; x_wconf 87' lang='lat' dir='ltr'><strong>repetere</strong></span> <span class='ocrx_word' id='word_1_378' title='bbox 654 4513 738 4568; x_wconf 92' lang='lat' dir='ltr'><strong>non</strong></span> <span class='ocrx_word' id='word_1_379' title='bbox 766 4485 961 4596; x_wconf 82' lang='lat' dir='ltr'><strong>valerent.</strong></span> <span class='ocrx_word' id='word_1_380' title='bbox 1019 4489 1139 4571; x_wconf 91' lang='lat' dir='ltr'><strong>Vnde</strong></span> <span class='ocrx_word' id='word_1_381' title='bbox 1166 4491 1405 4573; x_wconf 85' lang='lat' dir='ltr'><strong>Ambrosius</strong></span> <span class='ocrx_word' id='word_1_382' title='bbox 1432 4493 1476 4571; x_wconf 93' lang='lat' dir='ltr'><strong>in</strong></span> <span class='ocrx_word' id='word_1_383' title='bbox 1505 4489 1611 4574; x_wconf 87' lang='lat' dir='ltr'><strong>libro</strong></span> <span class='ocrx_word' id='word_1_384' title='bbox 1626 4487 1677 4569; x_wconf 90' lang='lat' dir='ltr'><strong>de</strong></span> <span class='ocrx_word' id='word_1_385' title='bbox 1690 4481 1948 4597; x_wconf 62' lang='lat' dir='ltr'><strong>poenitentia&#39;t</strong></span> <span class='ocrx_word' id='word_1_386' title='bbox 2059 4529 2064 4537; x_wconf 90' lang='lat'><em>·</em></span> 
     </span>
     <span class='ocr_line' id='line_1_38' title="bbox 144 4597 1949 4728; baseline -0.002 -48"><span class='ocrx_word' id='word_1_387' title='bbox 144 4614 241 4680; x_wconf 80' lang='lat' dir='ltr'><strong>runt</strong></span> <span class='ocrx_word' id='word_1_388' title='bbox 268 4599 467 4728; x_wconf 85' lang='lat' dir='ltr'><strong>qui-opes</strong></span> <span class='ocrx_word' id='word_1_389' title='bbox 495 4625 587 4682; x_wconf 84' lang='lat' dir='ltr'><strong>suas</strong></span> <span class='ocrx_word' id='word_1_390' title='bbox 617 4598 883 4683; x_wconf 86' lang='lat' dir='ltr'><strong>tumultuario</strong></span> <span class='ocrx_word' id='word_1_391' title='bbox 917 4599 1062 4681; x_wconf 91' lang='lat' dir='ltr'><strong>mentis</strong></span> <span class='ocrx_word' id='word_1_392' title='bbox 1090 4600 1288 4709; x_wconf 91' lang='lat' dir='ltr'><strong>impulsu,</strong></span> <span class='ocrx_word' id='word_1_393' title='bbox 1331 4631 1417 4682; x_wconf 92' lang='lat' dir='ltr'><strong>non</strong></span> <span class='ocrx_word' id='word_1_394' title='bbox 1444 4600 1595 4688; x_wconf 91' lang='lat' dir='ltr'><strong>iudicio</strong></span> <span class='ocrx_word' id='word_1_395' title='bbox 1625 4616 1835 4709; x_wconf 89' lang='lat' dir='ltr'><strong>perpetuo,</strong></span> <span class='ocrx_word' id='word_1_396' title='bbox 1878 4597 1949 4680; x_wconf 83' lang='lat' dir='ltr'><strong>vbi</strong></span> 
     </span>
     <span class='ocr_line' id='line_1_39' title="bbox 144 4708 1950 4822; baseline 0 -32"><span class='ocrx_word' id='word_1_397' title='bbox 144 4708 333 4791; x_wconf 79' lang='lat' dir='ltr'><strong>Ecclesiae</strong></span> <span class='ocrx_word' id='word_1_398' title='bbox 360 4710 623 4810; x_wconf 89' lang='lat' dir='ltr'><strong>contulerint,</strong></span> <span class='ocrx_word' id='word_1_399' title='bbox 652 4730 792 4822; x_wconf 89' lang='lat' dir='ltr'><strong>postea</strong></span> <span class='ocrx_word' id='word_1_400' title='bbox 820 4710 1070 4794; x_wconf 86' lang='lat' dir='ltr'><strong>reuocandas</strong></span> <span class='ocrx_word' id='word_1_401' title='bbox 1116 4729 1272 4821; x_wconf 88' lang='lat' dir='ltr'><strong>putant,</strong></span> <span class='ocrx_word' id='word_1_402' title='bbox 1347 4715 1469 4794; x_wconf 85' lang='lat' dir='ltr'><strong>uibus</strong></span> <span class='ocrx_word' id='word_1_403' title='bbox 1509 4739 1583 4792; x_wconf 89' lang='lat' dir='ltr'><strong>nec</strong></span> <span class='ocrx_word' id='word_1_404' title='bbox 1627 4715 1755 4819; x_wconf 87' lang='lat' dir='ltr'><strong>prima</strong></span> <span class='ocrx_word' id='word_1_405' title='bbox 1801 4736 1950 4790; x_wconf 84' lang='lat' dir='ltr'><strong>merces</strong></span> 
     </span>
     <span class='ocr_line' id='line_1_40' title="bbox 113 4743 1351 4938; baseline 0.004 -35"><span class='ocrx_word' id='word_1_406' title='bbox 113 4834 259 4927; x_wconf 79' lang='lat' dir='ltr'><strong>&#39;grata</strong></span> <span class='ocrx_word' id='word_1_407' title='bbox 285 4835 360 4915; x_wconf 78' lang='lat' dir='ltr'><strong>est,</strong></span> <span class='ocrx_word' id='word_1_408' title='bbox 389 4847 463 4908; x_wconf 87' lang='lat' dir='ltr'><strong>neo</strong></span> <span class='ocrx_word' id='word_1_409' title='bbox 491 4820 688 4938; x_wconf 70' lang='lat' dir='ltr'><strong>secundat</strong></span> <span class='ocrx_word' id='word_1_410' title='bbox 716 4823 812 4934; x_wconf 89' lang='lat' dir='ltr'><strong>quia</strong></span> <span class='ocrx_word' id='word_1_411' title='bbox 841 4845 926 4934; x_wconf 79' lang='lat' dir='ltr'><strong>nec¹</strong></span> <span class='ocrx_word' id='word_1_412' title='bbox 945 4822 1075 4933; x_wconf 88' lang='lat' dir='ltr'><strong>prima</strong></span> <span class='ocrx_word' id='word_1_413' title='bbox 1101 4743 1351 4930; x_wconf 67' lang='lat' dir='ltr'><strong>iudiciumb</strong></span> 
     </span>
    </p>

    <p class='ocr_par' dir='ltr' id='par_1_12' title="bbox 277 4955 1942 5036">
     <span class='ocr_line' id='line_1_41' title="bbox 277 4955 1942 5036; baseline -0.004 -13"><span class='ocrx_word' id='word_1_414' title='bbox 277 4961 471 5036; x_wconf 70' lang='lat' dir='ltr'><strong>tcotpun.</strong></span> <span class='ocrx_word' id='word_1_415' title='bbox 1772 4955 1809 5015; x_wconf 79' lang='lat' dir='ltr'><strong>ll</strong></span> <span class='ocrx_word' id='word_1_416' title='bbox 1908 5003 1942 5016; x_wconf 80' lang='grc'><strong>..</strong></span> 
     </span>
    </p>
   </div>
   <div class='ocr_carea' id='block_1_11' title="bbox 0 0 2191 5940">
    <p class='ocr_par' dir='ltr' id='par_1_13' title="bbox 0 0 2191 5940">
     <span class='ocr_line' id='line_1_42' title="bbox 0 0 2191 5940; baseline 0 0"><span class='ocrx_word' id='word_1_417' title='bbox 0 0 2191 5940; x_wconf 95' lang='lat' dir='ltr'><strong> </strong></span> 
     </span>
    </p>
   </div>
   <div class='ocr_carea' id='block_1_12' title="bbox 1353 4819 2076 4928">
    <p class='ocr_par' dir='ltr' id='par_1_14' title="bbox 1353 4819 2076 4928">
     <span class='ocr_line' id='line_1_43' title="bbox 1353 4819 2076 4928; baseline -0.022 -22"><span class='ocrx_word' id='word_1_418' title='bbox 1353 4825 1479 4920; x_wconf 89' lang='lat' dir='ltr'><strong>abuit,</strong></span> <span class='ocrx_word' id='word_1_419' title='bbox 1508 4829 1548 4907; x_wconf 88' lang='grc'><strong>8(</strong></span> <span class='ocrx_word' id='word_1_420' title='bbox 1588 4821 1763 4906; x_wconf 85' lang='lat' dir='ltr'><strong>secunda</strong></span> <span class='ocrx_word' id='word_1_421' title='bbox 1806 4819 1951 4928; x_wconf 83' lang='lat' dir='ltr'><strong>habuit</strong></span> <span class='ocrx_word' id='word_1_422' title='bbox 2068 4882 2076 4890; x_wconf 93' lang='lat'><em>.</em></span> 
     </span>
    </p>
   </div>
  </div>
 </body>
</html>
