4406 5966
1004 507 1422 616 ...672-

174 795 178 802 -
314 758 393 846 pro
421 731 518 840 ipsis
545 728 726 828 mittent,
754 727 830 810 neo
857 727 901 810 in
930 726 1097 838 agendis
1134 729 1317 840 ipsorum
1347 754 1419 811 sen
1456 726 1633 840 negotiis
1658 725 1925 840 expediendis
1954 729 2108 844 aliquod
2176 799 2177 844 ἶ

312 843 527 927 eonsilium
555 840 621 926 vel
647 839 842 928 auxilium
870 840 928 922 eis
956 840 1206 950 praestabunt
1220 841 1386 952 publice
1401 839 1655 940 vel'oooulte.
1683 843 1727 924 Si
1746 845 1845 925 ve'ro
1860 845 2108 954 aliqtrastio·

312 956 457 1046 lentius
485 970 702 1066 postquam
729 969 881 1036 terram
908 954 1038 1064 ipsam
1053 950 1386 1044 Gotlandensem
1413 955 1583 1065 ingressi
1610 951 1783 1057 fuerint,
1818 955 1965 1038 ineolis
1995 956 2109 1064 Regni

311 1068 444 1177 nostrj
473 1071 516 1148 in
542 1067 685 1162 rebus,
714 1063 903 1148 domibus
929 1081 1003 1146 aut
1030 1066 1214 1174 personis
1240 1064 1469 1163 intulerint,
1497 1081 1649 1148 extunc
1663 1067 1772 1175 ipsos
1785 1065 1909 1150 velud
1934 1067 2109 1176 publicos

164 1206 168 1216 ·
311 1200 430 1265 terrae
461 1174 765 1260 Gotlandiensis
791 1175 930 1258 hortas
958 1175 1170 1259 habebunt
1197 1182 1237 1258 &
1264 1176 1516 1286 proedoneos.
1545 1177 1743 1260 Praeterea
1764 1176 1947 1260 offensas
1976 1207 2110 1272 omnes.

110 1299 117 1314 '
225 1363 232 1370 .
309 1293 344 1372 si
371 1319 474 1402 quas
501 1290 712 1372 memorati
740 1289 959 1372 Gottenses
986 1301 1128 1370 eontra
1147 1287 1324 1398 Regiam
1340 1289 1587 1380 Maiestatem
1608 1287 1805 1372 haetenus
1832 1293 2111 1388 commiserim.

310 1405 408 1512 ipsis
436 1429 487 1482 ex
514 1417 606 1483 toto
633 1399 757 1487 corde
787 1399 1027 1482 remittimus
1056 1399 1107 1481 ab
1137 1399 1214 1482 isto
1242 1400 1309 1482 die
1337 1401 1380 1481 in
1408 1415 1547 1498 antea,
1576 1403 1616 1480 8ι
1644 1398 1892 1484 intendimus
1906 1391 2025 1513 ipsos
2039 1392 2109 1483 tan·

311 1541 433 1628 quam
462 1512 600 1594 lideles
627 1529 787 1594 nostros
816 1513 858 1592 in
884 1511 967 1592 suis
995 1511 1153 1594 iuribus
1170 1517 1210 1593 81
1231 1510 1490 1594 libertatibus
1504 1509 1737 1620 confodere.
1766 1513 1973 1596 Volumus
1991 1517 2110 1610 etiam,

311 1643 357 1708 vt
372 1624 587 1735 priuilegia
602 1625 748 1721 omnia,
776 1623 873 1734 ipsis
888 1648 938 1710 ex
953 1640 1070 1734 parte
1087 1639 1226 1706 nostra
1241 1620 1412 1722 indulta,
1426 1622 1554 1710 robur
1567 1623 1748 1706 habeant
1761 1641 1978 1741 perpetuae
2002 1629 2109 1707 firmi·

312 1739 417 1820 tatis.
443 1733 713 1820 Concedimus
728 1735 849 1815 etiam
868 1734 939 1830 eis,
953 1749 999 1815 vt
1010 1734 1179 1845 siugulis
1193 1736 1310 1816 annis
1325 1736 1453 1846 gratia
1467 1736 1725 1819 mercationis
1738 1736 1981 1824 exercendae
1998 1737 2111 1818 libere

310 1852 469 1961 possint
494 1845 696 1928 velificare
724 1844 776 1953 ad
803 1843 994 1944 Karelos,
1023 1847 1080 1925 ita
1108 1863 1245 1928 tamen
1274 1846 1388 1958 quod
1409 1873 1560 1928 meroes
1576 1873 1599 1925 a
1615 1847 1704 1928 iure
1730 1845 1962 1958 prohibitas
1994 1877 2114 1930 secun

314 1960 549 2042 nullatenus
577 1955 735 2054 deferre
765 1973 1028 2066 praesumant,
1057 1976 1102 2041 vt
1130 1973 1266 2058 autern
1295 1957 1380 2056 haec
1410 1954 1620 2070 placitatio
1648 1983 1719 2040 seu
1748 1960 1871 2042 etiam
1899 1961 2116 2058 ordmatio,

312 2077 422 2160 inter
448 2097 523 2156 noa
548 2095 879 2178 successoresque
906 2083 1130 2152 nostrosex
1147 2087 1264 2180 parte
1279 2097 1379 2168 rna,
1409 2065 1701 2178 &saepedictos
1721 2073 1944 2154 Guttenses
1966 2100 2021 2174 ex
2036 2101 2117 2180 par·

313 2204 356 2266 te
384 2184 529 2280 altera,
558 2181 686 2272 robur
713 2181 893 2278 habeant
906 2197 1112 2290 perpetuae
1132 2181 1351 2278 firmitatis,
1380 2206 1582 2274 unacum
1610 2178 1743 2290 sigillo
1763 2199 1906 2264 nostro
1937 2185 2118 2294 Sigillum

314 2293 542 2379 Reuereudi
571 2294 699 2403 patris
715 2293 763 2374 D.
777 2291 989 2402 Laurentij
1017 2293 1208 2404 Episcopi
1230 2292 1495 2402 Lincopensis
1539 2291 1775 2376 rusentibus
1790 2295 1985 2378 duximus
2001 2324 2118 2406 appo·

314 2407 507 2498 nendum.
536 2405 688 2506 Datum
725 2399 945 2512 Borgholm
983 2405 1103 2513 Annp
1140 2401 1307 2523 Dominj
1336 2319 1726 2492 attaminata.
1757 2406 1888 2494 Nonis
1919 2409 2118 2490 Octobris

201 2793 207 2808 ῃ
323 2613 523 2752 816(
960 2645 1111 2758 1285
1158 2649 1209 2758 a.
1264 2687 1332 2796 19
1378 2641 1495 2792 oe.
1648 2611 1650 2616 ’
1921 2643 2118 2750 uum.

400 2865 494 2940 ΚΜ
514 2866 728 2948 Gammausa
747 2863 958 2963 §dabrelpt
978 2871 1040 2948 itas
1058 2873 1109 2938 till
1128 2870 1257 2956 anaide
1278 2835 1464 2938 irie-Risi.
1478 2871 1610 2954 Moenus
1630 2869 1681 2934 lb’r
1701 2887 1761 2934 aon
1783 2867 1884 2932 mark.
1945 2905 1948 2908 -

1779 2947 1997 3006 ὼῶιῶἇ

484 3047 684 3132 Omnibus
726 3077 892 3162 presens
928 3055 1124 3164 seriptum
1165 3047 1313 3140 visuris
1353 3053 1419 3137 uel
1466 3051 1674 3136 audituris.
1708 3053 1901 3135 Kanutus
1947 3051 2116 3162 gregorii

317 3161 493 3252 ¹condam
522 3162 638 3242 filius.
667 3161 834 3246 salutem
864 3165 908 3245 in
936 3167 1117 3264 omnium
1144 3168 1359 3262 saluatore.
1386 3169 1540 3249 Notum
1568 3194 1653 3249 esse
1680 3163 1777 3247 uolo
1800 3192 1875 3275 per
1906 3181 2118 3273 presentes

319 3301 382 3357 me
410 3273 561 3355 curiam
587 3300 715 3364 meam
744 3275 787 3360 in
814 3279 905 3372 Nes.
940 3306 1032 3360 eum
1061 3279 1221 3390 prediis.
1236 3278 1437 3379 videlieet.
1469 3277 1665 3362 XVlIlzto
1694 3277 1776 3358 oris
1804 3292 1915 3357 terre
1945 3304 2024 3356 nec
2046 3302 2119 3355 non

320 3403 362 3466 et
390 3383 579 3468 domibus
606 3383 847 3468 molendinis
874 3389 1056 3497 piscariis
1084 3407 1126 3484 et
1154 3389 1266 3474 siluis
1294 3387 1425 3472 eidem
1466 3391 1577 3472 curie
1619 3387 1898 3470 attinentibus.
1929 3387 2121 3496 presenti-

224 3517 228 3525 ‘
319 3497 398 3578 bus
426 3493 622 3584 fratribus
653 3498 760 3580 meis.
789 3499 936 3608 Magno
962 3507 1003 3585 St
1031 3499 1177 3602 karulo
1206 3507 1246 3601 δι
1274 3500 1638 3600 consencientibus.
1680 3499 1848 3582 domino
1882 3499 2034 3608 Magno
2061 3497 2122 3578 dei

321 3611 458 3718 gracia
486 3607 615 3701 electo
643 3610 837 3720 episcopo
865 3612 1066 3720 upsalensi
1091 3642 1169 3724 pro
1198 3613 1383 3696 ducentis
1411 3630 1452 3712 et
1480 3611 1641 3712 duabus
1662 3612 1807 3694 marcis
1834 3612 2011 3692 swenice
2038 3636 2125 3689 mo·

322 3737 418 3822 nete
445 3715 687 3801 uendidisse.
715 3719 801 3818 Hac
830 3722 981 3818 seilicet
994 3725 1234 3810 condicione
1249 3725 1417 3807 adiecta.
1444 3722 1559 3838 quod
1586 3725 1665 3806 nisi
1694 3722 1877 3833 predicta
1907 3723 2025 3802 cuna
2048 3749 2128 3803 nes.

322 3859 400 3961 pro
429 3829 614 3941 predicta
644 3831 816 3941 pecunie
843 3859 1008 3918 summa.
1038 3865 1112 3961 per
1138 3865 1202 3932 rne
1229 3836 1295 3917 uel
1324 3837 1469 3918 iratres
1501 3862 1611 3918 meos
1646 3863 1717 3918 seu
1744 3860 1904 3926 sorores
1935 3839 2129 3917 vterinos.

314 3943 428 4050 ‘infra
471 3941 714 4024 dominicam
787 3943 927 4046 rituam
955 3947 1261 4057 quadragesime
1290 3977 1398 4030 nunc
1442 3947 1630 4057 proximo
1671 3949 1888 4057 instantem
1916 3943 2132 4056 redempta

323 4082 409 4136 non
439 4053 574 4144 fuerit.
605 4051 717 4146 dicto
746 3970 912 4144 domino
942 4086 1089 4170 magno
1107 4061 1281 4170 ‚suisque
1310 4059 1609 4142 successoribus
1636 4086 1686 4140 ex
1715 4075 1812 4144 tunc
1840 4056 2019 4143 attineat
2049 4059 2132 4170 ple·

325 4197 379 4254 no
407 4181 531 4276 atque
560 4180 761 4275 perpetuo
790 4165 892 4276 jure.
922 4169 1184 4279 Recognosce
1212 4173 1379 4283 insuper
1407 4198 1481 4288 per
1515 4183 1725 4280 presentes
1767 4169 1866 4254 mihi
1893 4165 2030 4251 dictas
2061 4169 2135 4250 du·

324 4296 461 4361 cantas
491 4275 592 4376 duas
620 4275 776 4370 Marcus
804 4279 1054 4390 integraliter
1082 4281 1203 4378 fuisse
1231 4281 1469 4392 persolutus.
1506 4283 1752 4363 renuncians
1795 4282 1958 4390 penitus
1987 4299 2036 4362 et
2067 4309 2134 4362 ex·

227 4443 283 4498 ,κ
325 4416 470 4498 presse¹
492 4388 728 4498 exceptioni
757 4387 865 4471 dicte
893 4393 1064 4500 pecunie
1092 4420 1177 4475 nou
1204 4409 1367 4503 recepte
1395 4422 1466 4497 seu
1494 4419 1580 4476 non
1594 4393 1739 4478 solute,
1769 4393 1820 4471 ln
1848 4392 1964 4472 cuius
1996 4395 2133 4474 reite

81 4529 85 4545 ¹
193 4607 197 4613 Ι
326 4500 571 4591 stimonium.
601 4513 827 4608 presentem
857 4498 1031 4604 litteram
1058 4507 1309 4616 appensione
1336 4505 1461 4614 sigilli
1488 4505 1576 4589 mei.
1605 4501 1690 4586 Nec
1718 4529 1805 4583 non
1832 4517 1875 4584 et
1901 4503 2133 4614 sigillorum

328 4609 482 4702 dommi
507 4609 678 4720 israelis.
707 4615 747 4691 &
775 4615 911 4721 magni
938 4611 1075 4719 fratris
1103 4617 1181 4699 mei
1210 4615 1311 4718 duni
1340 4612 1622 4716 roborandam.
1652 4615 1859 4727 Scriptum
1873 4615 1987 4723 apud
2019 4643 2133 4697 mun·
2175 4685 2176 4710 .

327 4738 391 4820 'zet
420 4723 541 4802 Anno
569 4719 733 4820 domini.
763 4722 1259 4833 M⁰.CC‘.LXXXV⁰.XII.
1288 4725 1369 4824 kal.
1398 4725 1644 4820 nouembris.
1740 4730 1744 4745 '
2175 4749 2176 4754 '

327 4869 378 4942 Pe
399 4864 575 4950 irensidau:
595 4867 817 4959 Jupiguorpcio
836 4861 873 4954 Q
893 4865 1036 4957 condicio
1055 4869 1150 4952 (istrie
1169 4867 1422 5018 neslindtillpooesi
1442 4870 1596 4958 modam.
1616 4869 1741 4950 scilicet.
1760 4867 1878 4970 xv1n
1897 4888 2033 4950 ormupr
2052 4879 2136 4946 term

1084 4975 1158 5018 cum
1177 4975 1229 5018 mo
1244 4975 1281 5016 eu
1337 4976 1370 5018 rs.

698 5059 843 5166 segerens
864 5063 923 5129 ua
948 5083 961 5128 t
983 5063 1140 5152 namet,
1166 5067 1225 5159 aa
1246 5087 1265 5156 a
1287 5065 1445 5154 metae,
1467 5067 1527 5154 es
1548 5067 1567 5132 a
1588 5065 1759 5164 msulae
1834 5151 1859 5232 8

1311 5171 1313 5178 ·
1868 5177 1928 5273 Ῑῇ
