4398 5958
1027 309 1437 390 -558-

349 541 640 651 sempiternam.
668 534 799 634 Quam
825 527 959 624 bonus
971 525 1159 610 &suauis
1172 525 1225 612 su
1241 525 1408 634 spiritus
1423 539 1557 608 sancte
1570 527 1708 608 matris
1728 525 1920 624 Ecclesia,
1946 529 2075 614 euden-

349 671 411 736 ter
438 643 624 750 intelligit
654 642 727 750 qui
754 633 976 748 prudenter
1002 632 1186 718 aduertit.
1215 636 1323 746 Dum
1350 651 1530 722 errantes
1557 625 1659 718 filios*
1687 637 1751 743 pie
1779 636 2023 746 disciplinans
2041 645 2079 725 ad

349 765 480 842 sinum
507 778 623 836 suum
650 767 762 832 extra
790 744 903 859 quod
919 743 1035 852 salus
1076 772 1159 850 non
1195 763 1255 824 est
1288 761 1471 842 reuocat,
1512 743 1775 826 obhedientes
1817 764 1946 828 autem
1971 766 2078 856 utpote

349 861 638 954 benedictionis
664 859 767 938 filios
794 853 988 937 condecet
1014 854 1200 938 maternis
1227 852 1439 934 affectibus
1467 854 1723 962 amplectitur
1737 871 1861 964 atque
1881 856 1993 936 fouet.
2016 861 2076 940 Hoc

253 1042 255 1050 .
349 983 389 1059 in
424 976 605 1078 utrisque
632 968 795 1050 studens
821 992 957 1074 agere,
984 961 1096 1071 quod
1124 963 1244 1043 saluti
1272 964 1526 1070 congruit&
1554 963 1749 1072 profectu.
1781 965 1884 1045 Sane
1906 993 1989 1044 cum
2012 967 2077 1070 jllu·

348 1087 442 1166 stris
469 1081 661 1160 Dominus
688 1092 824 1156 noster
851 1075 1019 1180 Magnus
1041 1073 1126 1151 Rex
1153 1098 1353 1151 sweorum
1381 1072 1500 1154 talem
1526 1099 1569 1152 se
1595 1071 1827 1152 exhibuerit
1855 1075 1897 1152 in
1922 1074 2078 1156 Omnibus

349 1179 454 1276 circa
482 1191 608 1296 ipsam
635 1186 700 1267 dei
727 1184 942 1265 Ecclesiam
969 1205 1144 1288 suosque
1171 1181 1372 1261 ministros
1398 1196 1443 1263 vt
1470 1209 1564 1264 uere
1592 1179 1672 1261 dici
1703 1181 1832 1288 possit
1861 1181 2079 1263 obbediencie

349 1302 454 1384 filius
483 1297 741 1403 ministerque
781 1293 938 1387 salutis,
970 1287 1150 1372 debitum
1199 1290 1442 1389 arbitramur
1470 1291 1520 1372 ad
1562 1304 1711 1374 statum
1745 1294 1788 1368 &
1832 1299 1966 1397 p'acmn
1990 1294 2079 1399 ipsius

351 1425 471 1518 atque
499 1407 612 1512 regni
639 1405 700 1484 sui
728 1397 1046 1486 conseruandum
1080 1400 1368 1479 maximorum
1396 1401 1446 1481 de
1474 1427 1572 1506 pace
1599 1400 1781 1507 ipsorum
1802 1427 1882 1505 pax
1902 1402 2013 1480 eciam
2034 1401 2080 1480 de

257 1569 263 1578 ·
351 1517 526 1626 pendeat
553 1513 743 1608 Ecclesie,
779 1511 857 1592 sibi
884 1536 956 1617 per
983 1506 1195 1587 Ecclesiam
1223 1509 1441 1588 subueniri.
1498 1511 1723 1615 Eapropter
1758 1535 1850 1588 eum
1880 1507 1928 1587 ad
1956 1537 2082 1616 presens

351 1645 434 1709 tam
493 1625 580 1704 raui
606 1621 818 1730 depressus
831 1621 895 1730 ¹sit
923 1616 1026 1697 mole
1052 1616 1282 1698 debitorum
1311 1635 1479 1726 propter
1507 1643 1743 1724 guerrarum
1769 1605 2080 1726 inclimmodaqui·

352 1737 430 1818 bus
457 1653 749 1840 dispendiosius
775 1733 854 1808 iam
881 1724 1083 1836 aliquibus
1110 1724 1359 1834 temporibus
1386 1727 1516 1806 fuerat
1544 1727 1765 1823 inuolatus,
1794 1727 1906 1836 quod
1925 1727 2082 1832 adipson

355 1841 608 1926 liberandum
634 1839 800 1947 proprie
828 1837 953 1943 ipsius
981 1851 1049 1916 aut
1076 1836 1201 1918 eciam
1228 1837 1420 1916 laicorum
1447 1863 1612 1916 suorum
1639 1865 1723 1918 non
1750 1851 1966 1944 suppetunt
1989 1835 2079 1917 sarul-
2142 1819 2145 1936 l

355 1966 472 2048 tates,
500 1949 638 2034 Nostri
665 1944 924 2056 prouincialis
951 1944 1250 2053 approbacione
1278 1947 1437 2026 concilii
1465 1945 1651 2027 duximus
1686 1944 1950 2027 statuendum.
1993 1960 2028 2020 rt
2046 1943 2080 2022 de
2144 1943 2145 2034 ξ

356 2056 553 2144 Omnibus
578 2054 893 2165 possessionibus
919 2058 959 2133 dc
985 2052 1135 2160 prediis
1162 2053 1428 2136 Ecclesiarum
1442 2057 1557 2162 regni
1580 2055 1771 2152 swechie‚
1800 2057 1884 2134 siue
1911 2081 1975 2160 per
1997 2054 2079 2132 cleri·
2142 2039 2145 2182 J

356 2197 424 2250 oos
449 2174 542 2252 :siue
570 2193 644 2274 per
670 2164 828 2246 uillioos
853 2165 938 2248 siue
964 2188 1039 2269 per
1066 2163 1231 2242 colonos
1246 2182 1518 2270 procurantur
1531 2181 1602 2247 aut
1613 2167 1738 2246 eciam
1754 2164 1983 2244 excoluntur
1995 2159 2079 2240 send
2144 2183 2145 2198 ¹

357 2279 521 2360 inhunc
535 2274 698 2356 modum
712 2273 788 2356 sibi
802 2273 1013 2353 caritatiue
1034 2271 1254 2354 subsidium
1277 2273 1533 2380 inpendatur.
1560 2274 1683 2377 Quod
1698 2271 2001 2380 videlicetisqui
2016 2296 2079 2378 pre

359 2383 626 2485 dia·Eoclesie
652 2381 853 2464 inhabitat
877 2397 919 2462 et
945 2379 1094 2471 excolit
1121 2383 1252 2462 minus
1279 2383 1428 2464 habens
1455 2386 1501 2468 iu
1527 2383 1648 2464 bonis
1673 2382 2078 2494 quamualoremtriun
2142 2403 2145 2496 J

359 2495 608 2576 marcharum
633 2492 783 2574 usualis
806 2507 976 2572 monete.
1011 2489 1185 2572 solidum
1212 2489 1478 2585 denariorum,
1521 2496 1644 2577 trium
1685 2493 1933 2574 marcharum
1967 2489 2077 2573 haben
2144 2522 2145 2594 ρ

360 2605 550 2700 ualerem,
578 2629 692 2682 oram
717 2601 986 2682 denariorum.
1015 2625 1084 2679 sex
1100 2600 1363 2689 ‚marcharum
1402 2601 1501 2682 duas
1530 2629 1632 2684 oras.
1692 2605 1852 2687 Nouem
1878 2599 2075 2680 merebam·
2143 2623 2145 2688 ς

362 2731 442 2793 tres
470 2739 572 2794 oras.
605 2707 818 2791 duodecim
860 2706 1110 2788 marcharum
1149 2707 1355 2789 dimidiam
1398 2712 1603 2792 maroham·
1641 2711 1793 2794 mualis
1819 2709 1866 2791 u't
1893 2709 2075 2790 dictumest
2144 2705 2145 2728 ³

361 2837 518 2904 monete
548 2817 693 2902 debeat
717 2815 908 2899 exhibere
935 2819 978 2897 in
1005 2815 1228 2898 subsidium
1242 2816 1351 2900 'dicti
1391 2819 1544 2912 domini
1584 2823 1714 2909 nostri
1742 2822 1862 2930 regis.
1913 2819 1953 2900 Si
1976 2813 2074 2922 aliquis

360 2957 460 3012 uero
488 2929 579 3037 plus
606 2930 649 3008 in
675 2927 794 3009 bonis
809 2925 1025 3021 babuerit,
1051 2950 1100 3004 eo
1127 2943 1260 3006 tamen
1301 2929 1393 3035 plus
1428 2929 1685 3012 contribuere
1727 2932 1891 3016 minime
1929 2939 2070 3007 teneatur.

209 3135 214 3144 ,
319 3113 322 3121 ,
360 3042 431 3121 Sat
459 3052 661 3224 quotppot
688 3034 840 3116 fuerint
865 3035 990 3116 uillici
1016 3050 1087 3114 aut
1113 3036 1246 3117 coloni
1286 3038 1462 3120 Ecclesie
1489 3039 1530 3117 in
1558 3039 1677 3119 bonis
1719 3038 1909 3130 habentes
1935 3035 1978 3116 ad
1996 3029 2071 3109 ualo-

362 3174 448 3228 rem
476 3169 549 3252 pre
582 3144 590 3160 '
615 3159 747 3224 tarum
773 3141 985 3234 duodecim
997 3144 1260 3242 marcharum,
1287 3145 1340 3232 ad
1367 3146 1610 3256 erogandam
1626 3149 1775 3234 dictam
1800 3147 1986 3233 dimidiam
2005 3163 2071 3220 nm

364 3251 480 3338 elram
506 3250 704 3360 obligatos
730 3279 771 3342 se
798 3255 986 3348 mouerint
1012 3259 1052 3346 dr
1078 3256 1270 3337 astrictos.
1304 3257 1441 3338 'Hanc
1469 3273 1604 3338 tamen
1637 3257 1789 3344 talliam
1806 3259 1884 3351 ‘uel
1922 3251 2072 3334 collem

366 3389 438 3469 per
465 3363 755 3469 questionarios
787 3377 860 3441 aut
892 3378 1096 3444 exactores
1141 3363 1343 3471 quoslibet
1379 3366 1483 3472 exigi
1522 3383 1595 3446 aut
1619 3369 1752 3474 recipi:
1789 3364 1989 3449 dbtrictius
2010 3379 2070 3465 prr

364 3471 557 3553 bibemus.
586 3470 663 3550 nisi
688 3497 765 3577 per
789 3494 857 3551 eos
884 3481 987 3581 quos
1011 3470 1064 3552 ad
1091 3471 1169 3554 hoc
1197 3501 1270 3583 per
1296 3499 1370 3556 nos
1398 3476 1619 3582 specialiter
1639 3475 1957 3584 deputauerimus
1976 3483 2009 3547 ct
2028 3487 2069 3542 u·

367 3605 513 3688 presse·
541 3581 686 3668 Actum
715 3583 756 3659 8<
782 3581 932 3666 Datum
956 3579 1101 3691 Taelgis
1128 3610 1235 3672 anuo
1269 3584 1439 3682 bomiri
1473 3585 1779 3667 Msccauxxr
1811 3589 1943 3677 Nouo,
1965 3575 2070 3668 duim

368 3691 538 3797 septimo
563 3685 742 3786 Kalend
760 3688 1010 3770 Nouembris.
1103 3748 1107 3757 .
1717 3700 1721 3710 ’
1758 3745 1761 3754 ,
1797 3730 1801 3744 ·
1951 3733 1953 3738 ,

257 3921 261 3929 ἡ
368 3827 415 3892 Pl
435 3825 601 3902 suffundam
621 3827 723 3892 lilim
740 3821 932 3901 elembddio
951 3827 1036 3900 seclo
1052 3845 1169 3974 ,niueumque
1188 3831 1340 3972 rugel&
1360 3833 1494 3931 prelatos
1514 3853 1577 3917 (1¹10
1597 3833 1637 3896 ad
1657 3818 1781 3918 soledos
1807 3829 1985 3921 pultium
1999 3816 2022 3898 ,ἃ
2037 3833 2071 3888 ll*

1050 3928 1083 3980 .0.
1125 3929 1214 3974 mum
1296 3933 1445 3996 ruregm.
1680 3955 1684 3969 ·
1753 3967 1757 3974 .
1802 3948 1822 3986 3

639 4019 780 4101 samaa:
800 4023 860 4102 mo
881 4039 895 4100 r
919 4016 1059 4114 nausa
1079 4020 1139 4100 uo
1159 4019 1179 4088 a
1198 4021 1367 4103 ursinae
1389 4024 1428 4088 aa
1447 4026 1582 4108 affigas
1602 4027 1652 4092 vu
1668 3997 1858 4104 ‘sumina

375 4249 515 4392 6¹92}
725 4284 784 4362 sp
1005 4288 1056 4333 ··
1145 4255 1496 4407 '1279,„··s
1822 4322 1824 4328 .
1955 4235 2070 4378 Trige

449 4458 733 4544 Shtlgffi'fiffimde
753 4459 994 4560 1)ῑῶθέἂῆΡῆ
1014 4436 1181 4542 *leemites
1200 4464 1252 4544 rid
1273 4405 1481 4551 llprlomo'tet
1500 4472 1510 4528 i
1531 4467 1632 4548 Telge.
1747 4497 1771 4510 ‚.
1805 4499 1809 4514 ι
1837 4505 1842 4512 -

949 4607 1113 4706 Statum
1140 4615 1291 4711 concilii
1313 4585 1564 4722 tergeremus<

490 4779 512 4840 ·,
535 4747 654 4833 'Zelus
680 4747 823 4830 domus
848 4743 917 4837 dei
942 4753 983 4831 Bt
1008 4752 1227 4846 animarum
1242 4767 1246 4774 ’
1264 4739 1453 4860 pericula
1482 4735 1842 4864 no's'eompsllunl
1872 4754 1949 4942 'pro
1991 4729 2070 4838 „port

1845 4495 1918 4599 Ram
1935 4540 1984 4594 uir.

1894 4855 1938 4940 eil
1961 4853 1982 4961 J
1997 4842 2069 4942 'lilla

375 4877 475 4938 eura
494 4859 678 4970 *sugere
704 4875 750 4942 rt
776 4855 934 4965 vigilem
955 4853 1346 4964 „sollicitudinamim
1372 4847 1548 4988 stlidium
1562 4839 1778 4965 habramius
1794 4858 1878 4960 ebal
