4398 5958
790 423 848 447 -··
958 346 1283 468 515'-,

103 537 235 717 oar.
392 741 398 750 Ι
510 608 517 622 ’
643 567 648 578 ⁸
753 557 1286 768 1277·u...toa‘
1652 611 1939 767 Sumdgar

182 831 296 907 liuor,
317 827 507 910 Konmgens
527 827 647 894 Broder
665 829 730 914 oeli
750 829 892 908 muno,
911 828 1042 892 mnis
1061 849 1102 893 cu
1118 827 1201 913 Μ
1223 830 1359 913 itamar
1376 831 1500 914 meten
1521 828 1587 912 oabv
1602 831 1701 900 adro
1720 836 1888 912 inionem
1923 859 1931 894 ι

211 910 473 1000 ’ἥῑὶιίιιῆωάο
493 912 591 992 alett
612 921 679 996 uytt
700 913 880 976 Kanonilat
900 912 912 972 i
932 911 1105 994 Strengntls.
1224 1019 1226 1027 .
1537 955 1565 1053 Α.
1594 995 1656 1070 Β..
1684 1011 1743 1055 Μ
1845 965 1849 972 .
2057 927 2061 943 ’

261 1125 493 1207 Wniuersis
520 1126 659 1209 christi
687 1125 873 1209 fidelibus
900 1140 982 1208 tam
1018 1127 1191 1236 posteris
1214 1157 1336 1240 quam
1376 1124 1581 1214 modernis
1608 1129 1662 1214 ad
1688 1161 1792 1245 quos
1819 1135 1886 1216 lit·

96 1255 180 1318 tere
209 1255 414 1347 presentes
442 1232 689 1336 devenerint.
719 1236 958 1319 Benedictus
987 1235 1112 1320 frater
1135 1243 1175 1320 8(
1191 1235 1453 1332 cancellarius
1481 1239 1650 1350 Jllustris
1664 1245 1769 1352 regis
1784 1271 1887 1326 swe-

97 1375 224 1430 orum.
253 1347 422 1428 salutem
458 1347 496 1428 ‘n
525 1347 706 1428 omnium
733 1347 946 1430 saluatorc.
983 1349 1154 1430 Nouerit
1181 1365 1263 1436 tam
1291 1376 1456 1464 presens
1484 1364 1569 1435 etas
1596 1381 1719 1461 quam
1747 1355 1891 1461 futura

97 1461 320 1569 posteritas.
352 1377 466 1568 quod
495 1458 647 1538 curiam
673 1477 852 1558 nostram
879 1486 1002 1539 norer
1025 1457 1147 1540 sitam
1173 1461 1215 1540 in
1245 1462 1437 1572 parochia
1466 1459 1516 1548 de
1551 1462 1650 1574 lung
1692 1493 1785 1547 cum
1818 1494 1887 1547 co·

97 1570 200 1651 lonis
228 1570 340 1650 siluis
382 1569 563 1677 piscariis
593 1572 718 1678 pratis
754 1575 793 1649 8(
821 1569 1008 1650 omnibus
1039 1569 1126 1651 aliis
1154 1570 1413 1679 pertinenciis
1442 1573 1495 1656 ad
1523 1572 1727 1684 quandam
1761 1605 1884 1659 cano·

96 1681 203 1760 niam
232 1679 282 1760 de
319 1705 431 1759 nouo
473 1669 696 1761 faciendam
747 1678 910 1781 ecclesie
951 1683 1230 1791 strengenensi
1272 1686 1347 1764 assi
1376 1711 1515 1766 namus
1559 1689 1599 1765 8(
1642 1683 1886 1790 conferimus
2023 1701 2030 1714 “

97 1790 186 1898 jure
200 1806 400 1900 perpetuo
426 1788 718 1898 possidendam.
738 1791 922 1899 ,Jnsnper
952 1807 1224 1899 protestamur
1252 1798 1291 1874 8(
1320 1714 1544 1903 obligamus
1558 1819 1646 1877 'nos
1678 1795 1807 1886 eidem
1823 1824 1886 1878 cc·

17 1947 23 1959 ι
96 1902 213 1982 clesie
242 1901 514 2008 assignaturos
542 1917 604 1979 tot
648 1899 813 1981 colonos
841 1903 912 2009 qui
941 1899 993 1979 ad
1022 1928 1092 1982 cor
1124 1931 1170 1982 us
1198 1904 1322 2010 ipsius
1351 1907 1519 1986 canonic
1553 1905 1695 2016 viginti
1736 1905 1886 2006 thino·
2003 1935 2008 1946 ’
2053 1905 2057 1912 ’

2 2020 3 2023 ‘
95 2040 167 2092 nes
203 2038 334 2091 anone
378 2009 609 2120 persoluent
653 2017 859 2091 annuatim
888 2039 980 2092 cum
1009 1930 1179 2092 totidem
1215 2013 1388 2096 denariis
1423 2012 1570 2098 vsualis
1612 2035 1771 2098 monete
1813 2021 1886 2127 qui

95 2151 186 2203 cum
215 2138 277 2202 tot
305 2106 563 2219 thinonibus.
586 2120 702 2204 reddi
730 2122 862 2202 solent
890 2122 1109 2204 secundum
1126 2139 1233 2204 terre
1248 2126 1579 2207 consuetudinem
1608 2125 1886 2235 approbatam.
1979 2153 1981 2156 ·
2088 2141 2090 2148 ’

95 2260 197 2344 quos
226 2230 354 2313 eidem
382 2229 547 2312 ecclesie
575 2260 697 2340 super
732 2232 810 2312 hoc
837 2233 976 2315 habita
1019 2229 1317 2316 deliberacione
1346 2234 1635 2346 assignabimus
1663 2241 1703 2318 8(
1731 2235 1886 2346 specili-
1992 2292 1995 2306 ι

95 2327 275 2424 cabimus
303 2343 406 2423 infra
435 2342 594 2451 pascha.
625 2343 686 2422 Ne
715 2360 849 2422 autem
864 2344 1036 2426 donacio
1051 2361 1133 2423 tam
1159 2346 1235 2426 rite
1250 2344 1355 2426 facta
1384 2345 1500 2455 lapsu
1529 2346 1721 2454 temporis
1750 2366 1887 2454 posset

93 2453 138 2561 jn
166 2453 336 2535 dubium
364 2453 559 2533 reuocari.
602 2449 654 2532 ad
683 2471 920 2562 perpetuam
968 2455 1026 2534 rei
1077 2454 1306 2535 memoriam
1339 2455 1492 2538 litteras
1520 2468 1725 2565 presentes
1753 2455 1886 2566 sigillo

43 2579 234 2650 :nostro
263 2569 302 2643 8(
341 2561 657 2643 reuerendorum
679 2565 863 2670 ‘patrum
906 2563 1070 2644 domini.
1106 2568 1152 2643 A.
1182 2568 1362 2675 episcopi
1405 2567 1712 2674 strengenensis.
1742 2571 1783 2646 8(
1810 2565 1885 2648 do·

94 2675 203 2752 mini.
233 2677 285 2754 K.
315 2703 337 2753 e
367 2675 494 2781 iscopi
522 2673 705 2752 aboensis
734 2673 899 2754 fecimus
927 2675 1101 2783 sigillari.
1130 2689 1174 2753 vt
1189 2677 1318 2758 omnis
1347 2676 1884 2784 dubietatis&negligencie

46 2835 50 2843 ›
93 2786 259 2866 materia
288 2703 546 2865 subtrahatur
576 2799 656 2862 tam
686 2783 856 2890 posteris
885 2781 1246 2891 quam‘modernis.
1286 2787 1430 2873 Datum
1461 2785 1634 2884 Sundbir
1662 2786 1786 2866 Anno
1811 2787 1919 2898 dod⁴
1968 2811 1975 2825 ’

95 2895 191 2973 mini
219 2892 622 2974 M⁰.CC⁰.LXX⁰Vll.
652 2955 661 2973 .
691 2950 700 2968 .
731 2955 739 2972 .
769 2892 846 2973 kal.
876 2893 1082 3001 februarii.

299 3034 347 3098 Pt
367 3033 540 3096 srdusidau:
563 3035 610 3095 De
631 3034 836 3116 acquisicione
857 3037 941 3096 curie
961 3056 1054 3096 norer
1077 3036 1106 3120 ju
1127 3033 1233 3115 lungh.
1293 3035 1393 3098 littere
1415 3032 1573 3120 prebende
1594 3055 1680 3100 nora.

107 3148 254 3231 Sigillen:
275 3153 334 3212 Nm
360 3169 385 3227 t,
407 3147 460 3209 det
481 3167 598 3210 samma
620 3168 685 3208 som
706 3147 805 3209 under
826 3151 885 3210 Ντο
905 3148 978 3226 621,
1000 3151 1059 3210 Nso
1080 3149 1099 3216 3
1120 3148 1265 3230 andeligt
1288 3149 1386 3230 begga
1404 3147 1552 3225 sladadc3
1575 3151 1634 3213 Nto
1656 3170 1675 3210 α
1697 3148 1865 3214 bortfallet

92 3511 228 3621 623.
362 3455 413 3634 ,Ι
710 3548 857 3652 1277
906 3509 1070 3636 d.2r
1124 3509 1271 3618 Febr

175 3731 407 3794 strutiones
429 3733 440 3791 i
460 3730 560 3792 Linld
583 3733 635 3810 ing
655 3727 807 3810 ffirtsning
838 3727 876 3790 af
902 3727 1153 3814 Bislopsbordets
1173 3711 1321 3794 belismon
1342 3729 1531 3815 srullatlrorp
1550 3729 1611 3794 och
1633 3725 1814 3816 Kusatltorp
1834 3732 1890 3794 till'

226 3815 342 3876 uusou
362 3813 501 3881 Hermod
523 3812 547 3872 fr
614 3811 750 3893 Hesleby
770 3813 811 3896 pa
833 3810 975 3880 lilstiden.
1613 3890 1635 3955 B
1663 3894 1688 3948 3·
1705 3897 1747 3967 ⁴4

217 4075 225 4090 ·
258 4033 308 4110 H.
341 4029 405 4111 dei
435 4031 566 4138 gracia
598 4027 840 4134 lincopensis
867 4027 1081 4133 episcopus
1108 4029 1306 4109 uniuersis
1333 4028 1386 4109 ad
1413 4051 1518 4138 quos
1556 4025 1689 4114 littere
1711 4053 1885 4156 prosena

88 4159 150 4221 tes
180 4143 440 4252 peruenerint
468 4139 636 4220 salutem
665 4137 706 4214 in
737 4135 912 4218 domino.
944 4135 1204 4220 Notilicamus
1228 4138 1348 4220 robis
1374 4155 1517 4226 tenore
1545 4153 1739 4251 presentis
1768 4142 1881 4248 quod
1933 4153 1941 4171 ⁸

88 4281 166 4334 nos
194 4249 379 4333 hermodi
406 4250 538 4332 villice
567 4263 703 4328 nostre
732 4247 782 4327 de
810 4245 977 4344 heslabir
1006 4244 1060 4327 ob
1083 4256 1452 4338 remuneracionem
1479 4245 1627 4330 laboris
1654 4250 1718 4327 sul
1745 4251 1883 4330 omnia

87 4362 200 4443 bona
235 4362 398 4443 mobilia
426 4365 465 4440 8(
494 4357 714 4440 immobilia
744 4359 786 4436 iu
813 4355 1059 4465 gullatborp.
1089 4362 1128 4436 8(
1158 4358 1377 4466 cusathorp
1404 4385 1479 4437 nos
1507 4362 1547 4437 8(
1573 4357 1777 4444 ecclesiam
1807 4385 1880 4439 no·

88 4491 217 4556 stram
246 4473 598 4580 iustoempoionis
626 4466 746 4549 titulo
774 4466 1057 4585 contingcncia
1080 4467 1348 4577 quoadusque
1362 4469 1518 4558 vixerit.
1546 4468 1623 4548 hoc
1637 4467 1751 4550 saluo
1825 4467 1880 4551 od

88 4602 186 4694 post
215 4599 382 4666 mortem
410 4583 523 4664 suam
552 4579 604 4662 ad
632 4605 706 4659 nos
735 4585 773 4658 8(
801 4577 1004 4658 ecclesiam
1039 4594 1217 4668 nostram
1263 4580 1419 4687 integre
1465 4593 1732 4660 reuertentur.
1790 4577 1887 4659 uxi-l
1969 4614 1970 4620 Ν

86 4723 181 4776 mus
209 4691 476 4779 concedenda.
507 4690 573 4771 Ob
601 4688 848 4780 euidenciam
878 4691 1163 4797 premissorum
1195 4688 1369 4795 sigillum
1413 4705 1593 4772 nostrum
1624 4689 1880 4796 presentibus
1914 4680 1937 4734 ·’
1986 4761 1989 4766 .

88 4801 378 4916 appendentes.
410 4805 567 4914 Datum.
598 4807 717 4880 Anno
746 4801 798 4881 ab
827 4800 1111 4890 incarnacione
1140 4797 1295 4906 dominj
1323 4797 1543 4882 MGCLXX
1570 4801 1740 4908 septimo
1768 4819 1891 4880 nono.

513 4915 520 4923 ι

87 4918 170 5007 kal.
197 4913 347 5033 marcij.
1369 5040 1372 5047 Ι
1485 4953 1488 4961 v
