4384 5946
870 389 1504 536 Δ-“34---’

279 669 379 752 chiis
407 662 809 748 &omnituentes
837 659 1062 744 mobilibus·
1081 661 1145 742 vel
1173 661 1467 756 immobilibus,
1496 685 1586 740 cum
1610 661 1820 769 'mancipiis
1856 661 2070 774 utriusque·

277 789 414 875 sexus,
447 775 651 885 possidere
679 781 719 856 8(
745 792 902 871 tenere,
933 797 1053 882 quam
1083 774 1159 880 piae
1189 775 1390 854 memoriae
1410 773 1640 878 Gregorius
1669 788 1893 852 antecessor
1928 792 2069 869 nostem
2106 795 2110 802 '

279 889 500 970 Anschario
528 887 769 967 antecessori
798 903 886 981 tuo,
917 910 1036 992 quem
1066 885 1425 992 Archiepiscopum
1457 885 1499 963 in
1535 900 1611 962 tua·
1644 879 1848 966 'ordinavit
1885 883 2082 982 ¹Ecclesias-

276 1002 488 1095 concessit,
517 997 693 1078 stabilito
722 996 871 1075 scilicet
897 994 1003 1102 jure,
1033 1001 1071 1078 8(
1100 997 1252 1076 cunctis
1281 996 1427 1076 finibus
1457 1013 1556 1103 quas
1571 992 1811 1074 Lodewicus
1826 993 1902 1099 piae
1918 995 2069 1090 memo-'

276 1110 347 1192 riae
374 1112 597 1218 Imperator
624 1113 664 1187 8(
692 1105 934 1187 Ludewicus
963 1105 1048 1213 ejus
1077 1106 1181 1185 lilius
1210 1123 1319 1186 tuam
1347 1105 1561 1187 voluerunt
1589 1104 1736 1186 habere
1764 1102 1994 1200 Ecclesiam,
2022 1112 2058 1188 8(
2174 1139 2175 1146 ¹

275 1220 473 1329 imperiali
502 1218 749 1300 diffinierunt
777 1233 983 1324 potestate.
1049 1217 1309 1296 Decernimus
1338 1233 1472 1297 eutem
1499 1234 1545 1296 ut
1572 1233 1808 1322 potestatem
1836 1214 1981 1296 habeas
1994 1244 2057 1297 or·

273 1330 443 1416 dinandi
470 1331 693 1437 Episcopos
720 1327 824 1407 infra
852 1346 962 1408 tuam
991 1326 1221 1434 parochiam
1245 1333 1285 1408 8(
1313 1325 1511 1421 diocesin,
1541 1328 1596 1406 ita
1623 1343 1757 1406 tamen
1800 1342 1846 1405 ut
1880 1327 1954 1406 sub
1996 1346 2060 1407 tua

275 1463 447 1549 tuaequae
476 1442 660 1522 Ecclesiae
688 1439 795 1518 salva
824 1438 1017 1544 dignitate
1046 1440 1170 1548 ipsius
1204 1457 1395 1520 maneant
1431 1451 1638 1546 potestate.
1712 1436 1755 1517 Si
1796 1437 1888 1544 quis
1932 1456 2060 1518 autem

276 1569 418 1634 contra
445 1548 566 1658 hujus
582 1569 749 1658 ¹nostrae
769 1551 1016 1648 auctoritatis
1045 1551 1301 1656 privilegium
1330 1553 1388 1630 ire
1416 1548 1687 1656 temptaverit,
1717 1553 1756 1627 8(
1771 1549 2061 1656 quoquomodo
2101 1641 2102 1644 Ν

200 1659 224 1694 ³
275 1665 320 1746 in
347 1681 477 1771 parte,
505 1662 569 1743 vel
598 1664 640 1742 in
668 1679 756 1742 toto
784 1659 967 1767 frangere
994 1657 1124 1768 jussus
1154 1660 1286 1754 fuerit,
1316 1660 1681 1741 excommunicatus
1708 1685 1732 1738 a
1759 1683 1932 1764 corpore
1948 1664 1987 1740 8(
2003 1661 2060 1740 vi-

275 1774 394 1855 vifico
423 1776 615 1879 sanguine
643 1772 805 1852 Domini
832 1772 961 1868 nostri
988 1772 1083 1859 Jesu
1111 1771 1260 1851 Christi
1288 1776 1328 1850 8(
1355 1789 1499 1850 sanctae
1529 1769 1603 1848 Dei
1642 1768 1826 1876 Ecclesiae
1869 1767 1982 1850 aditu
2024 1778 2061 1854 &
2106 1807 2112 1813 ·

276 1887 542 1980 conventione
571 1901 787 1993 separatus.
845 1881 1094 1964 Observator
1122 1877 1260 1961 autem
1282 1881 1402 1988 hujus
1434 1897 1581 1961 nostrae
1609 1879 1903 1960 ammonitionis
1928 1885 1968 1960 8(
1980 1879 2060 1987 jus·

275 1997 397 2079 aionis
425 1996 570 2077 babeat
596 1993 916 2076 benedictionem
945 1993 1244 2100 Omnipotentis
1273 1993 1359 2087 Dei,
1388 1993 1677 2099 beatorumque
1705 1990 1997 2099 Apostolorum
2027 1999 2065 2072 8(

198 2160 216 2216 ¹.
274 2123 468 2202 nostram,
497 2108 569 2216 qui
597 2131 739 2186 eorum
769 2103 973 2208 fungimur
1002 2103 1268 2185 vicariatione.
1328 2103 1530 2210 Scriptum
1560 2129 1632 2209 per
1669 2129 1828 2181 manum
1871 2101 2064 2182 Joharmis

275 2217 512 2300 Cancellarii
541 2219 694 2300 Sanctae
723 2215 912 2295 Romanae
934 2215 1130 2312 Ecclesiae,
1154 2215 1203 2306 ,in
1230 2214 1365 2295 Mense
1393 2213 1526 2312 Junio,
1558 2211 1782 2294 Indictione
1810 2239 1930 2294 nona.

1544 2371 1560 2406 d

289 2651 373 2756 ¹9·
858 2618 888 2736 J
973 2623 1122 2739 1044
1170 2612 1185 2714 i
1230 2607 1377 2714 Mara.

272 2876 274 2880 .
354 2829 447 2894 Pan.
471 2827 660 2892 Berenicrus
683 2829 754 2893 lxta
775 2815 937 2892 Fultmatt
959 2833 1009 2893 lbi·
1034 2833 1114 2894 Bisl.
1138 2833 1300 2894 Auream
1322 2833 1333 2892 i
1354 2829 1518 2914 Hamburg
1550 2838 1595 2888 att
1629 2845 1706 2887 vara
1742 2827 1840 2908 Legat
1871 2825 1934 2888 ocb
1968 2825 2065 2890 dric-

277 2993 282 3002 ἱ
401 2913 516 2996 Biskop
536 2913 627 2976 dfver
648 2913 778 2997 Sverige
797 2913 858 2976 och
879 2914 977 2976 andra
998 2914 1152 2978 Not-diska
1172 2915 1283 2977 Riken.
1813 2991 1839 3044 K
1867 2991 1920 3062 393

393 3081 396 3086 ’
436 3062 696 3160 Bnusmcrus,
726 3065 949 3173 Episcopus
977 3071 1016 3144 8(
1045 3065 1193 3144 Servus
1224 3064 1439 3143 Servorum
1470 3063 1562 3158 Dei,
1578 3062 1903 3143 reverentissimo
1921 3079 1964 3140 et
1979 3089 2067 3142 san·
2124 3097 2126 3100 ·

251 3173 449 3254 'missino
486 3168 709 3255 Adalberto
740 3191 888 3254 sanctae
917 3175 1294 3280 Hammaburgensis
1324 3174 1508 3255 Ecclesiae
1536 3174 1757 3281 Episcopo,
1789 3173 2068 3278 Apostolicam

270 3279 600 3365 benedictionem.
659 3286 701 3364 si
729 3287 911 3366 Pastores
938 3287 1076 3366 ovium
1099 3284 1223 3366 solem
1238 3282 1410 3393 geluque
1425 3312 1501 3393 pro
1517 3287 1648 3390 gregis
1663 3285 1725 3364 sui
1740 3283 1925 3400 custodia
1941 3283 2068 3364 dicae

270 3413 388 3476 nocte
416 3393 511 3473 ferri
540 3397 718 3475 contenti
747 3413 859 3493 sunt,
887 3413 927 3476 et
955 3415 1078 3477 utne
1106 3424 1188 3504 qua
1215 3423 1264 3476 ex
1294 3397 1349 3474 eis
1377 3413 1446 3475 aut
1474 3395 1646 3476 errando
1676 3412 1832 3503 pereat,
1862 3411 1937 3474 aut
1975 3394 2068 3474 feri·

270 3511 333 3586 nis
377 3504 522 3584 laniata
566 3506 766 3587 morsibus
808 3512 1006 3616 rapiatur,
1036 3508 1163 3608 oeulis
1204 3533 1359 3614 semper
1403 3507 1661 3614 vigilantibus
1704 3507 2065 3612 circumspectant,

271 3633 427 3725 quanto
455 3613 613 3713 sudore,
643 3634 875 3727 quantaque
903 3646 1002 3698 cura
1030 3617 1221 3698 debemus
1253 3645 1336 3698 esse
1359 3617 1675 3725 'pervigiles‘nos
1691 3617 1762 3729 qui
1778 3634 1968 3722 pastores
1985 3617 2070 3695 ani:

271 3751 431 3807 marum·
456 3725 646 3823 dicimur,
675 3746 721 3808 ut
749 3729 1019 3825 attendamus,
1049 3735 1088 3808 8(
1116 3745 1344 3837 susceptum
1374 3729 1551 3810 officium
1580 3727 1770 3808 exhibere
1799 3754 1895 3832 erga
1926 3745 2068 3808 custo·

117 3903 124 3924 .
218 3869 221 3874 ·
269 3838 375 3920 diam
405 3836 694 3918 dominicarum
723 3841 858 3920 ovium
885 3867 968 3919 non
996 3865 1204 3933 cessemus,
1234 3857 1299 3918 ne‘
1313 3840 1356 3918 in
1385 3839 1452 3920 die
1478 3839 1604 3938 divini
1618 3838 1809 3918 examinis
1824 3865 1901 3945 pro
1924 3857 2070 3919 nostra

269 3947 421 4030 desidia
449 3963 540 4026 ante
569 3976 768 4028 summurn
796 3951 999 4031 Pastorem
1028 3950 1280 4058 negligentiae
1310 3967 1443 4030 reatus
1472 3949 1700 4044 excruciet,
1721 3947 1830 4030 unde
1846 3949 1977 4030 modo
1994 3948 2069 4030 bo

267 4063 378 4140 noris
407 4060 635 4138 venerantia
663 4061 912 4141 sublimiores
941 4063 1045 4142 inter
1073 4078 1243 4141 coeteros
1271 4060 1507 4168 judicamur.
1534 4112 1537 4121 ·
1566 4062 1825 4166 [negationem
1854 4061 1998 4167 lgitur·
2028 4074 2069 4140 et

266 4169 658 4278 Archiepiscopalem
686 4189 924 4278 potestatem
953 4174 996 4251 in
1024 4173 1158 4252 omnia
1188 4173 1325 4278 Regna
1354 4170 1709 4279 septentrionalia,
1747 4172 1885 4278 Regna
1924 4174 2071 4252 Dano-

267 4308 358 4362 rum
385 4281 554 4378 scilicet,
584 4281 825 4380 Svenorum,
855 4285 1157 4378 Norvenorum,
1187 4281 1515 4364 Hislandicorum
1540 4287 1597 4363 8(ι
1616 4283 1794 4362 omniurn
1836 4283 2071 4362 insularmm

265 4389 343 4473 hiis
371 4393 519 4500 Regnis
554 4390 837 4500 adjacentium,
880 4397 955 4476 tibi
983 4401 1023 4475 8(
1065 4394 1252 4475 omnibus
1289 4394 1594 4474 successoribus·
1633 4394 1711 4498 tuis
1734 4399 1963 4502 perpetuo
2011 4411 2072 4474 te-

264 4499 397 4583 nenda
425 4503 690 4585 concedimus.
746 4504 916 4586 Pallium
946 4533 1110 4614 quoque
1132 4505 1337 4584 censenti
1364 4523 1443 4584 tuae
1472 4504 1522 4585 ad
1566 4505 1777 4584 missarum
1805 4504 2071 4613 sollempnia

265 4613 503 4696 celebranda
531 4641 579 4694 ex
607 4637 754 4697 amore·
769 4618 1093 4713 trammittimus,
1122 4614 1245 4724 qnod·
1264 4615 1338 4696 tibi
1367 4643 1453 4696 non
1480 4616 1595 4695 aliter
1611 4615 1807 4696 ,Ecclesiae
1835 4617 2071 4724 tuaesprivi·
2171 4615 2175 4636 ¹

44 4801 49 4808 .
143 4739 152 4748 “
265 4723 379 4832 legiis
409 4725 451 4802 in
475 4751 553 4805 suo
583 4745 687 4807 statu
717 4729 976 4810 manentibus.
998 4729 1058 4808 uti
1088 4724 1306 4834 largimur,
1328 4727 1406 4806 nisi
1433 4725 1686 4808 solummodo
1722 4730 1766 4805 in
1805 4725 1871 4807 die
1891 4744 2070 4808 ,sanctae

265 4863 325 4916 ac
340 4834 907 4938 venerandae-resurrectionis
936 4840 1099 4921 Domini
1128 4837 1223 4918 Jesu
1251 4837 1517 4934 Christi,ia'eu
1546 4836 1804 4918 insuamlitiis
1825 4838 2067 4944 Apostolo-

218 5021 221 5030 ,
255 4973 372 5060 tum,
400 4957 522 5058 atque
548 4947 655 5030 beati
678 4951 870 5060 *Baptistae
899 4949 1109 5049 lobannis,
1136 4975 1214 5032 nec
1238 4977 1324 5034 non
1351 4951 1395 5030 in
1422 4951 1691 5058 assumptione
1719 4968 1863 5030 sanctae
1892 4949 1978 5031 Dei
1996 4975 2070 5058 ge·
2150 5029 2152 5035 Α
