4404 5960
546 577 556 591 .
1024 545 1085 570 ··
1191 501 1273 597 434
1382 547 1444 576 -ι

296 729 486 890 Ιόιὸω
661 678 666 687 Ι
933 667 1498 842 erosa-retal
1899 674 2067 856 Calon.

305 1025 307 1030 ,
386 1009 388 1016 .
425 949 504 1024 stu
528 935 794 1032 tegernseae
815 951 931 1020 cuma
952 953 1056 1038 eppo
1076 953 1223 1018 narem
1237 973 1304 1018 2100
1325 953 1434 1038 angen
1453 949 1526 1020 ner
1547 937 2069 1045 sisineuupusnnyn

391 1143 394 1149 ·
472 1035 656 1173 bqggped
689 1129 699 1169 i
782 1070 785 1078 Α
1021 1049 1026 1053 '
1834 1116 1854 1174 B
1883 1133 1906 1172 a·
1921 1136 1963 1177 aar

398 1316 405 1330 .
484 1252 717 1336 ‘Vniuersis
744 1251 882 1335 christi
909 1249 1097 1335 fidelibus
1125 1278 1198 1362 per
1225 1278 1395 1361 regnum
1421 1251 1566 1334 sweeie
1608 1252 1832 1334 constitutis
1870 1251 1979 1336 irater
2011 1263 2071 1364 gri-

341 1363 402 1452 do
427 1367 503 1446 &c
528 1365 612 1444 lile
638 1365 730 1444 med
754 1361 837 1445 Neo
867 1364 946 1469 519
974 1367 1040 1446 till
1066 1365 1169 1444 Cum
1196 1363 1322 1471 igitur
1350 1359 1514 1446 ecelesia
1541 1361 1761 1471 tpsalensis
1783 1366 2011 1474 reparatione
2032 1372 2073 1447 in·

342 1473 480 1583 digeat
507 1500 583 1557 nee
598 1470 652 1553 ad
665 1476 964 1581 reparacionern
979 1474 1103 1584 ipsius
1117 1471 1281 1556 ecclesie
1295 1471 1457 1556 illorum
1472 1501 1646 1583 quorum
1661 1500 1749 1556 eam
1762 1474 1916 1558 interest
1928 1501 2073 1584 reparare

341 1585 510 1693 proprie
536 1596 758 1692 suppetant
784 1582 996 1666 facultates
1028 1585 1328 1667 uniuersitatem
1372 1599 1555 1664 vestran
1567 1611 1753 1692 rogamus
1768 1588 1839 1669 &e
1853 1587 1914 1672 till
1924 1589 2073 1694 erogetis,

293 1755 303 1774 .
340 1696 397 1803 jto
424 1693 538 1810 qnod
565 1721 639 1803 per
665 1694 981 1779 subueneionem
1008 1712 1185 1776 uestram
1211 1695 1448 1777 &aliarum
1475 1693 1789 1780 fidelium.diota
1814 1711 1938 1804 posset
1951 1696 2073 1778 eeclesia

316 1807 526 1914 ‚reparari
549 1811 589 1886 δι’
617 1830 691 1886 uos
718 1833 793 1915 per
823 1805 898 1889 hec
927 1811 965 1890 &
993 1806 1073 1887 alia
1094 1805 1208 1888 bona
1229 1809 1313 1886 bro.
1339 1807 1412 1887 ocla
1439 1807 1584 1888 othim
1612 1807 1725 1888 ἄηᾰα
1751 1809 1818 1892 till
1842 1807 1978 1888 Datum
2013 1806 2081 1884 Cal·'

236 2023 239 2038 Ι
341 1943 468 1999 marn.
495 1914 603 2023 jdus.
616 1916 703 1998 iulii
731 1917 992 2028 pontificatus
1019 1914 1174 2001 domini
1200 1911 1409 1999 'elementis
1438 1941 1547 1998 uano
1573 1915 1766 2001 secundo.

223 2391 227 2398 .
348 2255 511 2449 517.u
760 2444 763 2455 Ι
984 2307 1135 2414 1266
1179 2305 1228 2412 d.
1285 2300 1495 2414 16Jul.
1797 2265 2077 2411 s'Calmar.

415 2509 503 2586 'P‘tu
524 2524 679 2608 Legaten,
701 2523 792 2588 card.
813 2525 929 2587 Gumos
951 2525 1088 2588 ellstand
1109 2527 1159 2588 ser
1179 2525 1323 2590 Kanilen
1344 2528 1491 2610 Magister
1510 2509 1661 2590 lonenses
1682 2527 1693 2587 i
1714 2523 1816 2589 Slarn
1836 2537 1880 2589 att
1900 2535 1951 2608 iga
1967 2526 2004 2585 sin
2018 2525 2078 2582 ianr·

454 2607 628 2670 bairands
648 2607 806 2692 prebenda
825 2606 887 2672 och
907 2619 952 2671 att
972 2619 1110 2692 managa
1131 2608 1230 2672 andra
1250 2612 1349 2692 syslor
1374 2612 1408 2673 aa
1435 2611 1523 2692 linge
1553 2609 1644 2696 decas
1672 2609 1851 2693 ai'testning
1871 2609 1897 2692 ej
1917 2607 2039 2684 divertet
2051 2601 2078 2661 5⁰

474 2690 579 2772 lediga
598 2691 689 2753 anari
710 2691 822 2754 silsver.
1142 2719 1146 2726 ·
1816 2771 1854 2827 A·
1873 2789 1897 2828 h
1913 2769 1939 2826 ὼ
1953 2767 1990 2827 65.

476 2961 480 2968 -
507 2905 652 2986 Frater
681 2905 818 2987 Guido
846 2905 1101 2988 Miseratione
1128 2906 1269 2990 diuina
1297 2924 1344 2989 tt.
1402 2907 1539 2988 Sancti
1568 2907 1757 2988 laurentii
1784 2909 1830 2989 in
1844 2907 1981 2988 lucina
2007 2921 2079 3007 pres·

341 3018 447 3101 biter
475 3014 691 3119 cardinalis
719 3017 939 3126 apostolice
966 3015 1072 3115 sedis
1103 3019 1139 3100 le
1168 3035 1257 3100 atus
1286 3018 1434 3117 dilecto
1462 3016 1546 3097 filio
1584 3017 1777 3126 Magistro
1814 3015 1980 3101 iohanni
2001 3032 2081 3130 carne¹

340 3130 449 3207 nico·
462 3128 637 3207 scarensi
663 3127 831 3209 salutem
859 3129 902 3208 in
929 3126 1106 3209 domino.
1124 3047 1305 3238 dignum
1333 3145 1394 3210 est
1421 3128 1690 3210 benemeritos
1711 3129 1930 3211 exibitione
1949 3119 2082 3226 conplet

282 3297 283 3302 Ν
341 3239 581 3321 Gratiarum
608 3254 656 3318 ut
683 3265 824 3321 eorum
852 3239 1039 3346 exemplo
1066 3241 1189 3322 ceteri
1219 3239 1271 3322 ad
1300 3239 1451 3322 cultum
1491 3237 1683 3320 anhelent
1723 3242 1924 3321 virtutum
1949 3231 2027 3344 jode
2046 3241 2083 3306 ut

340 3343 453 3458 quod
481 3376 558 3431 nos
585 3363 654 3429 tue
678 3346 899 3457 probitatis
930 3353 1070 3433 merita
1098 3349 1249 3461 quibus
1277 3349 1405 3458 polles
1432 3378 1519 3432 non
1551 3348 1716 3458 indigne
1736 3364 1950 3460 pensantes
1975 3363 2084 3448 acprr

341 3485 407 3543 ces
436 3484 538 3569 quas
564 3459 805 3541 uenerabilis
833 3474 951 3568 pater
991 3462 1206 3571 episcopus
1254 3460 1497 3570 lincopensis
1538 3489 1615 3570 pro
1644 3461 1833 3542 tenebis
1876 3451 2083 3541 affectuosius

339 3570 524 3680 porrexit
550 3569 723 3679 procide
751 3569 1001 3674 attendentes
1029 3589 1069 3676 te
1097 3573 1245 3678 Gracia
1279 3572 1442 3682 speciali
1470 3571 1664 3685 prosequi
1708 3572 1898 3679 uolumus
1925 3584 1963 3650 et
1985 3563 2085 3643 fanon

340 3683 573 3791 Eaproptcr
601 3679 682 3762 tuis
710 3678 868 3763 deuotis
902 3671 1266 3794 supplicationibus
1308 3683 1488 3765 inclinati
1516 3699 1560 3762 vt
1589 3699 1726 3800 preter
1768 3675 1989 3874 {edictam
2026 3690 2085 3778 pst

338 3791 515 3876 hendam
542 3808 584 3876 et
612 3791 689 3891 alia
717 3791 912 3884 beneficia
939 3793 1203 3876 ecclesiastica
1230 3819 1311 3904 que
1331 3823 1442 3875 nunc
1469 3795 1627 3896 obtines
1663 3793 1741 3873 alia
1828 3789 1965 3875 neficia
1989 3794 2087 3894 perse

340 3921 462 3986 natus
489 3918 529 3986 et
557 3901 772 4012 dignitates
800 3931 892 3984 curn
919 3931 1018 3986 cura
1045 3904 1111 3984 uel
1140 3905 1226 3984 sine
1254 3932 1350 3986 cura
1378 3905 1557 4013 recipere
1585 3933 1631 3987 ac
1659 3930 1738 3984 vna
1763 3931 1858 3985 cum
1886 3903 1963 3982 iam
1988 3896 2089 4017 ahten·

339 4016 393 4095 tis
421 4013 627 4116 Beneficiis
655 4014 690 4094 si
716 4011 792 4096 tibi
819 4016 1012 4096 canonice
1041 4013 1266 4097 offerantur
1294 4016 1467 4096 retinere
1494 4041 1581 4095 non
1609 4013 1797 4096 obstante
1818 4012 1925 4095 sacri
1938 4016 2091 4100 consuta·

340 4128 452 4208 tione
486 4127 649 4210 concilii
675 4124 808 4208 ualens
836 4142 968 4212 tecum
996 4125 1310 4229 Misericorditer
1337 4121 1615 4238 dispensamus
1641 4139 1850 4233 presentes
1880 4121 1954 4207 tibi
1979 4117 2092 4236 litteras

340 4241 384 4320 in
411 4239 683 4323 testimonium
713 4235 983 4347 concedentes
1021 4237 1187 4346 prouisa
1224 4236 1336 4350 quod
1379 4266 1535 4322 omnes„
1557 4233 1741 4320 redditus
1769 4231 1832 4333 tui
1875 4230 2091 4342 ecclesiastis

297 4425 302 4434 ,
339 4364 545 4460 pretextu
558 4347 788 4438 huiusmodi
815 4365 952 4430 nostre
981 4345 1299 4460 dispensationis
1329 4377 1524 4460 summam
1553 4349 1854 4460 quinquaginta
1885 4339 2093 4425 marcharum

341 4461 439 4567 puri
462 4463 508 4544 et
535 4447 750 4542 exantinati
777 4461 936 4569 argenti
976 4487 1063 4542 non
1091 4454 1288 4545 excedant
1329 4458 1523 4572 quodque
1550 4458 1718 4540 ecclesie
1746 4472 1817 4545 tue
1859 4453 2005 4538 debitis
2032 4466 2092 4524 110ss

341 4567 583 4672 fraudentur
615 4569 818 4680 obsequiis
845 4597 893 4651 ac
920 4569 1035 4682 quod
1062 4571 1106 4651 in
1133 4569 1189 4653 eis
1232 4567 1456 4680 animarum
1490 4595 1587 4650 cura
1633 4567 1867 4654 nullatenus
1903 4561 2094 4672 negligatur

340 4679 501 4761 Datum.
530 4679 767 4763 Calmarnie.
795 4679 924 4871 XVJI.
952 4680 1158 4776 llnlendas
1185 4685 1357 4792 augusti.
1386 4681 1644 4794 pontificatus
1657 4678 1809 4762 domini
1823 4675 2096 4776 clementispt·

341 4819 404 4904 pe.
435 4792 569 4878 11112tt
594 4819 712 4875 anno.
739 4817 862 4873 secun
892 4819 929 4874 o.
1405 4789 1411 4797 ’

625 4933 753 5019 sigillet,
773 4933 935 5022 ungendo
954 4934 966 4998 i
986 4931 1057 5000 rods
1077 4932 1138 5000 och
1158 4933 1227 5019 golt
1247 4933 1341 5015 ulte,
1362 4943 1397 4997 er
1416 4935 1464 5000 till
1485 4933 1538 4998 det
1557 4943 1654 4998 mesta
1674 4930 1844 4996 uiuunt
1929 4933 1934 4940 ·
