4362 5946
796 407 1212 512 „ffi-

112 627 293 714 uisum
321 653 403 736 pro
425 623 597 737 siugulis
625 622 1067 708 ericommunic'ionibus
1093 621 1337 733 supradictis
1363 622 1416 712 ad
1443 623 1618 724 eandem
1634 617 1797 716 Curiam
1825 653 1895 716 ue-
2040 639 2045 664 '

110 741 190 822 nire
204 764 299 846 pro·
322 736 556 822 huiusmodi
585 734 856 819 absolucionis
883 735 1079 818 beneficio
1093 733 1330 818 obtinendo.
1359 731 1657 848 Cupientesque
1672 737 1896 828 animarum

12 899 14 911 ι
213 847 473 940 'dere-saluti
505 861 554 932 ac
582 846 633 930 de
661 848 1020 956 circumspectione
1047 863 1184 930 uestra
1213 847 1256 928 in
1297 842 1378 954 hijs
1406 851 1446 926 8(
1474 847 1562 956 alijs
1603 847 1896 960 plurimumiu

109 875 275 1044 mo
297 955 563 1044 confidentes·
585 958 837 1042 Absoluendi
864 985 1003 1040 onmes
1031 957 1278 1068 &singulos
1306 959 1379 1069 qui
1403 957 1637 1044 huiusmodi
1664 987 1894 1072 ακοοιῃιῃῳ

108 1073 356 1155 nicaeionum
382 1072 607 1156 sentencias
633 1072 882 1156 incurrerint
909 1072 952 1151 in
979 1068 1108 1150 forma
1142 1068 1308 1152 ecclesie
1330 1085 1539 1172 ¹consucta.
1569 1069 1622 1152 ah
1650 1071 1799 1160 eisdem
1820 1067 1921 1165 ,erc-

107 1183 516 1266 communicacionum
546 1181 761 1292 sentencijs
789 1209 890 1292 quas
918 1182 1166 1265 incurrerint
1194 1197 1241 1261 ut
1270 1177 1486 1291 prefertur.
1513 1181 1734 1276 Seuineos
1755 1203 1894 1286 aucto·

106 1295 220 1374 ritate
253 1292 452 1376 dictarum
482 1293 708 1374 litterarum
736 1292 946 1374 occasione
974 1293 1175 1401 premissa.
1203 1294 1466 1402 Preterquam
1491 1310 1660 1401 propter
1674 1283 1894 1377 violentam

107 1431 296 1491 manuum
324 1405 587 1508 inieccionem
617 1404 661 1483 in
689 1403 855 1490 clericos
896 1431 944 1484 ex
989 1431 1070 1512 qua
1098 1429 1216 1484 mors.
1258 1403 1533 1485 Membrorum
1574 1403 1792 1507 mutilacio2
1824 1422 1895 1494 sut

103 1517 322 1598 truncacio.
351 1541 422 1596 seu
450 1514 716 1624 pecuniarum
744 1514 922 1594 extorsio
951 1513 1102 1594 luerint
1126 1507 1352 1596 subsecute.
1388 1539 1460 1594 seu
1488 1528 1658 1624 propter
1685 1515 1896 1596 hominum
1981 1545 1984 1550 ¹

104 1626 431 1736 captiuucionetn.
459 1624 525 1706 uel
551 1650 690 1710 rerum
718 1632 757 1710 ἃ
784 1625 987 1706 bonorum
1015 1624 1314 1732 spoliacionern
1340 1627 1424 1710 Aut
1438 1625 1624 1733 rapinam
1649 1625 1695 1720 in
1719 1626 1896 1735 eeclesijs
1950 1705 1952 1712 .

106 1736 255 1816 iactam
287 1734 461 1845 proferri
490 1736 718 1844 contigerit.
749 1762 819 1816 seu
848 1736 973 1818 eciam
1004 1735 1263 1847 promulgari.
1283 1736 1326 1817 si
1356 1735 1438 1824 hoc
1464 1734 1671 1815 humiliter
1685 1755 1689 1787 ¹
1703 1736 1893 1844 'postula-

101 1847 247 1928 ucrint.
264 1843 550 1927 accelerandi
564 1845 781 1928 interdicta
795 1844 1036 1930 huiusmodi.
1064 1848 1284 1957 Postquam
1310 1863 1445 1926 tamen
1499 1847 1578 1926 arti
1607 1845 1686 1927 lese
1713 1873 1896 1954 congrue

98 1957 376 2042 satisfecerint.
405 1957 606 2039 Iniunctis
635 1957 693 2039 eis
726 1983 803 2067 pro
831 1954 954 2037 modo
995 1957 1115 2064 culpe
1157 1958 1384 2070 penitencia
1426 1875 1602 2040 salirtari.
1627 1973 1671 2050 et
1699 1957 1787 2066 alijs
1815 1985 1895 2068 que

97 2069 150 2152 de
177 2070 270 2150 iure
297 2067 455 2172 fuerint
478 2066 741 2177 jniungenda.
770 2067 886 2151 vobis
915 2067 1150 2152 &cuilibet
1178 2085 1358 2152 uestrum
1392 2063 1631 2160 auctoritate
1665 2096 1688 2147 a
1719 2069 1895 2170 ostoljca.

95 2199 241 2264 tenore
282 2180 536 2287 presencium
578 2177 835 2260 concedimus
875 2176 1120 2261 facultatem.
1178 2179 1329 2263 Datum
1357 2180 1546 2263 Auiniou.
1584 2096 1718 2292 Xltll
1733 2177 1893 2294 kalend·

64 2290 250 2398 -lllarciJl
280 2290 543 2372 pontificatus
571 2292 720 2388 nostri,
750 2290 1097 2393 AnnoQuinto.¹
1330 2387 1332 2396 y
1380 2379 1382 2390 ¹
1737 2373 1739 2380 ,
1784 2280 1789 2302 “

95 2679 237 2812 265.
531 2609 536 2614 -
736 2679 884 2786 1232
933 2679 999 2784 d.⁴
1034 2680 1105 2786 16
1151 2678 1328 2788 Febr·
1599 2680 1895 2851 ⁸·Aviguon.

220 2899 314 2964 Pur.
334 2901 511 2966 Graeculus
536 2901 606 2964 1th
626 2899 703 2964 bref
718 2899 877 2982 angsende
898 2910 1061 2965 renuiter-s·
1075 2901 1270 2966 lutmmaude.
1800 2954 1817 3004 ⁴.

1320 3036 1323 3044 ·
1516 3014 1864 3074 ·A.r.tl.to·..v

269 3121 503 3201 Grueonrus
552 3119 768 3228 episcopus
809 3135 951 3200 seruus
996 3149 1208 3204 seruorum
1238 3123 1315 3228 dei.
1347 3107 1657 3202 venerabilibus
1686 3115 1894 3202 fratribus.

6 3301 7 3306 a
84 3231 302 3341 upsalensi
344 3249 385 3314 et
426 3226 613 3311 lundensi
655 3230 993 3339 Archiepiscopis.
1031 3262 1079 3315 ac
1121 3234 1312 3343 episcopo
1355 3230 1621 3316 Auinioueusi
1649 3228 1828 3310 Salutem
1856 3235 1897 3310 u

81 3342 365 3450 apostolicam
411 3337 750 3423 benediccionem
823 3339 887 3421 Ad
917 3343 1194 3450 reprimendas
1223 3343 1455 3424 insolercias
1483 3358 1826 3450 transgressorum
1855 3345 1896 3420 δι

78 3451 436 3562 transgressiones
463 3450 719 3532 insolercium
747 3450 1019 3534 refrenandas.
1076 3454 1119 3535 Si
1146 3471 1298 3536 neruus
1325 3451 1488 3564 publice
1516 3450 1727 3560 discipline
1747 3451 1895 3534 Lente·

78 3565 172 3645 scit.
209 3589 358 3642 eorum
386 3559 437 3642 ad
465 3561 714 3669 peccandum
743 3562 933 3642 uoluntas
962 3565 1014 3645 sit
1043 3564 1211 3675 lapsior„
1233 3571 1285 3658 δι·
1300 3563 1530 3670 exemplum
1557 3563 1811 3670 impunitate.
1825 3589 1897 3679 pe·

75 3671 315 3755 riculosius
342 3672 385 3750 in
411 3669 513 3750 alios
541 3669 752 3753 diriuatur.
812 3672 863 3752 Et
891 3673 1038 3756 sinitur
1065 3677 1133 3755 sic.
1164 3670 1311 3755 Datum
1339 3675 1528 3755 Auinion.
1558 3672 1678 3752 XIIII
1693 3671 1770 3753 lral.
1784 3673 1888 3754 lilar-

74 3784 136 3894 cij
168 3782 446 3891 Pontificatus
473 3783 605 3862 nostri
630 3785 752 3866 Anno
780 3783 948 3885 Quinto.

71 4175 233 4285 266.
279 4197 284 4211 ’
326 4213 330 4224 ·
755 4173 905 4279 1232
954 4171 1003 4276 d.
1053 4210 1081 4278 2
1130 4174 1266 4283 Juni.
1653 4297 1655 4302 Ι
1713 4171 1895 4278 Hwen.

159 4344 634 4538 Kopzuungikzsspptmelladi
654 4394 817 4462 Daunus-k
837 4391 1035 4457 Fthettbres
1049 4391 1121 4456 nen
1141 4391 1184 4455 all
1210 4391 1377 4478 skeppsvist
1398 4389 1436 4452 ei
1449 4409 1501 4453 sex
1520 4390 1897 4478 slcppaleg,tilllriirande

271 4493 289 4534 a
445 4495 462 4534 e
496 4495 507 4534 r
555 4495 628 4537 rm.

1607 4585 1639 4644 B.
1663 4587 1747 4646 1216.

106 4701 111 4709 ’
241 4723 514 4830 Confirmocio
534 4725 842 4835 prriu'legr’orum
868 4725 1047 4838 Capituli
1071 4723 1465 4808 [murmuraremus
1491 4723 1559 4802 W
1551 4713 1762 4814 uldemari.

70 4969 76 4976 .
271 4867 344 4946 W.¹
368 4865 434 4949 dei
456 4868 605 4976 gracie.¹
619 4867 819 4951 danorum
832 4867 1119 4978 slauorumque
1133 4893 1216 4949 rex.
1235 4867 1453 4951 Vniuersis
1469 4883 1696 4975 presentem
1709 4872 1898 4980 paginam
1918 4918 1921 4932 =

49 4977 568 5095 inspecturis-Salutem
586 4983 894 5094 inperpetuum
921 4980 1074 5062 Notum
1097 4978 1272 5085 faciuru-
1286 4997 1367 5062 tam
1388 4978 1644 5088 presentibus
1657 4982 1899 5092 quamfutu·
1980 5095 1985 5102 ¹
