4398 5958
996 429 1413 556 -51o-

309 703 449 793 oculos
476 696 611 782 cordis
638 712 814 778 extreme
841 692 921 775 diei
948 720 1028 775 seu'
1053 693 1276 808 corporalis
1305 695 1447 778 mortis
1475 693 1595 778 linem
1623 721 1704 805 que
1731 696 1885 778 cunctis
1924 715 1976 779 est
1999 729 2064 784 car.

309 817 459 903 tissima
486 811 581 896 licet
619 805 799 889 eiusdem
834 805 935 887 hora
977 807 1139 915 penitus
1181 808 1403 917 ignoretur.
1459 809 1522 890 Ne
1563 823 1735 915 propter
1775 809 1906 889 varios
1944 811 2066 896 Rerum

310 929 479 1011 euentus
491 928 531 1003 8(
544 920 753 1007 hominum
767 917 948 1028 fragilem
962 919 1194 1004 memoriam
1207 918 1319 1029 quod
1334 918 1635 1003 racionabiliter
1653 936 1787 1000 actum
1802 937 1862 1002 est
1879 918 2066 1026 malignari·

309 1029 864 1145 ciumcalumpniacionibus
892 1029 1001 1114 infici
1029 1029 1162 1110 valeat
1189 1031 1253 1110 vel
1283 1028 1479 1113 confundi
1507 1032 1685 1142 presenti
1705 1032 1859 1139 scripto
1886 1048 2067 1114 testamen.

310 1169 397 1234 tum
420 1172 558 1232 meum
586 1171 657 1250 seu
684 1140 906 1226 voluntatis
934 1168 1021 1225 mee
1048 1141 1187 1226 vltime
1215 1141 1519 1226 ordinacionem
1535 1140 1668 1226 condo
1689 1140 1764 1222 sub
1781 1142 1859 1227 hac
1886 1141 2069 1239 formari-

208 1257 209 1262 .
310 1259 457 1346 delicet
484 1257 536 1338 ad
564 1254 764 1340 honorem
801 1251 1088 1368 omnipotentis
1129 1249 1196 1336 dei
1235 1252 1286 1335 de
1328 1255 1443 1333 cuius
1485 1252 1683 1360 largitatis
1725 1252 1991 1338 munificencia
2025 1283 2072 1336 me

311 1375 442 1484 ipsum
469 1367 604 1453 omnia
632 1391 713 1476 que
741 1360 928 1472 possideo
955 1376 1093 1443 tenere
1126 1389 1372 1477 recognosco
1401 1368 1441 1443 8(
1469 1360 1521 1443 ad
1550 1363 1745 1446 honorem
1773 1366 2006 1448 sanctissime
2021 1365 2073 1446 dei

310 1481 517 1594 genitricis
544 1477 670 1564 Maria
700 1479 741 1554 8(
768 1475 949 1560 omnium
976 1491 1207 1559 sanctornm
1236 1502 1283 1554 ac
1313 1475 1356 1562 in
1398 1474 1668 1560 remissionem
1711 1491 1964 1582 peecatorum
1988 1504 2073 1557 meo.

312 1622 402 1676 rum
431 1598 472 1673 8(
498 1583 713 1698 parentum
741 1612 921 1672 meorum
949 1585 1110 1670 racione
1137 1611 1313 1695 quorum
1342 1586 1449 1666 bona
1478 1584 1718 1692 temporalia
1746 1611 1829 1696 quc
1849 1586 1974 1669 habco
1998 1587 2074 1672 mihi

311 1701 563 1787 successione
591 1696 831 1785 hereditaria
858 1710 1145 1802 prouenerant.
1175 1696 1424 1783 Mansionem
1452 1696 1717 1812 Ruhbiaerger
1744 1725 1837 1784 cum
1863 1701 1979 1806 agris,
2005 1727 2075 1807 pra.

192 1831 198 1838 '
311 1818 385 1912 tis,
411 1809 653 1898 molendinis
680 1808 721 1886 8(
749 1802 899 1914 prediis
926 1833 1007 1915 que
1035 1807 1088 1887 ad
1117 1805 1343 1914 predictam
1372 1807 1617 1894 mansionem
1647 1834 1722 1917 per
1748 1807 1917 1894 colonos
1955 1810 2075 1894 excoli·

312 1942 382 2008 tur
408 1931 450 2006 8(
476 1948 569 2002 cum
595 1917 785 2006 omnibns
812 1916 899 1997 aliis
927 1917 1154 2000 attinenciis
1180 1935 1261 1998 tam
1289 1918 1507 1999 mobilibus
1534 1945 1657 2027 quam
1685 1919 1956 2004 immobilibus
1977 1921 2075 2006 ecclc·

312 2039 370 2120 sie
397 2034 610 2118 beatorum
637 2027 915 2148 apostolorum
942 2027 1051 2107 Petri
1078 2033 1118 2108 8(
1145 2028 1261 2119 Pauli
1289 2030 1332 2110 in
1362 2046 1597 2136 strengenes
1625 2028 1792 2118 confero
1822 2029 2075 2115 liberaliter&

313 2145 473 2254 assigno
502 2145 545 2230 in
573 2155 816 2260 perpetuum
845 2135 1140 2247 possidendam.
1175 2138 1424 2250 Relinquens
1451 2140 1617 2221 eandem
1644 2139 1723 2220 sub
1750 2141 2075 2226 ordinacionem

312 2253 504 2339 nerabilis
532 2252 657 2361 patris
686 2250 879 2358 Episcopi
906 2251 1200 2355 strengenensis
1232 2266 1278 2330 vt
1307 2252 1470 2332 racione
1506 2251 1632 2360 ipsius
1680 2250 1931 2333 infundenda
1969 2251 2075 2358 aliqua

258 2377 262 2384 '
312 2367 484 2452 canonia
513 2363 591 2452 mei
624 2359 857 2452 memoriam
903 2363 1103 2470 per'petuo
1130 2359 1217 2444 lieri
1246 2361 1368 2443 faciat
1394 2363 1439 2443 in
1466 2362 1631 2444 ecclesia
1658 2379 1890 2444 memorata.
1925 2366 2076 2452 Preterea

313 2478 538 2561 mansiones
565 2499 670 2554 meas
698 2475 742 2552 in
771 2470 958 2564 atalstum
976 2476 1079 2551 ‘eum
1107 2472 1296 2564 omnibus
1325 2471 1566 2566 molendinis
1593 2471 1742 2562 ibidem
1759 2479 1800 2554 8(
1822 2471 2075 2565 omnibusaliis

244 2587 248 2602 ’
314 2587 539 2677 attinenciis
567 2601 649 2670 tam
678 2581 896 2676 mobilibus
912 2609 1046 2690 quam
1077 2581 1351 2694 immobilibus
1366 2584 1537 2666 cenobio
1558 2585 1924 2676 sanctimonialium
1950 2585 1987 2662 in
2010 2583 2075 2670 ‚Ris-

313 2697 487 2788 sabiacrh
513 2695 679 2788 confero
708 2712 906 2804 perpetuo
934 2691 1210 2802 possidendas.
1253 2722 1333 2774 vna
1360 2724 1451 2774 cum
1479 2693 1633 2803 prediis
1676 2696 1773 2776 meis
1802 2697 1848 2776 in
1882 2696 2074 2799 Haernuuge

314 2814 553 2916 Hvitaerang
579 2813 621 2896 8(
649 2805 874 2914 Tuslrcium
900 2809 943 2896 8(
971 2805 1014 2884 in
1049 2801 1215 2886 eeclesia
1258 2804 1356 2885 dicti
1399 2806 1630 2888 monasterii
1672 2809 1751 2888 mei
1779 2809 1962 2915 corporis
1998 2803 2075 2910 eligo

314 2920 577 3033 sepulturam.
597 2918 772 3024 insuper
784 2915 837 2996 ad
853 2914 1075 3009 subsidium
1088 2931 1195 3007 terre
1210 2932 1346 2996 sancte
1360 2915 1566 2998 dimidiam
1581 2943 1755 3010 marcam
1771 2934 1882 3010 terre
1897 2920 1937 2998 in
1951 2909 2074 2994 rannu-

314 3061 404 3118 snm
428 3038 473 3118 &
501 3027 555 3110 ad
583 3025 909 3122 distribuendum
937 3027 1042 3107 inter
1070 3026 1204 3122 omnia
1233 3031 1473 3118 monasteria
1502 3028 1630 3136 Regni
1658 3029 1804 3123 sweeie
1833 3029 2017 3138 equaliter
2038 3050 2074 3102 ex

312 3145 390 3225 hac
417 3153 532 3250 parte
561 3138 692 3220 naris.
730 3137 978 3218 Mansionem
1011 3153 1126 3230 sacer
1168 3164 1260 3217 eum
1302 3139 1447 3247 predio
1489 3139 1533 3236 in
1557 3137 1695 3224 'Brisrc
1723 3144 1764 3226 &
1791 3141 1975 3232 omnibus
2008 3134 2073 3226 aliis

316 3251 545 3335 attinenciis
568 3252 652 3340 ¹suis
679 3247 756 3331 sub
786 3250 989 3358 premissis
1016 3245 1327 3342 condicionibus
1356 3249 1529 3356 elargior
1557 3249 1698 3346 rolens
1725 3266 1770 3342 vt
1797 3250 1982 3345 domiuus
2003 3246 2074 3354 Epi·

197 3363 201 3370 ’
316 3388 464 3479 scopus
485 3361 764 3468 *strangnensis
808 3358 916 3440 dieta
950 3357 1093 3469 predia
1121 3363 1163 3440 8(
1189 3359 1299 3438 bona
1340 3360 1466 3448 rendi
1508 3358 1631 3441 faciat
1657 3359 1709 3440 ad
1737 3387 1835 3452 usus
1866 3374 2072 3470 pretaxatas.

295 3477 424 3556 ‘Jtem
457 3472 623 3564 ¹terciam
651 3486 810 3578 partem
837 3470 957 3556 ,vuius
985 3469 1206 3578 molendinj
1234 3471 1278 3551 in
1306 3498 1534 3552 vannusum
1562 3471 1727 3566 ecclesie
1755 3473 1798 3559 in
1826 3471 1993 3552 Thoriis.
2020 3469 2074 3547 ce·

317 3603 449 3666 terum
464 3609 616 3690 omnes
643 3583 853 3689 utriusque
880 3606 998 3676 sexus
1026 3581 1122 3662 mihi
1151 3581 1288 3664 seruili
1327 3581 1567 3664 condicione
1610 3610 1797 3689 prorssus
1841 3578 2073 3676 astrictosin

318 3693 510 3788 omnibus
535 3691 812 3790 mansionibus
839 3693 936 3772 meis
964 3708 1046 3772 tam
1074 3692 1217 3799 legatis
1232 3718 1309 3799 pro
1321 3695 1452 3775 anima
1478 3719 1567 3790 mea
1594 3720 1718 3801 quam
1732 3694 1821 3774 aliis
1831 3723 1860 3790 ‚a
1875 3697 1968 3803 iugo
1979 3689 2072 3770 serui·

317 3808 417 3889 tutis
442 3806 620 3900 eximens
648 3818 741 3912 post
768 3818 938 3898 mortem
979 3831 1108 3898 meam
1152 3802 1316 3893 ,ascribo
1359 3804 1538 3928 plenarie
1569 3802 1759 3914 libertati.
1815 3807 1920 3885 Jtem
1962 3802 2073 3900 dilecte

254 3989 267 4012 .
318 3917 436 4012 uxori
465 3941 551 4015 mee
577 3914 718 4023 Haelgo
746 3912 907 3998 racione
941 3907 1175 3998 donacionis
1217 3930 1386 4023 propter
1422 3915 1589 4023 nupcias
1618 3915 1695 3996 sibi
1723 3918 1767 3996 in
1788 3916 1940 4010 ,michir
1978 3913 2071 4003 facte,

319 4029 565 4120 Mansionem
607 4023 744 4124 staibir
772 4029 813 4104 8(
840 4026 1023 4133 quinque
1064 4024 1220 4105 solidos
1256 4041 1364 4104 terre
1405 4024 1448 4104 in
1477 4024 1642 4134 'ingibir
1684 4054 1775 4124 cum
1812 4019 1994 4120 omnibus
2027 4046 2074 4098 eo

286 4135 494 4252 ''rundem
521 4122 768 4224 attinenciis'
793 4137 895 4217 Jtem
923 4161 999 4242 pro
1028 4135 1150 4232 tercia
1179 4151 1295 4242 parte
1323 4135 1531 4234 mobilium
1574 4131 1654 4245 que
1695 4135 1824 4217 eidem
1854 4131 2074 4217 inormibus

321 4249 441 4344 bonis
468 4249 564 4342 atreis
587 4245 812 4346 'secundum
840 4245 948 4355 leges
975 4260 1082 4344 terre
1125 4247 1306 4340 debetur.
1365 4247 1613 4346 Mansionem
1657 4247 1807 4326 Giriste
1832 4253 1876 4340 8(
1905 4243 2073 4327 dimidiam

323 4385 497 4450 marcam
522 4375 633 4456 ¹terre
662 4359 704 4434 in
732 4354 891 4436 vretunt
920 4359 960 4435 8(
988 4372 1165 4464 quatuor
1193 4354 1344 4437 solidos
1372 4372 1479 4437 terre
1510 4359 1553 4437 in
1581 4355 1729 4455 alrirbit
1750 4356 2073 4470 ¹integralitercun

322 4472 510 4568 omnibns
538 4465 809 4576 predictarum
837 4469 1088 4557 mansionum
1117 4472 1155 4547 8(
1185 4466 1420 4586 prediorum
1449 4469 1677 4569 attinenciis
1699 4461 1869 4564 ''confeio
1892 4467 2074 4577 pariter&

200 4601 204 4618 ¹
326 4581 498 4686 assigno.
527 4581 632 4659 ltem
660 4578 782 4658 Petro
808 4578 1006 4690 Diacono
1035 4577 1118 4678 filio
1146 4578 1281 4677 fratris
1307 4580 1387 4668 mei
1429 4579 1616 4697 predium
1645 4581 1688 4661 in
1729 4581 1894 4678 australi
1923 4579 2018 4659 Mon
2039 4569 2073 4652 de

268 4713 273 4732 ¹
325 4689 413 4787 iure
441 4707 641 4797 perpetuo
670 4685 967 4795 possidendum.
998 4690 1169 4790 Retento
1198 4689 1296 4793 mihi
1324 4715 1407 4798 quo
1422 4691 1474 4771 ad
1501 4692 1625 4788 vitam
1654 4718 1780 4784 meam
1806 4691 1984 4790 ¹omnium
2007 4709 2073 4796 pre·

324 4799 536 4898 missorum
564 4798 816 4908 prediorum,
844 4796 1076 4893 reddituum
1105 4801 1343 4900 &aliorum
1368 4798 1571 4902 bonorum
1600 4801 1824 4899 usufructu.
1854 4801 1999 4892 Volens
2020 4793 2073 4902 igi·

324 4929 394 4992 tur
421 4922 466 5008 yt
490 4908 567 5008 ,hec
594 4909 730 5010 vltime
760 4937 844 4989 mee
872 4907 1093 4990 voluntatis
1121 4910 1329 5014 ordinacio
1358 4939 1428 4992 seu
1457 4913 1545 4993 iure
1573 4915 1800 5014 testamenti
1834 4941 1905 5008 seu
1924 4914 2004 5012 iure
2025 4929 2073 4984 co

320 5017 540 5120 dioilorum
569 5020 631 5101 vel
659 5019 872 5103 cuiuslibet
894 5019 1032 5102 ultime
1047 5019 1265 5120 voluntatis
1280 5021 1552 5122 omnimodam
1568 5025 1752 5134 optineat
1780 5023 1996 5124 firmitatem
2017 5012 2071 5110 nb
