4440 5944
294 651 473 733 numque
489 600 541 734 ⁵t)
570 621 612 701 in
641 620 801 702 castello
829 619 1102 750 Hammaburg
1129 620 1235 710 inter
1263 619 1662 743 duos-Episcopatus
1678 618 1850 700 Bremon
1864 616 1912 732 58)
1929 624 1968 700 8r
1981 619 2112 710 Ven-'

291 737 372 818 den
386 733 462 845 ⁵⁹),
477 733 526 814 de
561 732 710 840 quibus
745 731 890 813 tollens
927 733 1122 813 Ecclesras
1150 739 1189 812 8<
1213 730 1387 812 decimas
1414 731 1466 812 ad
1495 731 1819 811 sustentationem
1834 723 2083 839 provehendi

291 873 428 928 caussa
455 841 610 950 praefati
624 841 674 956 60)
703 842 894 950 Episcopi
922 841 1249 953 Clericorumque
1291 843 1377 949 eius
1419 842 1695 924 condonasset
1710 844 1752 924 in‘
1778 841 1962 950 predicto
1991 843 2082 930 loco

291 971 500 1050 annuente,
531 983 576 1034 ac
603 955 793 1034 solemnia
815 953 920 1036 sedis
934 955 1175 1060 Apostolicae
1199 953 1408 1062 privilegia
1439 953 1631 1062 prebente
1646 953 1926 1062 predecessore
1941 973 2082 1038 nostro

283 1059 405 1149 beate
431 1067 620 1147 memorie
648 1067 757 1173 Papa
785 1065 998 1172 Gregorio,
1024 1067 1139 1173 cujus
1166 1067 1285 1146 etiam
1312 1065 1549 1147 auctoritate
1577 1066 1619 1144 in
1647 1064 1880 1176 supradicto
1908 1065 2081 1176 Nordal-

281 1173 505 1285 bingorum
547 1175 702 1286 populo
744 1175 855 1262 sedes
897 1177 1112 1258 constituta
1139 1167 1212 1259 'est
1241 1176 1601 1285 Arcbiepiscopalis
1630 1176 1673 1256 in
1701 1175 1862 1258 castello
1897 1177 2082 1286 superius

287 1307 506 1369 memorato
534 1287 829 1395 Harnmaburg;
856 1293 894 1368 &
923 1288 965 1366 in
993 1288 1128 1370 eadem
1167 1317 1333 1400 quoque
1360 1287 1452 1370 sede
1481 1287 1836 1400 Arcbiepiscopus,
1864 1289 2080 1398 accepto‘a

39 1408 42 1420 ’
147 1435 151 1440 ·
250 1397 381 1480 'sede
409 1400 643 1508 Apostolica
670 1398 808 1508 pallio,
834 1399 988 1508 primus
1016 1417 1076 1482 est
1102 1399 1310 1481 ordinatus
1338 1397 1569 1506 Ansgarius,
1585 1400 1651 1481 cui
1679 1399 1871 1510 aprefato
1885 1391 2079 1480 Pontifice

280 1504 468 1617 'delegata
501 1529 561 1592 est
588 1539 684 1592 cura
712 1509 929 1590 seminandi
962 1513 1128 1594 verbum
1158 1513 1234 1593 Dei
1276 1517 1316 1590 8(
1343 1511 1491 1590 animas
1520 1509 1703 1597 lucrandi
1732 1515 1851 1610 Deo,
1868 1509 1982 1618 cujus
2009 1511 2080 1610 de·

182 1629 188 1647 '
284 1621 496 1730 legationis
524 1628 563 1703 &
592 1623 838 1701 auctoritatis
866 1621 1047 1702 &Pallii
1075 1619 1316 1731 acceptionis
1344 1623 1636 1732 pagina'nobis
1666 1640 1725 1718 est
1753 1623 1971 1733 apraefato
1994 1623 2077 1703 filio

277 1725 425 1850 :nostro
453 1731 663 1814 Ludouico
700 1733 807 1838 Rege
843 1759 917 1839 per
944 1733 1024 1840 jam
1052 1731 1204 1818 dictum
1233 1732 1485 1814 Salomonem
1512 1733 1802 1819 sanctissimum
1831 1732 2091 1843 Episcopum

284 1841 499 1940 destinata,
536 1845 648 1952 juxta
677 1869 829 1926 morem
857 1860 990 1922 sancte
1020 1844 1198 1924 Romane
1227 1843 1403 1924 Ecclesie
1431 1844 1624 1946 ebullata3
1653 1873 1727 1954 per
1755 1845 1869 1954 cujus
1897 1864 2078 1927 tenorem

283 1957 430 2065 pagine
463 1945 540 2036 hec
573 1940 775 2036 itad'uisse
803 1955 1089 2064 comperimus,
1118 1957 1221 2037 sicut
1262 1957 1388 2062 pietas
1429 1956 1552 2036 nobis'
1574 1955 1653 2060 jam
1681 1955 1825 2058 prefati
1856 1955 1976 2061 Regis
2003 1967 2078 2062 per

276 2066 440 2158 ¹fidelem
481 2069 612 2148 virum
656 2065 908 2147 Salomonem
944 2065 1094 2146 scilicet
1121 2068 1368 2174 Episcopum
1394 2063 1604 2164 intimavit.
1662 2062 1780 2145 Unde
1807 2090 1882 2144 nos
1910 2065 2077 2170 vestigia

283 2179 386 2261 tanti
410 2179 619 2258 Pontificis
651 2181 691 2256 8(
717 2176 1023 2258 Praedecessoris
1047 2179 1177 2257 nostri
1204 2193 1413 2286 sequentes
1442 2153 1649 2281 Gregorii,
1678 2201 1917 2283 omnemque
1945 2175 2003 2256 ibi
2022 2172 2074 2285 ⁶¹)

282 2281 371 2382 Deo
400 2281 562 2396 dignam
591 2305 780 2370 statutam
808 2286 1102 2396 providentiam
1131 2304 1408 2395 agnoscentes,
1424 2313 1660 2394 magnorum
1675 2287 1908 2474 Principum
1922 2305 2072 2384 votum,

280 2398 481 2481 Ludovici
509 2400 694 2481 videlicet
722 2397 814 2479 dive
841 2399 1131 2480 recordationis
1159 2399 1350 2507 Augusti,
1379 2403 1418 2476 a
1446 2398 1636 2507 equivoci
1663 2395 1750 2504 ejus
1777 2395 1850 2477 fiii
1877 2397 2073 2478 excelleti-

279 2509 421 2591 tissimi
463 2511 599 2618 Regis,
635 2527 715 2590 tam
738 2509 862 2616 ¹hujus
892 2510 1122 2617 Apostolicc
1151 2510 1396 2590 auctoritatis
1424 2527 1633 2617 precepto,
1663 2535 1784 2616 quam
1813 2509 1929 2588 etiam
1957 2506 2073 2588 Pallii
2162 2559 2166 2566 ,

181 2673 185 2681 -
280 2620 463 2715 datione,
492 2649 603 2701 more
630 2619 958 2702 Predecessorum
986 2638 1217 2712 nostrorum
1238 2617 1289 2732 ⁶²)
1317 2621 1525 2713 roborare¹
1546 2618 1805 2700 decrevimus.
1862 2618 2072 2720 Quatenus

279 2748 389 2823 tanta
431 2729 624 2813 fundatus
653 2731 889 2813 auctoritate
908 2733 1230 2844 prenominatus
1258 2731 1488 2838 Ausgarius,
1516 2731 1669 2839 primus
1698 2727 2071 2838 Nordalbingorum

278 2842 522 2952 Episcopus,
551 2848 590 2921 8r
618 2859 711 2949 post
738 2844 869 2949 ipsum
897 2869 1141 2923 successores
1169 2843 1254 2950 ejus
1283 2840 1484 2923 lucrandis
1500 2840 1699 2950 ,plebibus
1728 2842 1969 2938 insistentes,
1998 2837 2070 2920 ad·

277 2978 418 3033 versus
455 2969 698 3034 tentamenta
739 2951 890 3034 diaboli
924 2953 1138 3035 validiores
1167 2954 1356 3054 existant;
1383 2953 1597 3062 ipsumque
1626 2951 1749 3032 filium
1777 2969 1967 3048 nostrum,
1987 2951 2104 3059 J'am'

276 3043 428 3146 dictum
470 3066 708 3172 Ansgarium
732 3060 782 3174 ⁶³)
817 3065 860 3144 in
888 3066 1074 3145 omnibus
1102 3066 1413 3173 circumquaque
1442 3063 1639 3154 Gentibus
1684 3062 1880 3160 Sueorum
1907 3061 1958 3176 64)
1973 3063 2069 3156 ¹siue

274 3175 506 3267 Danorum,
544 3203 620 3257 nec.
660 3203 744 3255 non
772 3178 889 3255 etiam
917 3175 1129 3256 Slavorum
1156 3177 1219 3257 vel
1248 3177 1294 3255 in
1321 3175 1478 3271 ceteris,
1507 3175 1738 3281 ubicunque
1766 3173 1843 3253 illis
1871 3174 1914 3256 in
1943 3175 2068 3283 parti·

272 3279 352 3366 bus
381 3287 607 3366 constitutis
633 3285 768 3366 divina
792 3289 923 3446 pietas
952 3288 1099 3367 ostium
1140 3287 1359 3395 aperuerit,
1401 3287 1605 3394 publicam
1641 3285 1952 3392 Evangelizandi
1994 3285 2068 3365 tri·

271 3395 434 3479 huimus
463 3414 699 3507 potestatem
727 3403 766 3476 ἃ
812 3396 844 3509 5)
872 3402 1169 3495 auctoritatem,
1186 3400 1393 3507 ipsamque
1409 3397 1541 3478 sedem
1556 3395 1925 3504 Nordalbingorum
1941 3397 2064 3477 Ham-

270 3499 442 3614 ‘ruaburg
471 3507 635 3605 dictam,
665 3499 928 3589 inhonorem
957 3512 1085 3591 sancti
1112 3509 1319 3590 salvatoris
1346 3506 1513 3618 ejusque
1548 3505 1597 3618 66)
1627 3510 1858 3587 intemerate
1892 3511 2066 3616 genetri-

271 3619 351 3730 cis,
376 3645 533 3726 semper
560 3619 738 3727 virginis,
767 3619 891 3700 Marie
919 3639 1208 3716 consecratam,
1238 3618 1628 3728 Archiepiscopalem
1665 3617 1914 3699 decerminus
1952 3616 2065 3700 dein·
2162 3726 2167 3734 Ι

60 3751 66 3760 ·
198 3809 199 3812 ,
271 3757 365 3836 ceps
393 3757 477 3808 esse
508 3727 571 3842 ⁰²).
628 3733 779 3840 Atque,
807 3745 854 3810 ut
880 3733 1034 3811 strenui
1061 3731 1334 3840 praedicatoris
1361 3733 1551 3839 Episcopi
1581 3748 1672 3839 post
1688 3729 1891 3812 decessum
1910 3729 1961 3842 68)
1979 3755 2064 3810 cre·

271 3831 349 3920 bro
377 3839 475 3922 dicti
503 3843 690 3948 Ansgarii
716 3841 1037 3950 Arcbiepiscopi,
1066 3870 1256 3952 persona,
1284 3859 1478 3951 tantoque
1507 3841 1640 3924 officio
1669 3859 1762 3951 apta
1776 3841 1947 3948 eligatur
1963 3869 2065 3922 sem-

204 4050 208 4056 ·
269 3955 343 4058 'per
370 3952 578 4049 successio,
607 3954 683 4034 sub
712 3951 839 4032 divini
865 3951 1005 4059 judicii
1034 3955 1298 4039 obtestatione
1326 3955 1544 4034 statuimus.
1599 3954 1769 4049 Verum,
1787 3957 1894 4062 quia
1931 3953 2063 4034 Karo-

269 4061 332 4142 lus
359 4063 462 4158 Rex,
492 4087 600 4171 saepe·
624 4062 723 4144 dicti
751 4064 870 4171 Regis
898 4063 1020 4143 frater
1053 4062 1105 4176 0⁹)
1133 4083 1227 4174 post
1254 4065 1456 4146 decessum
1485 4063 1532 4173 ⁷⁰)
1550 4065 1823 4172 Imperatoris,
1839 4068 1963 4172 patris
1979 4067 2062 4158 sui,

268 4174 338 4279 'pie-
362 4175 551 4254 memorie
579 4173 776 4254 Ludovici
810 4177 844 4255 Ι..
877 4175 1041 4255 abstulit
1067 4203 1091 4254 a
1118 4178 1397 4286 prenominato
1425 4174 1473 4286 ⁷¹)
1502 4176 1616 4271 loco,
1646 4178 1717 4283 qui
1753 4174 1902 4256 dieitur
1938 4177 2069 4284 Ham·⁴

195 4345 202 4354 .
268 4283 441 4390 maburg
465 4285 765 4382 Monasterium,
794 4285 907 4396 quod
935 4285 1160 4394 appellatur
1189 4285 1383 4382 Turbolt,
1411 4305 1552 4394 utpote
1586 4284 1698 4394 quod
1742 4304 1834 4395 post
1876 4289 2061 4395 partitio-

266 4395 357 4473 bem
388 4397 493 4479 inter
519 4395 659 4476 fratres
688 4425 800 4491 suos,
829 4397 871 4475 in
899 4397 1039 4503 Regno
1067 4424 1141 4478 suo
1169 4397 1376 4505 conjacere
1403 4398 1634 4493 videbatur,
1659 4400 1778 4477 situm
1801 4399 1843 4476 in
1857 4399 2063 4479 Occiden-

266 4504 337 4630 tali
363 4503 554 4605 Francia,
578 4505 693 4615 quod
719 4507 801 4586 illic
829 4509 986 4616 genitor
1014 4535 1113 4588 suus
1138 4507 1190 4590 ad
1233 4509 1556 4620 supplementum
1592 4515 1632 4590 &
1668 4511 1819 4590 victum
1855 4512 2060 4620 Episcopo

346 4745 397 4826 57)
419 4745 452 4810 &
472 4743 642 4812 Saxonum„
658 4745 710 4827 58)
732 4749 871 4812 Bremens
893 4747 949 4834 59)
968 4748 1083 4838 llerde.
1103 4749 1157 4830 6ο)
1178 4754 1370 4836 provehendi
1392 4755 1543 4839 iamfati.
1566 4751 1755 4832 usitidem.
1776 4749 1922 4830 62Jdeest
1937 4759 2063 4816 nostro·

293 4875 295 4884 .
345 4847 430 4891 rum
468 4827 519 4904 63)
536 4831 698 4910 Legatum.
740 4829 792 4906 64)
816 4833 983 4895 Sueonum.
1024 4832 1076 4910 66)
1097 4833 1180 4895 deest
1198 4847 1386 4920 potestatem
1406 4831 1452 4901 dt.
1494 4833 1546 4911 66)
1563 4847 1735 4918 sanctaeque
1746 4837 1820 4918 ejus.
1842 4833 2064 4920 67)deiueepa

342 4910 630 5058 {iiidfflimm'
671 4909 729 4997 68)
749 4911 918 4980 discessum
933 4914 986 5002 69)
1008 4916 1108 4980 frater
1130 4937 1209 5004 saepe
1229 4919 1305 4982 dicti
1317 4919 1410 5002 Regis
1422 4919 1597 4986 Ludowici.
1643 4918 2061 5007 70)discesmm..71>pre-
