4384 5946
973 341 1336 446 adul

242 567 362 652 valde
389 560 674 666 neeessariam,
716 585 837 679 atque·
873 567 1021 652 futurae
1048 554 1236 652 Ecclesiae
1278 567 1467 682 dignitati
1494 561 1717 681 proficuam
1757 567 1925 683 dignum
1953 601 2033 663 esse

244 673 454 780 duximus,
484 699 529 784 ut
557 679 691 762 locum
721 698 861 788 aptum
876 683 1023 764 nostris
1042 684 1085 763 in
1100 681 1491 765 linibus'evidentius
1518 683 1775 792 eligeremus,
1802 682 1875 764 ubi
1902 683 2035 770 sedem

227 789 637 902 'Archiepiscopolem
653 789 686 904 l)
715 818 789 900 per
817 792 895 874 hoc
924 810 1071 875 nostrae
1086 781 1336 877 auctoritatis
1350 797 1597 904 praeceptum
1611 809 1894 900 statueremus.
1922 793 2036 880 Unde

243 929 383 983 omnes
398 901 475 982 illas
489 901 674 1008 barbarae
686 902 867 988 nationes
882 921 1041 987 aeternae
1054 907 1148 987 vitae
1162 905 1358 1015 pabulum
1375 903 1410 1018 9)
1424 906 1671 1016 uberiusque
1684 921 1830 1014 capere
1845 905 2035 1005 valerent,

243 1016 285 1094 ὃς
311 1013 490 1094 sitientes
511 1013 818 1122 ¹salutisgratia
844 1013 890 1128 ¹⁰)
920 1017 1011 1126 prae
1032 1016 1216 1097 manibus
1244 1017 1453 1126 oculisque
1478 1015 1687 1099 haberent.
1715 1017 1889 1126 insuper
1918 1019 2039 1099 etiam
2177 1091 2179 1128 ἶ

243 1129 283 1205 8<
310 1151 547 1230 magnorum
575 1125 885 1233 progenitorum
927 1143 1161 1209 nostrorum
1201 1149 1314 1208 sacra
1341 1124 1529 1209 lucrandi
1559 1125 1610 1245 ”)
1655 1124 1792 1208 studio
1820 1123 1967 1208 uostris
1991 1129 2038 1210 in
2178 1139 2179 1152 '

243 1231 386 1314 diebus
414 1261 623 1344 nunquam
660 1233 888 1327 deficerent.
946 1239 1119 1319 Genitor
1149 1237 1196 1352 ι’)
1244 1239 1390 1320 etenim
1433 1254 1571 1321 noster
1611 1237 1797 1348 gloriosae
1839 1238 2038 1320 memorias

159 1366 183 1456 J
241 1345 420 1425 Karulus
448 1373 607 1428 omnem
634 1346 850 1428 Saxoniam
879 1349 1165 1430 Ecclesiasticus
1192 1349 1378 1460 religioni
1407 1348 1609 1446 subdidit,
1636 1350 1862 1459 jugumque
1890 1348 2039 1432 Christi

243 1455 295 1537 ed
326 1484 454 1566 nsque
482 1459 674 1539 terminos
699 1460 907 1540 Danorum
936 1478 1058 1572 atque
1088 1461 1302 1542 Slavorum
1330 1460 1455 1544 corda
1484 1460 1633 1542 ferocia
1660 1461 1769 1542 ferro
1797 1457 2038 1567 perdomans

243 1565 405 1664 docuit,
432 1567 507 1647 ubi
535 1569 641 1648 inter
682 1568 755 1650 has
797 1586 991 1683 utrasque
1009 1582 1170 1682 „gentes
1198 1573 1410 1654 Danorum
1438 1571 1485 1685 ¹³)
1529 1570 1716 1654 videlieet
1744 1571 1828 1652 sive
1854 1569 2039 1654 Wanda-

243 1678 374 1759 lorum
405 1678 583 1780 ultimam
600 1682 784 1761 Senoniae
811 1700 968 1791 partem
997 1684 1132 1782 sitam,
1160 1689 1200 1764 8<
1233 1683 1402 1767 diversis
1429 1683 1643 1792 periculis,
1669 1680 1960 1790 temporalibus
1979 1683 2040 1762 vi·
2178 1691 2179 1734 ³

243 1779 390 1899 'delicet
418 1817 464 1870 ae
496 1789 781 1900 spiritualibus
804 1793 1105 1903 interjacentem
1133 1796 1397 1905 perspiciens,
1426 1792 1700 1904 pontificalem
1727 1787 1879 1873 ibidem
1906 1789 2039 1876 sedem

244 1897 332 1981 fieri
361 1901 541 1984 decrevit
569 1902 881 1987 tra'ns'Albiam.
930 1904 1048 1987 Unde
1076 1925 1292 2017 postquam
1319 1923 1470 1987 terram
1498 1901 1875 2012 Nordalbingorurn
1898 1901 1952 2016 ¹¹⁴)
1980 1902 2038 1984 la-

243 2028 339 2092 xata
369 2013 626 2120 captivitate,
668 2043 789 2124 quam
835 2016 889 2096 ob
919 2015 1086 2097 multam
1125 2018 1336 2128 perfidiam
1364 2017 1407 2096 in
1435 2017 1532 2125 ipsis
1559 2014 1874 2096 Christianitatis
1915 2013 2037 2095 initiis

244 2139 446 2242 patratam
477 2151 549 2232 per
576 2127 833 2233 septennium
881 2129 989 2236 passi
1014 2145 1129 2225 sunt,
1173 2157 1224 2210 no
1266 2129 1379 2210 locus
1409 2127 1476 2209 ille
1504 2127 1738 2208 a-barbaris
1779 2123 2038 2212 invaderetur

242 2234 420 2324 Ecberto
450 2231 496 2344 ¹⁵)
526 2236 673 2316 Comiti
702 2240 914 2320 restituere
951 2257 1214 2348 praecoperat,
1252 2267 1337 2320 non
1366 2239 1447 2346 jam
1478 2237 1628 2320 vicinis,
1649 2237 1861 2345 Episcopis
1903 2235 2039 2318 locum

241 2347 357 2428 illum
375 2343 433 2459 ’5)
461 2347 710 2430 committere
741 2348 882 2431 voluit.
912 2349 992 2431 Sed
1020 2377 1071 2430 ne
1100 2353 1312 2462 quisquam
1341 2376 1481 2429 eorum
1509 2346 1615 2430 hanc
1642 2347 1720 2427 sibi
1748 2347 1937 2457 deinceps
1964 2350 2039 2428 Pa·

243 2458 422 2540 roohiam
450 2455 695 2556 vindicaret,
727 2487 777 2540 ex
806 2462 967 2542 remotis
997 2459 1137 2542 Galliae
1155 2461 1369 2570 partibus,
1391 2456 1600 2568 quendam
1627 2459 1893 2566 Episcopum,
1918 2460 2038 2537 Ama·

243 2570 390 2653 larium
419 2569 603 2668 nomine,
631 2567 797 2668 direxit,
822 2574 904 2681 qni
933 2572 1177 2679 primitivam
1206 2571 1358 2653 ibidem
1373 2569 1590 2652 Ecclesiam
1604 2584 1870 2650 consecraret.
1896 2565 1987 2674 ,Sed
1998 2571 2038 2650 ei

217 2695 219 2700 '
243 2679 375 2764 eidem
404 2678 592 2762 Ecclesiae
620 2709 751 2762 sacras
779 2682 1067 2792 reliquias,ac
1095 2683 1212 2791 plura¹
1243 2681 1521 2788 Ecclesiastico
1543 2706 1729 2763 munera
1753 2680 1821 2788 pia
1851 2680 2038 2788 largitate

241 2789 467 2901 specialiter
496 2790 696 2873 destinare
724 2794 892 2878 curavit.
949 2793 1212 2878 Postmodum
1238 2821 1336 2894 vero
1374 2793 1544 2902 captivis
1573 2789 1625 2872 ad
1654 2807 1836 2899 optatam
1865 2791 2039 2898 patriam

158 2895 171 2906 ”
243 2902 426 3012 undique
455 2899 772 3004 confluentibus,
801 2905 967 2988 eandem
996 2904 1228 3015 parochiam
1244 2904 1404 3006 cuidam
1425 2902 1664 3012 presbytero
1692 2895 1869 2984 Heridae
1887 2894 2039 3090 ”pno-

242 3013 351 3100 utine
380 3013 605 3121 specialiter
634 3017 946 3113 commendavit,
975 3045 1097 3127 quem
1125 3019 1320 3098 universae
1348 3012 1722 3120 Nordalbingorum
1756 3009 1803 3123 ¹⁸)
1839 3013 1920 3092 Eoo
1938 3013 2040 3106 osiae,

241 3153 295 3208 ne
324 3122 377 3206 ad
405 3126 528 3206 ritum
556 3126 805 3206 relaberetur
833 3127 882 3240 ¹⁹)
925 3129 1152 3235 gentilium,
1188 3127 1253 3207 vel
1275 3125 1332 3238 ’0)
1372 3127 1468 3237 quia
1496 3123 1608 3205 locus
1637 3123 1704 3204 ille
1732 3120 1938 3205 lucrandis
1966 3119 2039 3202 ad·

244 3236 333 3326 huo
360 3235 780 3346 gentibusvidebatur
807 3239 1033 3348 aptissimus
1060 3239 1315 3347 disposuerat
1329 3235 1378 3350 ²¹)
1406 3232 2036 3342 consecrari‘Archiepiscopum,

243 3363 291 3430 ut
320 3349 397 3457 ipsi
425 3348 475 3462 ”)
504 3351 716 3452 occasione
747 3349 812 3430 vel
840 3353 1057 3433 autoritate
1085 3375 1260 3447 summa,
1292 3348 1335 3428 in
1363 3348 1459 3454 ipsis
1487 3346 1667 3445 terminis
1683 3345 1864 3452 gentium
1886 3341 2037 3454 seduli·
2177 3373 2179 3380 ⁴

244 3475 328 3540 tate
371 3457 419 3573 ²³)
462 3460 728 3569 praedicandi,
785 3481 921 3543 sancta
967 3459 1302 3569 multiplicaretur
1354 3457 1532 3560 Ecclesia
1555 3452 1617 3566 ’4)
1663 3453 1782 3556 dum·
1808 3453 2036 3564 vicinorum

243 3570 371 3680 ipsius
398 3572 588 3652 novitatis
617 3572 910 3681 Episooporum
938 3572 1066 3652 multa
1094 3570 1319 3670 latitudinis
1336 3596 1433 3652 cura
1461 3594 1545 3648 non
1571 3563 1794 3646 sufficiebat
1808 3561 2037 3655 discurrere

244 3709 318 3792 per
346 3684 490 3765 omnia.
534 3684 743 3791 Delegavit
770 3685 888 3764 etiam
917 3683 1045 3766 eidem
1073 3680 1312 3791 presbytero
1339 3677 1547 3789 quandam
1574 3673 1715 3756 cellam
1742 3672 1962 3788 Hrodnace
1986 3671 2036 3786 ²⁵)

244 3810 446 3898 vocatam,
489 3812 690 3903 quatenus
718 3791 847 3874 eidem
875 3794 966 3874 loco
1000 3792 1190 3902 periculis
1218 3790 1400 3899 undique
1428 3787 1477 3901 ²⁶)
1519 3783 1774 3886 circumdato,
1798 3785 1911 3866 lieret
1939 3812 2037 3894 sup·
2177 3807 2179 3888 ξ

244 3904 498 4015 plantentum.
530 3904 607 3986 Sed
636 3905 730 4014 quia
765 3906 1106 3986 consecrationem
1135 3901 1217 4010 jam
1246 3900 1345 3982 dicti
1372 3900 1469 4004 viri,
1497 3898 1616 3980 velox
1636 3895 1777 3982 exhac
1805 3893 2036 3998 lucetrau-
2177 3903 2179 3914 ’

243 4019 343 4096 situs
373 4017 430 4125 pii
456 4017 648 4124 genitoris
678 4017 720 4095 in
748 4014 891 4097 diebus
925 4014 1015 4122 ejus
1042 4014 1128 4095 fieri
1156 4011 1205 4125 ’7)
1248 4009 1475 4118 perhibuit,
1517 4034 1593 4118 ego
1613 4026 1754 4107 entem
1781 4033 1905 4133 quem
1932 3999 2036 4122 divi,

242 4153 298 4206 na
326 4128 375 4239 ²⁸)
405 4129 615 4208 clementia
640 4127 682 4206 in
711 4125 848 4207 sedern
875 4125 991 4233 regni
1021 4122 1117 4231 ejus,
1137 4123 1354 4218 asciverat,
1383 4147 1475 4222 curn
1503 4120 1546 4198 in
1574 4117 1740 4201 diversis
1768 4143 1884 4224 regm
1910 4142 2035 4229 nego-

244 4238 311 4318 tiis
339 4238 560 4319 insisterem
586 4238 664 4318 hoc
692 4265 857 4348 quoque
885 4234 1122 4346 praedictum
1150 4233 1199 4346 ’9)
1228 4233 1355 4343 patris
1382 4231 1462 4310 mei
1490 4226 1686 4327 studium,
1713 4225 1826 4310 v'elut
1853 4227 1970 4336 regni
1991 4219 2035 4306 in

283 4478 315 4559 8)
347 4477 574 4564 Episcopolem.
643 4483 757 4560 9-10)
804 4467 937 4541 derunt'
968 4480 1023 4540 in·
1049 4478 1131 4540 dio.
1198 4479 1245 4553 ιο)
1278 4474 1420 4556 gratiam.
1465 4475 1513 4550 ιι)
1546 4467 1702 4534 laudandi.
1766 4474 1815 4548 ts)
1846 4467 2036 4552 progenitor.
2176 4377 2179 4474 l

331 4561 378 4638 13)
399 4565 461 4623 sive
480 4559 697 4626 Winedorum.
733 4561 779 4638 ι4)
800 4559 1106 4624 Transalbi'aoorum.
1138 4557 1185 4636 15)
1207 4557 1380 4633 Ekeberto,
1401 4554 1600 4632 Exeleberto,
1622 4552 1804 4629 Ecrebano,
1825 4551 2036 4614 Ectelebetto.
2177 4561 2179 4654 )

328 4641 634 4720 16)dcsnntlocun1
661 4643 757 4704 illum
771 4645 861 4705 alias.
906 4649 953 4726 17)
981 4639 1106 4705 Heride.
1131 4639 1178 4714 16)
1199 4639 1508 4700 Transalhianorum.
1545 4641 1592 4719 19)
1614 4636 1833 4730 relaberentur.
1874 4637 1928 4711 2ο)
1947 4632 2034 4694 deest
2177 4655 2179 4758 ¹

319 4729 482 4788 *amicata
502 4725 561 4786 vel.
601 4729 652 4804 2ι)
674 4723 892 4810 disposueram.
934 4729 984 4802 22)
1004 4726 1078 4807 ipse.
1118 4723 1169 4798 23)
1191 4721 1395 4784 sedulitatem.
1436 4719 1486 4798 24)
1508 4728 1646 4780 sanctam
1668 4717 1888 4798 multiplicaret
1919 4713 2036 4776 Eccle-

324 4808 411 4868 siam.
458 4806 508 4885 25)
529 4805 706 4869 notenses.
748 4807 798 4889 26)
818 4808 904 4872 deest
934 4807 1078 4892 undique.
1119 4808 1170 4888 27)
1192 4804 1322 4878 desunt,
1347 4805 1379 4865 io
1400 4798 1508 4866 diebus
1540 4801 1602 4884 ejus
1633 4799 1707 4864 fieri.
1749 4797 1800 4878 28)
1821 4795 1936 4862 faventi
1952 4817 2033 4884 pers
2061 4807 2062 4810 ’
2177 4759 2179 4860 l

321 4901 443 4976 poena
483 4895 535 4976 29)
555 4889 701 4974 praedicti.
2178 4893 2179 4912 ¹
