4404 5960
822 521 1074 629 -107
1181 563 1245 590 -·
1382 601 1387 610 ,

1 859 3 865 >
137 770 268 900 (177*
393 787 408 818 “
748 753 894 860 1262
944 753 994 858 d.
1043 755 1115 862 25
1161 750 1309 860 Febr.
1683 757 1957 906 Perugia'
2011 697 2055 914 μ’

159 1018 162 1029 .
210 971 299 1034 Pdsv.
318 970 462 1038 Usamus
485 973 555 1036 ths
577 969 657 1034 Brel
670 968 718 1034 till
739 941 891 1056 Blslopen
912 974 923 1034 i
943 973 1117 1056 Linko'ping
1137 973 1209 1037 med
1229 969 1367 1034 tillsttnd
1387 981 1432 1034 att
1452 971 1515 1035 lan
1536 971 1623 1053 dem,
1644 995 1711 1038 som
1731 971 1773 1060 pt
1792 973 1852 1038 viss
1869 979 1914 1042 tid
1949 955 1967 964 η’

261 1075 339 1116 voro
360 1057 429 1118 lrdn
449 1057 570 1140 lyrlsan
590 1052 757 1136 uteslutue‚
777 1055 883 1132 lilvtil,
906 1055 956 1116 lb‘r
976 1065 1022 1117 att
1040 1056 1069 1137 ej
1090 1060 1167 1136 giira
1187 1056 1277 1117 deras
1292 1053 1412 1116 mindre
1433 1055 1536 1118 tanda
1549 1057 1635 1120 hrott
1656 1059 1919 1122 altmantbekan-

169 1145 174 1150 '
260 1147 310 1215 te,
329 1139 370 1222 pt
392 1137 438 1201 Sa
458 1140 544 1202 Petri
565 1133 627 1199 och
648 1136 751 1218 Pauli,
770 1139 961 1236 Linkiipings
980 1139 1177 1222 Domlsyrkas
1198 1135 1447 1222 Skyddshelgons
1462 1137 1537 1221 dag,
1558 1139 1570 1200 i
1589 1140 1713 1276 11111ἒάοὸ
1721 1141 1821 1276 hygin
1833 1146 1915 1224 ingai.

1671 1259 1679 1275 .
1715 1237 1785 1277 ss.

296 1354 485 1436 Vesanus
518 1355 678 1436 Illlztus
706 1355 933 1464 Episcopus
956 1383 1098 1437 seruus
1123 1381 1333 1436 seruorum
1367 1351 1433 1437 dei
1460 1354 1682 1438 venerabili
1716 1356 1872 1447 fratri.
1904 1421 1916 1439 .
2029 1362 2031 1372 ’

135 1465 333 1574 Episcopo
361 1466 589 1575 lincopensi
616 1466 783 1546 salutem
811 1471 852 1546 &
879 1466 1139 1575 apostolicam
1159 1464 1493 1549 benedictionem.
1523 1465 1773 1550 Cathedralis
1788 1469 1914 1549 cccle-
1985 1503 1989 1506 ·

134 1576 187 1654 sia
215 1575 456 1684 lincopensis
484 1605 563 1686 que
592 1575 817 1656 inhonore
846 1578 1058 1657 beatorum
1086 1578 1361 1685 apostolorum
1395 1577 1500 1685 petri
1527 1581 1566 1655 &
1593 1578 1703 1684 pauli
1731 1597 1915 1660 constru-

134 1701 195 1764 cta
225 1713 308 1766 esse
336 1685 571 1768 dinoscitur.
599 1686 645 1795 jn
671 1685 774 1768 festo
803 1688 984 1796 ipsorum
1012 1687 1129 1769 anuis
1156 1686 1322 1795 siugulis
1349 1713 1373 1765 a
1401 1687 1587 1767 uniuersa
1607 1686 1783 1769 fidelium
1814 1689 1915 1770 mul·

133 1795 303 1878 titudine
332 1820 408 1904 pro
436 1795 599 1878 illorum
612 1797 853 1900 neuerencia
873 1799 978 1879 sicut
1005 1799 1145 1878 asseris
1173 1795 1455 1876 venerabiliter
1489 1797 1676 1877 visitatur
1710 1800 1915 1880 nonnullis
2009 1851 2013 1860 ·

134 1907 408 2012 penitentibus
440 1905 492 1989 de
522 1908 689 1988 ciuitate
715 1935 762 1988 ac
790 1905 956 2014 dyocesi
983 1907 1207 2018 lincopensi
1227 1912 1269 1987 &
1282 1906 1369 1989 aliis
1388 1905 1559 1989 diuersis
1581 1907 1765 2015 partibus
1786 1909 1915 2018 Regni

129 2018 277 2099 swecie
304 2017 455 2128 quibus
485 2046 562 2126 pro
590 2020 672 2099 suis
699 2020 917 2100 commissis
945 2020 1075 2100 estin
1101 2019 1328 2128 penitencie
1354 2018 1445 2098 foro
1459 2015 1709 2126 prohibitum
1724 2048 1775 2101 ne
1789 2047 1918 2129 usque
2004 2035 2006 2042 '

133 2126 185 2208 ad
214 2143 368 2236 certum
396 2145 552 2238 tempus
581 2126 865 2236 ingrediantur
891 2131 1076 2211 ecclesias
1103 2145 1203 2209 tunc
1231 2156 1350 2210 causa
1377 2127 1608 2210 deuocionis
1637 2131 1914 2212 concurrenti

131 2238 207 2318 bus
236 2239 287 2321 ad
315 2240 521 2323 ecclesiam
548 2257 804 2322 memoratam
830 2233 903 2322 sed
929 2243 1025 2351 quia
1052 2241 1130 2349 ipsi
1158 2256 1327 2349 propter
1359 2238 1646 2322 inhibicionem
1681 2241 1914 2348 huiusmodj

1 2377 2 2385 ¹
132 2376 219 2429 eam
246 2350 290 2429 in
318 2339 428 2433 lanta
455 2350 752 2460 sollempnitate
777 2379 863 2432 non
896 2352 1061 2434 intrant.
1099 2351 1266 2460 quando
1297 2378 1350 2430 uew
1377 2349 1577 2459 contingit
1619 2352 1732 2460 quod
1774 2379 1916 2460 eornm

132 2476 297 2576 peccata
325 2489 406 2572 que
435 2459 605 2544 forsitan
632 2461 789 2545 occulta
802 2461 964 2544 fuerant
978 2462 1024 2570 jn
1037 2461 1227 2543 noticiam
1257 2380 1526 2570 plurimorum
1553 2458 1783 2543 deueniunt.
1800 2465 1915 2544 etsie

134 2571 193 2649 eis'
218 2599 263 2654 ac
291 2572 479 2680 pluribus
515 2573 604 2654 aliis
644 2588 866 2681 generatur
890 2572 1121 2680 scandalum
1149 2575 1202 2653 Et
1234 2569 1447 2653 interdum
1478 2569 1685 2682 aliquibus
1723 2600 1915 2681 persona·

132 2709 222 2762 rum
250 2683 476 2792 periculum
503 2711 574 2764 seu
602 2687 804 2768 bonorum
831 2686 1011 2766 imminet
1039 2681 1337 2765 detrimentum.
1387 2683 1531 2786 Quare·
1554 2682 1771 2790 petebasa
1798 2683 1920 2766 nobis

131 2819 253 2901 super
281 2795 360 2874 hoc
387 2793 602 2875 salubriter
630 2794 838 2903 prouideri
866 2799 951 2878 Nos
979 2798 1119 2905 itaque
1143 2794 1224 2876 tuis
1265 2790 1423 2874 deuotis
1455 2792 1824 2901 supplicacionibus
1852 2796 1919 2874 in-·

131 2902 270 2985 clinati
297 2904 445 2986 eisdem
487 2905 771 3014 penitentibus,
799 2905 1054 3016 ingrediendi
1081 2904 1287 2986 ecclesiam
1312 2904 1441 3011 ipsam
1467 2902 1513 3011 jn
1539 2902 1653 2984 dieto·
1680 2903 1781 2984 festo
1810 2903 1919 2983 dnn-

131 3031 243 3094 taxat
270 3042 354 3096 non
382 3014 566 3096 obstante
595 3015 841 3110 inhibicione
868 3016 1035 3126 prefata.
1064 3015 1234 3095 liberam
1250 3015 1491 3094 auctoritate
1507 3014 1759 3121 presencium
1787 3013 1915 3094 licen-

130 3125 234 3208 oiam
247 3125 479 3235 elargimur.
503 3127 653 3208 Datum
679 3127 837 3238 Perusij
865 3129 904 3208 V
931 3127 1027 3211 Kal.
1050 3125 1197 3235 Marcij¹
1220 3123 1915 3239 Pontificatusnostrianuoprimo.
2027 3127 2030 3134 *

133 3515 271 3659 47&
765 3518 912 3625 1261
961 3515 1010 3624 d.
1065 3482 1127 3628 11
1179 3515 1308 3664 Apr.

181 3767 192 3779 ·
214 3719 332 3798 Bracari
352 3735 444 3800 ants
465 3736 552 3822 intyg
572 3747 618 3800 att
636 3735 775 3802 Usrsun
796 3737 997 3804 al'Barestad
1016 3738 1105 3820 gilvit
1125 3737 1269 3802 Alvastra
1288 3736 1407 3798 kloster·
1432 3733 1479 3798 all
1496 3735 1546 3798 sin·
1574 3731 1727 3818 egendum·
1746 3732 1835 3796 11801
1854 3725 1919 3794 sels

265 3817 324 3882 sest
344 3819 416 3884 med
436 3819 543 3884 viltor·
559 3826 609 3884 att
624 3820 757 3884 ktosoet
772 3821 875 3886 slulle
891 3821 1077 3886 underhstta
1097 3817 1198 3883 henne
1218 3821 1230 3881 i
1250 3819 1365 3882 henues
1384 3817 1486 3901 811130
1504 3818 1612 3880 lifsticl.
1893 3815 1899 3827 ‘
2002 3833 2004 3841 ’

1571 3921 1782 3990 baum&

297 4071 340 4152 Β.
368 4070 437 4154 dei
461 4071 597 4181 gracia
626 4073 721 4153 Dux
747 4097 957 4155 sweorum.
986 4069 1182 4155 vniuersis
1209 4069 1362 4180 quibus·
1386 4070 1554 4177 presens
1577 4065 1772 4175 scriptum
1785 4064 1908 4143 inno--

127 4182 258 4261 tuerit
283 4182 456 4262 salutem
480 4183 522 4263 in
549 4181 716 4266 domino
744 4184 858 4268 ihesu
901 4183 1066 4265 christo.
1128 4183 1331 4262 Nouerint
1370 4179 1549 4261 uniuersi
1584 4195 1666 4259 tam
1704 4191 1909 4285 presentes

126 4319 255 4402 quam
282 4290 410 4374 futuri
437 4291 551 4403 quod
578 4293 774 4377 Wluildis
801 4297 856 4379 de·
879 4293 1067 4377 barestad
1094 4289 1294 4373 lobannis
1318 4316 1407 4372 mus
1441 4283 1650 4398 quondam
1690 4312 1808 4367 uxor.
1859 4283 1913 4362 ln
2053 4328 2062 4408 5

126 4404 339 4512 presencia
366 4419 505 4486 nostra
532 4403 768 4486 aluastrensi
795 4407 1028 4488 monasterio
1063 4404 1198 4484 omnia
1232 4431 1304 4484 sua
1330 4401 1493 4483 mobilia
1519 4405 1561 4481 81
1587 4397 1806 4480 immobilia
1833 4420 1915 4502 pro·

124 4513 260 4595 salute
287 4515 422 4596 anime
445 4543 519 4597 sue
529 4516 704 4598 eontulit
717 4515 798 4598 hac
809 4516 1050 4599 condicione·
1060 4508 1262 4595 mediante
1285 4527 1331 4593 ut
1359 4507 1560 4598 dominus..
1583 4510 1632 4591 D.
1661 4507 1790 4591 abbas-
1813 4504 1911 4586 dicti
1965 4610 1970 4620 .

125 4624 431 4734 monasterii&
458 4617 703 4709 successores
717 4628 803 4709 eius
833 4630 1011 4710 uniuersi
1038 4637 1257 4708 memorate·
1281 4621 1459 4706 Wluildi
1485 4617 1529 4702 in
1554 4619 1668 4702 uictu
1695 4625 1735 4700 &
1761 4618 1911 4732 uestitu

125 4727 471 4845 atqueomnibus
484 4739 713 4822 necessariis
727 4765 848 4850 quam
876 4737 947 4821 diu
974 4740 1131 4824 uiueret
1156 4733 1401 4816 sufficienter
1413 4728 1687 4844 prouiderent.
1713 4731 1765 4810 Jn
1792 4729 1911 4808 huius

125 4847 258 4954 igitur
285 4847 346 4928 rei
371 4849 645 4932 testimonium
674 4877 838 4959 presens
864 4851 1063 4960 scriptum·
1089 4843 1230 4930 damus
1257 4845 1380 4955 sigilli
1415 4843 1545 4926 nostri
1570 4843 1829 4955 appensione
1843 4864 1914 4917 1ο·
2033 4905 2035 4912 J

125 4955 336 5042 1101010111.
361 4959 610 5074 Quicunque
634 4975 770 5045 autem
795 4959 998 5072 prelatum
1023 4960 1300 5045 nonasterium
1325 4981 1449 5067 super·
1472 4956 1547 5039 hac
1581 4954 1810 5040 donacione
1847 4963 1913 5028 at·-
