4362 5946
981 419 1037 442 ··
1146 377 1253 460 262-
1336 419 1451 496 ιιι-ιν

277 605 386 686 ciam
412 598 486 680 uel.
505 593 751 706 infringunt,
780 611 854 678 ant
879 591 1292 707 indebitis-molestiis
1319 597 1561 708 opprimunt
1597 595 1744 684 fratres
1772 597 1899 707 ipsos,
1927 605 2046 688 &tan
2152 655 2153 690 2

280 713 466 823 deposita
486 716 617 820 'quam
643 735 709 790 res
736 705 937 817 diripiunt
965 709 1203 808 eorundem,
1238 739 1333 792 com
1367 706 1513 792 exinde
1549 710 1844 821 querimoniam
1879 709 2048 820 deposue-
2152 777 2153 810 s

280 829 364 906 rint
379 849 527 904 coram
556 822 684 902 nobis.
712 836 795 900 tam
823 820 1048 902 districtam¹
1070 823 1145 904 eis
1159 823 1357 904 iusticiam
1384 820 1559 919 faciatis,
1588 823 1712 903 &ita
1740 822 1829 902 iura
1844 847 1975 904 eorum
1992 826 2047 908 de-
2151 825 2153 860 *

278 933 461 1031 fondere,
490 961 538 1014 ac
565 942 829 1013 manutenere
856 934 1017 1018 curetis.
1060 935 1173 1044 quod
1202 933 1278 1042 ipsi
1309 931 1359 1014 ad
1389 959 1462 1012 nos
1490 961 1568 1042 pro
1597 929 1760 1015 defectu
1790 934 1947 1016 'iusticie
1971 963 2006 1018 se

278 1072 485 1128 recurrere
514 1070 600 1125 non
628 1062 836 1151 cogantur.
865 1041 945 1124 Sed
973 1072 1049 1125 nos
1076 1041 1389 1125 sollicitudinem
1418 1049 1458 1124 &
1487 1043 1763 1125 obedienciam
1790 1060 1959 1126 vestram
1993 966 2049 1130 f:
2108 1109 2112 1118 .

247 1217 254 1235 .
277 1161 440 1240 beamus
469 1152 761 1246 commendare.
792 1182 948 1266 uosque
977 1153 1263 1237 beneficiorum
1294 1181 1374 1265 que
1403 1155 1445 1235 in
1474 1172 1610 1235 sancta
1625 1155 1746 1236 domo
1777 1155 1845 1235 illa
1861 1154 1959 1237 liunt
1972 1187 2047 1266 par·

278 1269 421 1376 ticipes
448 1266 642 1346 existatis.
670 1269 855 1346 Preterea
886 1266 1033 1346 liberas
1062 1265 1335 1346 &absolutas
1369 1293 1562 1374 personas
1619 1293 1670 1346 ue
1699 1293 1740 1347 se
1768 1265 1907 1348 domui
1932 1296 2050 1348 eorum

279 1383 320 1460 in
349 1379 522 1459 sanitate
551 1376 615 1456 uel
644 1375 876 1458 infirmitate
904 1373 1159 1457 reddiderint
1187 1375 1314 1457 libere
1343 1403 1388 1456 ac
1416 1378 1501 1458 sine
1530 1293 1709 1457 mofestia
1737 1377 1867 1485 recipi
1908 1381 2052 1488 permit·

278 1493 372 1577 tatis
401 1490 453 1571 ab
482 1492 549 1570 eis.
579 1515 654 1568 nec
681 1488 792 1596 ipsos
819 1516 943 1597 super
970 1487 1048 1568 hoc
1076 1489 1279 1598 temptetis
1307 1480 1567 1596 aliquatenus
1594 1487 1802 1596 impedire.
1861 1488 1964 1569 Illud
1995 1517 2054 1570 au·

276 1622 359 1684 tem
387 1629 471 1679 non
499 1598 754 1680 mediocriter
782 1615 920 1679 mouet
948 1624 1022 1679 nos
1051 1625 1127 1679 nec
1155 1597 1357 1682 modicum
1384 1600 1649 1680 ecclesiastice
1670 1598 1841 1708 derogat
1861 1599 2053 1680 honestati

276 1709 391 1826 quod
419 1710 597 1820 quidam.
612 1723 792 1792 uestrum
821 1725 962 1790 contra
990 1710 1288 1793 institucionem
1318 1728 1549 1791 sanctornm
1574 1725 1740 1817 patrum
1766 1710 1809 1790 in
1835 1709 2054 1793 thuronensi

276 1823 449 1908 concilio
478 1819 628 1902 editam
656 1819 828 1901 fratrum
856 1822 1036 1931 ipsorum
1064 1847 1240 1931 corpora
1281 1849 1389 1901 cum.
1407 1819 1610 1903 decedunt
1637 1821 1786 1901 nolunt
1813 1821 1900 1902 sine
1936 1824 2055 1931 precio
2151 1867 2153 1874 ·

277 1934 461 2050 sepelire·
516 1928 635 2012 Vnde
663 1934 759 2043 quia
788 1950 871 2013 tam
898 1945 1027 2042 praua
1055 1933 1214 2029 exactio
1242 1936 1284 2012 &
1310 1932 1468 2046 iniqua,
1485 1959 1567 2012 non
1602 1947 1663 2011 est
1706 1932 1958 2044 aliquatenus
1992 1933 2056 2014 tol·

278 2029 475 2140 locanda..
490 2045 532 2124 in
562 2031 953 2154 obedienciegvobi‘s.
977 2043 1129 2136 uirtute
1148 2043 1422 2155 precipimus.
1452 2058 1498 2124 ut
1527 2040 1642 2124 nullo
1678 2042 1799 2127 modo
1828 2073 1853 2124 a
1882 2041 2056 2126 fratribus
2152 2029 2153 2050 Ν

210 2220 232 2240 .
278 2161 376 2268 ipsis
405 2157 471 2237 uel
499 2155 586 2263 alijs
612 2181 693 2263 pro
718 2154 928 2262 sepultura
955 2157 1175 2345 quicguam
1202 2155 1363 2265 exigere
1399 2153 1465 2235 uel
1494 2157 1677 2264 accipere
1707 2156 1785 2236 nisi
1812 2155 1925 2344 guod
1953 2183 2057 2263 spon-

142 2321 151 2339 .
278 2289 397 2350 tanea
435 2264 723 2347 decedencium
758 2265 977 2347 liberalitas
1005 2295 1056 2348 ue
1102 2283 1315 2376 parentum
1345 2263 1517 2347 deuocio
1545 2266 1660 2347 vobis
1691 2284 1818 2347 contu
1835 2268 1912 2348 erit
1932 2283 2057 2349 attem-

279 2382 413 2490 ptetis.
439 2376 513 2475 sed
542 2376 694 2486 absque
722 2376 806 2457 vllo
840 2379 998 2487 precio,
1025 2377 1227 2490 sepeliatis
1254 2405 1431 2487 corpora
1470 2388 1735 2459 mortuorum.
1777 2379 1829 2456 Et
1856 2380 1982 2487 siquis
1993 2373 2059 2457 hoc

279 2493 447 2576 ulterius
475 2490 797 2596 attemptauerit‚
825 2489 961 2572 taliter
989 2487 1320 2572 animaduertatis
1349 2490 1392 2569 in
1434 2515 1526 2568 eum
1567 2487 1681 2599 quod
1716 2487 1891 2597 amplius
1934 2488 2059 2569 similia

279 2632 362 2684 non
390 2617 604 2711 presumat.
634 2597 699 2681 Ad
727 2599 804 2680 hoc'
820 2618 1047 2709 presentem
1064 2602 1191 2709 vobis,
1208 2601 1448 2683 auctoritate
1464 2602 1709 2710 precipimus
1725 2627 1776 2680 ne
1791 2600 1843 2690 ab
1859 2601 1919 2681 eis
1934 2617 2059 2680 contra

278 2735 462 2804 tenorem
491 2712 800 2823 priuilegiorum
828 2712 1049 2821 apostolice
1079 2713 1185 2794 sedis
1215 2709 1265 2794 de
1286 2713 1544 2795 nutrimentis
1559 2710 1790 2792 animalium
1808 2713 2059 2793 suorumsiue

278 2829 329 2910 de
358 2827 456 2940 ipsis
485 2824 722 2922 animalibus
751 2823 924 2907 decimas
953 2826 1113 2933 exigere
1142 2825 1394 2932 presumatis.
1423 2825 1524 2904 Cum
1553 2843 1687 2904 autem
1715 2825 1896 2906 oratoria
1927 2823 1991 2904 uel
2016 2825 2060 2903 ci-

277 2940 434 3022 miteria
459 2931 683 3026 secundum
713 2934 825 3046 quod
849 2938 909 3020 eis
936 2952 996 3016 est
1022 2935 1230 3022 beneficio¹
1244 2936 1551 3045 priuilegiorum
1579 2931 1744 3018 ecclesie
1773 2933 1954 3015 Romane
1979 2961 2060 3014 con·

279 3078 435 3137 cessum
470 3045 662 3127 duxerint
703 3045 986 3130 constrvenda.
1026 3077 1098 3130 vos
1138 3047 1284 3128 fratres
1333 3047 1642 3155 Archiepiscopi
1685 3051 1724 3127 &
1761 3045 1956 3155 Episcopi
1996 3073 2060 3154 pro

279 3167 334 3243 eis
351 3190 408 3256 ‚ac
437 3157 588 3240 familia
615 3187 687 3240 sua
714 3175 800 3240 tum
829 3160 1006 3262 oratoria
1031 3155 1234 3255 dedicare,
1269 3187 1316 3239 ac
1343 3151 1536 3238 cimiteria
1564 3155 1804 3238 benedicere
1833 3159 2061 3265 procuretis.

280 3302 353 3354 nec
368 3347 373 3364 ‚
388 3271 533 3379 aliquis
561 3289 738 3352 vestrum
750 3335 755 3346 .
766 3287 909 3376 contra
937 3289 1119 3353 tenorem
1133 3269 1279 3380 priuile
1309 3270 1440 3350 iorum
1455 3269 1635 3377 ipsorum
1650 3266 1695 3350 id
1710 3265 1908 3377 impedire
1930 3267 2062 3348 audeat

280 3385 533 3493 aliquatenus
561 3382 634 3478 vel
654 3379 834 3465 turbare.
883 3381 1079 3464 Decetcro
1110 3381 1255 3462 fratres
1280 3299 1501 3490 bospitalis
1536 3377 1715 3460 eiusdem
1745 3381 1787 3458 in
1816 3382 1961 3459 vestris
1989 3377 2062 3486 epi·

278 3494 514 3603 scopatibus
540 3492 784 3574 constitutos
811 3493 884 3604 qui
913 3520 1075 3574 crucem
1106 3499 1146 3575 a
1172 3487 1291 3572 suum
1308 3492 1492 3575 habitum
1508 3487 1849 3601 deponentes'per
1864 3491 2062 3572 illecebras
2145 3550 2149 3560 .

274 3605 431 3689 scilicet
460 3611 499 3684 &
527 3605 723 3683 viciorum
750 3619 922 3716 arrupta
950 3622 1180 3712 vagantur„
1195 3609 1235 3684 8(
1264 3602 1354 3684 illos
1382 3603 1507 3683 eciam
1537 3603 1610 3712 qui
1631 3601 1838 3712 prioribus
1866 3604 1952 3683 suis
1980 3627 2063 3682 con·

279 3739 455 3802 tumaces
488 3721 528 3794 &
570 3712 738 3815 rebelles
768 3716 945 3798 existunt
987 3719 1026 3794 St
1068 3716 1224 3799 baliuas
1254 3713 1437 3797 detinent
1465 3730 1606 3796 contra
1635 3713 1865 3794 voluntates
1895 3717 2063 3822 ipsorum

281 3828 478 3911 moneatis
506 3827 709 3910 instanter.
739 3831 779 3906 8<
842 3853 889 3904 ro
915 3829 1036 3918 vestri
1062 3827 1170 3908 offici
1172 3858 1187 3936 J
1215 3826 1356 3908 debito
1385 3823 1656 3936 compellatis,
1688 3839 1734 3902 ut
1750 3825 1934 3907 habitum
1952 3826 2062 3931 depo

281 3943 401 4024 situm
432 3953 677 4021 resumentes
706 3939 748 4018 in
777 3853 1011 4017 odedientia
1041 3939 1288 4045 prelatorum
1316 3965 1483 4020 suorum
1505 3935 1651 4031 deuote
1678 3962 1726 4015 ac
1753 3934 1963 4019 humiliter
1984 3961 2064 4045 per·

277 4069 472 4136 seuerent.
507 4055 546 4128 81
576 4049 730 4150 baliuas
755 4075 828 4132 seu
856 4047 935 4128 alia
963 4042 1097 4130 officia
1126 4081 1199 4163 per
1220 4049 1458 4134 uiolentiam
1489 4046 1669 4130 detinere
1700 4047 1815 4128 nullo
1847 4047 1974 4129 modo
1985 4073 2065 4156 pre·

281 4181 449 4246 sumant.
508 4163 775 4269 Quicumque·
794 4175 929 4241 autem
957 4159 1238 4246 mandatorum
1268 4178 1500 4242 nostrorum
1521 4159 1728 4241 extiterint
1763 4178 2066 4270 contemptores.

282 4275 714 4375 excommunicacionis
739 4301 811 4358 eos
838 4272 1044 4353 sentencia
1076 4275 1317 4384 percellatis.
1353 4283 1475 4381 quam
1504 4271 1658 4353 faciatis
1700 4297 1828 4382 usque
1864 4269 1918 4352 ad
1961 4271 2066 4350 satis-

276 4386 498 4470 factionem
523 4381 768 4493 condignam
794 4383 1082 4468 inuiolabiliter
1107 4383 1328 4468 obseruari.
1380 4383 1564 4463 Preterea
1592 4383 1828 4491 quicunque
1868 4381 1922 4462 de
1951 4378 2067 4461 facul·

282 4499 429 4578 tatibus
455 4497 535 4578 sibi
562 4495 720 4581 collatis
750 4523 773 4575 a
800 4494 879 4578 deo
908 4493 1103 4583 fratribus
1128 4493 1397 4583 subuenerint
1438 4492 1653 4602 sepedictis
1680 4498 1719 4574 &
1746 4493 1790 4574 in
1819 4507 1900 4576 tam
1939 4506 2067 4572 sancta

283 4607 538 4689 fraternitate
565 4609 782 4692 statuerint
806 4635 848 4690 se
876 4607 1050 4716 collegas
1073 4611 1127 4690 eis
1159 4635 1209 4694 ue
1225 4604 1418 4690 beneficia
1433 4603 1704 4713 persoluerint
1717 4605 1939 4687 annuatim.
1955 4603 2010 4686 eis
2024 4601 2067 4681 de

199 4736 203 4745 ’
280 4718 492 4799 beatorum
536 4719 811 4828 apostolorum
854 4720 1024 4830 petri&
1051 4638 1173 4829 paufi'
1204 4717 1447 4800 auctoritate
1489 4714 1641 4798 confisi.
1675 4717 1888 4824 septimam
1919 4729 2067 4825 partem

282 4831 460 4909 iniuncte
489 4832 717 4934 penitencie
732 4830 965 4914 relaxamus.
992 4830 1227 4940 Apostolica
1255 4855 1421 4940 quoque
1451 4829 1689 4918 auctoritate
1718 4826 1772 4909 ob
1800 4827 2065 4908 reuerenciam

280 4943 407 5050 ipsius
434 4940 676 5028 venerabilis
707 4943 851 5036 domus
864 4943 1087 5042 statuimus,
1116 4958 1163 5023 ut
1190 4941 1270 5052 hijs
1300 4942 1370 5051 qui
1387 4968 1526 5022 eorum
1542 4936 1833 5027 fraternitatem
1850 4961 2066 5048 assumpse-
