4398 5958
1002 423 1286 558 'aero
1396 505 1497 590 -3

362 669 523 797 plenam
550 676 866 778 satisfaccionem
894 679 981 763 lieri
1009 685 1049 764 8<
1077 678 1319 792 condignam
1347 683 1606 793 Quicumque
1635 681 1761 792 igitur
1787 683 1889 769 hanc
1902 689 2089 778 solucionem

361 799 447 878 siue
472 793 833 876 commutacionem
866 791 1090 903 infringere
1125 795 1191 876 uel
1218 821 1411 877 reuocare
1439 798 1743 904 attemptauerit
1782 813 1929 906 partem
1952 829 2026 884 cun
2044 805 2089 888 da·

197 940 201 956 ·
330 959 332 964 π
359 905 463 991 duan
491 911 532 988 &
562 904 707 989 abiron
735 930 840 1016 quos
867 908 975 987 terre
1002 906 1121 987 uiuos
1154 905 1369 989 absorbuit
1396 932 1438 987 se
1466 907 1630 987 nouerit
1675 906 1913 1009 habiturum,
1939 930 1979 1014 rt
1990 931 2090 999 xalneu

359 1015 471 1102 istud
499 1016 653 1099 lactum
680 1031 920 1127 perpetuam
947 1017 1131 1100 obtineat
1158 1017 1405 1116 firmitatem,
1440 1015 1617 1124 sigillum
1645 1036 1839 1102 nostrum.
1871 1047 1944 1102 vna
1969 1051 2038 1105 cun
2058 1030 2089 1107 ei

245 1156 249 1165 ·
391 1129 469 1211 illis
497 1126 738 1212 dilectorum
779 1125 948 1209 fratrum
989 1144 1224 1210 nostrorum
1252 1128 1407 1211 domini
1442 1126 1696 1210 Wsldemari
1723 1135 1763 1212 er
1791 1130 1978 1214 domicelli
2010 1137 2091 1218 bene·

249 1241 259 1261 ⁵
360 1159 460 1326 dicti
487 1268 563 1324 neo
590 1266 675 1321 non
701 1237 1020 1322 reuerendorum
1048 1253 1212 1350 patrum
1240 1240 1499 1322 dominorum
1525 1241 1668 1322 Jacobi
1695 1241 1911 1351 upsalensis
1949 1242 2091 1355 archiepi

357 1355 485 1465 scopi.
515 1352 680 1434 Henrici
694 1348 949 1460 lincopeneis,
978 1351 1173 1459 bryniulfi
1188 1360 1394 1464 soanensis,
1422 1353 1470 1433 A.
1484 1352 1785 1460 strenginensis‚
1799 1355 1850 1434 lt.
1870 1355 2092 1454 abnuensielr

359 1465 486 1550 osoeri
527 1463 812 1560 terdonensis,
841 1467 882 1546 Sc
907 1461 1169 1546 dominorum
1190 1462 1386 1546 lobannis
1419 1461 1613 1572 philippi,
1642 1466 1778 1573 magni
1806 1467 2091 1576 Junssonbyrgui

359 1577 556 1690 philippi,
585 1582 626 1658 tc
652 1574 824 1657 aliorum
852 1575 1049 1656 maiorum
1076 1600 1121 1655 re
1151 1577 1193 1656 ni
1220 1601 1396 1684 quornm
1425 1575 1588 1655 nomina
1615 1601 1702 1654 non
1729 1592 1824 1686 sunt
1844 1594 2014 1658 annonta
2037 1607 2093 1686 pre

349 1689 540 1772 ,sentibus
554 1687 697 1768 litteris
719 1603 1178 1795 duximusepponendo.
1209 1687 1359 1767 Datum
1380 1684 1494 1779 aleno
1515 1711 1624 1768 enno
1640 1683 1804 1767 domiui.
1834 1689 2093 1772 Mcccttxn·

358 1800 449 1882 IX‘.
479 1792 678 1910 proxime
691 1794 870 1880 secunde
898 1793 998 1877 ferie
1026 1814 1120 1905 post
1146 1799 1419 1879 ascensionem
1448 1795 1615 1878 domini.
1913 1897 1920 1904 .

362 1953 366 1963 ·
564 1939 705 2025 sigillent
725 1940 786 2004 llto
811 1959 837 2022 ι,
859 1935 950 2018 3-5,
973 1958 1084 2022 7-10,
1110 1939 1229 2020 12-14
1249 1939 1359 2019 fiunem
1381 1943 1441 2004 Neo
1462 1959 1492 2019 n,
1512 1938 1543 2018 6,
1570 1959 1617 2020 11,
1643 1939 1690 2021 15,
1715 1935 1943 2006 reuerentiae.

363 2175 496 2322 671.
998 2207 1149 2319 1279
1195 2172 1244 2279 d.
1298 2175 1366 2280 15
1413 2171 1532 2316 Maj.

375 2417 379 2426 ·
439 2393 522 2460 Kon.
542 2395 673 2458 Mrorne
694 2391 734 2460 Its
753 2389 949 2457 Stadfe'stelse
969 2391 1012 2477 pt
1032 2413 1071 2454 en
1087 2391 1407 2472 iisverenskornmelse,
1428 2392 1632 2474 brerigenom
1653 2393 1770 2458 Bmota
1792 2394 1959 2460 Pmnrreson
1976 2394 2092 2458 ldnilttil

491 2475 639 2560 ongoths
659 2477 862 2558 Legmannen
882 2477 986 2538 Bmor
1006 2477 1052 2536 sin
1073 2473 1183 2538 bustru
1201 2475 1353 2538 Utrumne
1373 2476 1490 2558 gbrder·
1509 2476 1565 2540 Wi
1586 2475 1647 2536 och
1668 2475 1773 2560 Hoby,
1793 2479 1859 2541 och
1878 2481 1890 2541 i
1909 2477 2092 2543 ntlletiueder·

491 2560 545 2644 leg
564 2561 682 2626 lemnet
702 2557 803 2623 henne
823 2557 978 2642 gnutarne
998 2558 1134 2641 Ljungts
1153 2556 1215 2623 och
1236 2559 1391 2642 Frdeberg
1411 2561 1422 2622 i
1442 2557 1725 2642 Westergdtblend.
1790 2563 1830 2700 A'
1847 2644 1873 2698 6·
1891 2659 1915 2700 Ι,
1933 2659 1954 2700 n
1970 2584 2026 2716 W·

523 2773 725 2858 Omnibus
752 2774 805 2861 ad
831 2801 950 2889 quos
968 2774 1102 2856 littere
1136 2789 1345 2885 presentes
1374 2776 1646 2884 peruenerint.
1664 2774 1836 2887 Magnus
1849 2777 1913 2861 dei
1926 2779 2090 2890 graderer

355 2912 559 2972 sweorum
571 2885 739 2969 salutem
753 2889 799 2969 in
813 2887 979 2971 domino
990 2887 1289 2995 sempiternam.
1320 2885 1480 2970 Tenore
1495 2890 1749 2996 presencium
1763 2905 1945 2981 constare
1958 2890 2091 2970 uolumus

354 2996 568 3083 euidenter
595 2997 706 3106 quod
735 2995 947 3126 birgherus
976 2997 1151 3106 philippi
1179 2997 1285 3079 lilius
1313 2999 1358 3076 in
1384 3011 1524 3077 nostre
1545 3003 1752 3107 presencia
1780 3001 2005 3084 constitutus
2023 2996 2091 3079 duas

354 3111 499 3191 Curias
526 3104 671 3190 dilecte
698 3135 835 3199 uxoris
868 3136 939 3190 sue
968 3107 1131 3190 domine
1171 3105 1348 3190 ulwildis
1376 3105 1568 3189 uidelicet
1608 3111 1663 3192 wi
1692 3117 1731 3194 8<
1758 3110 1874 3211 bobis
1915 3112 2047 3195 domino
2063 3106 2090 3184 t.

354 3217 526 3328 legifero
552 3233 789 3328 osgotorum
817 3219 977 3331 placita·
995 3219 1102 3300 inter
1128 3244 1198 3300 eos
1226 3219 1327 3300 inito
1356 3221 1636 3300 conuencione
1658 3249 1750 3302 cum
1793 3223 1975 3307 omnibus
2000 3243 2090 3302 carun

354 3330 583 3414 attinenciis
610 3329 808 3428 uendidit,
836 3335 876 3412 &
903 3330 1022 3440 legali
1048 3327 1271 3412 tradicione
1299 3330 1582 3440 appropriauit
1616 3330 1746 3416 eidem
1796 3333 1853 3415 ab
1882 3335 1964 3446 ipso
1987 3329 2091 3412 &eius

352 3419 574 3526 heredibus
602 3458 800 3553 perpetuo
827 3438 1101 3554 possidendas.
1145 3443 1198 3522 Et
1225 3442 1323 3552 quia
1351 3439 1521 3522 forsitan
1548 3441 1599 3526 de
1626 3443 1715 3525 iure
1757 3443 1936 3528 alienare
1961 3471 2027 3526 non
2046 3465 2091 3549 pe

352 3553 433 3636 tuit
455 3555 542 3636 sine
565 3555 814 3662 competenti
841 3553 1223 3664 recompensacione
1264 3553 1396 3635 curias
1424 3570 1671 3652 memoratas,
1699 3552 1750 3640 ad
1778 3555 1919 3639 debite
1956 3575 2090 3662 conpen-

352 3665 523 3750 eandum
552 3663 722 3746 Domine
750 3661 980 3774 supradicte
1008 3662 1109 3746 duas
1136 3663 1278 3745 Curias
1304 3691 1397 3745 suas
1426 3663 1468 3745 in
1497 3666 1683 3772 uesgocia
1715 3669 1811 3748 sitas
1842 3663 2090 3770 videlicetljou·

352 3803 437 3888 gae,
466 3780 507 3858 or
532 3773 774 3886 frosbiaergh
805 3801 898 3855 cum
925 3801 1063 3857 earum
1091 3774 1318 3856 attinenciis
1363 3771 1492 3855 eidem
1520 3802 1598 3886 pro
1626 3775 1818 3886 predictis
1849 3779 1966 3862 curiis
1987 3768 2091 3882 legitti-

352 3911 418 3976 ma
443 3885 668 3972 tradicione
694 3886 893 3970 commisit
919 3884 973 3967 ab
1000 3887 1088 3996 ipsa
1115 3887 1268 3966 &eius
1296 3883 1514 3968 heredibus
1542 3903 1743 3996 perpetuo
1770 3887 2016 3999 possidendas
2034 3883 2091 3964 Nes

351 4025 451 4082 vero
478 3996 658 4110 prefatae
691 3997 985 4082 conuenciones
1011 3997 1135 4078 eciam
1163 3997 1197 4077 si
1225 3995 1326 4108 quid
1354 3997 1398 4079 in
1431 3998 1488 4077 eis
1528 3999 1661 4078 minus
1689 3996 1885 4108 legittime
1926 4019 2038 4083 actum
2057 4004 2091 4074 et

352 4139 444 4195 cum
471 4127 612 4198 nostro
638 4109 808 4194 consilio
834 4113 876 4192 &
903 4121 1099 4218 potestate
1117 4109 1228 4218 regia
1256 4107 1553 4206 confirmantes,
1582 4107 1819 4193 Jnhibemus
1841 4101 2089 4193 firmiterutt

196 4281 208 4290 -
350 4226 490 4312 stricte
523 4223 695 4334 nequis
722 4236 987 4312 memoratum
1022 4217 1243 4303 dominum.
1273 4219 1315 4304 B.
1343 4247 1415 4303 seu
1450 4247 1630 4302 sororem
1672 4221 1765 4336 eius¹
1783 4250 1910 4334 super
1945 4214 2089 4340 premittit

351 4332 670 4446 possessionibus
697 4331 949 4446 aliquatenus
976 4332 1202 4442 inquietare
1230 4346 1447 4439 presumat.
1477 4329 1542 4412 Ad
1562 4329 1787 4441 pleniorem
1816 4349 1950 4416 autem
1975 4347 2087 4443 proult

350 4473 487 4530 sorum
528 4441 776 4529 euidenciam
819 4445 859 4525 &
900 4444 1064 4526 roboris
1100 4441 1330 4524 firmitatem
1378 4441 1555 4551 sigillum
1596 4459 1780 4527 nostrum
1820 4471 1903 4526 vna
1944 4471 2023 4527 cun
2047 4433 2089 4517 de

349 4557 552 4644 minorum
586 4554 809 4668 vpsolensis
835 4553 1130 4664 archiepiscopi
1154 4580 1231 4635 nec
1272 4579 1358 4638 non
1386 4561 1426 4636 &
1454 4552 1726 4667 lincopensin
1768 4553 1969 4639 cluanensis
1999 4569 2090 4668 suen

378 4670 534 4750 enensis
547 4665 829 4752 wexionensis
847 4665 1154 4777 Episcoporum,
1168 4665 1474 4777 &swanmpolc
1500 4663 1635 4773 Magni
1663 4666 1858 4750 Johanuis
1891 4667 1963 4778 filij
1986 4653 2091 4747 anund

348 4697 510 4861 beraldi
524 4778 597 4887 filij
623 4805 671 4864 ac
689 4777 911 4861 memorati.
941 4777 984 4859 Β.
1012 4775 1153 4885 sigillis
1180 4777 1438 4888 presentibus
1456 4777 1600 4858 litteris
1614 4774 1803 4879 duximus
1829 4769 2091 4892 appendentur

350 4893 501 4974 Datum
530 4914 638 4972 anno
664 4887 828 4972 domini.
857 4885 1177 4973 M⁰.CC⁰.LXX⁶.
1206 4889 1336 4971 Nono.
1365 4886 1474 4988 idus
1501 4885 1607 4996 llleij.

662 5027 791 5113 Sigillen
811 5033 822 5095 i
843 5031 916 5113 gule
937 5013 1147 5095 attereretur
1168 5029 1227 5094 Neo
1244 5027 1330 5092 Ια--θ
1351 5029 1458 5110 finnen
1479 5031 1539 5096 Neo
1565 5050 1591 5111 r,
1612 5049 1635 5115 9
1653 5029 1830 5096 bortlellne.
