4398 5958
947 429 1022 460 ....
1114 381 1198 477 aas
1309 429 1384 464 .....

272 632 382 700 mota
409 609 529 695 nobis
556 635 581 686 a
609 603 774 690 domino
802 603 967 711 Rigensi
994 604 1299 712 archiepiscopo
1342 603 1555 712 quastione·
1598 630 1721 714 super
1761 605 1918 715 capella
1958 607 2067 694 beati

270 724 405 839 jacobi
433 720 596 826 Wisby
624 720 668 800 in
694 735 832 821 nostra
855 717 936 796 sita
966 714 1131 822 dyocesi
1157 722 1197 797 8(
1225 715 1344 796 nobis
1374 714 1607 824 petentibus
1655 717 1870 826 priuilegia
1910 721 1944 800 si
1987 750 2066 832 qua

271 861 393 950 penes
435 834 567 941 ipsum
614 847 745 912 essent
791 827 943 940 quibus
991 829 1264 912 intencionem
1312 855 1427 911 snam
1476 844 1612 936 posset
1661 826 1911 912 sufficienter
1958 861 2062 914 com·

269 948 439 1036 munire.
469 943 618 1053 Elapso
648 941 771 1050 longo
813 957 994 1050 tempore
1037 967 1129 1020 cum
1172 967 1249 1021 nee
1286 940 1466 1049 aliquam
1503 965 1722 1048 personam
1764 939 1967 1050 ydoneam
2013 945 2061 1026 ad
2109 971 2114 984 ’

269 1062 400 1171 ipsam
426 1055 622 1163 capellam
649 1054 768 1135 nobis
798 1055 885 1133 iure
914 1068 1156 1160 patronatus
1184 1065 1447 1160 presentaret.
1472 1077 1551 1131 nec
1566 1052 1736 1135 alicuius
1751 1056 2061 1162 exemptionisa

239 1163 242 1174 ⁴
272 1174 365 1283 jure
394 1167 598 1250 communi
628 1166 842 1273 priuilegia
870 1164 989 1244 nobis
1017 1161 1247 1245 ostenderet
1275 1165 1368 1244 licet
1396 1164 1432 1242 ei
1462 1161 1709 1245 sufficienter
1722 1168 1970 1248 commonito
1998 1196 2061 1247 su·

145 1317 150 1324 ·
272 1311 346 1394 per
372 1281 449 1362 hiis
477 1278 635 1360 diucius
664 1275 923 1356 deferremus.
952 1276 1056 1355 sicut
1084 1276 1210 1354 eciam
1235 1302 1306 1355 ore
1336 1273 1388 1355 ad
1415 1299 1462 1356 os
1497 1272 1663 1357 domino
1698 1276 1933 1358 darhetensi
1980 1281 2062 1388 epi·

270 1422 395 1502 scopo
409 1411 507 1474 tunc
522 1389 647 1469 tutori
663 1388 845 1496 Rigensis
874 1385 1039 1470 ecclesie
1068 1385 1214 1468 fuimus
1245 1385 1351 1467 collo
1384 1387 1453 1466 uti.
1485 1387 1569 1467 Nos
1597 1389 1726 1494 ipsam
1755 1385 1902 1468 dictam
1931 1391 2063 1499 capel·

270 1507 350 1586 lam
378 1530 455 1612 pro
484 1498 676 1581 derelicta
706 1499 929 1580 habentem·
950 1495 1233 1605 intelligentes.
1262 1497 1325 1578 Na
1346 1415 1502 1578 diucius
1524 1498 1653 1580 cultui
1675 1497 1816 1580 diuino
1831 1501 1904 1610 qni
1922 1503 1965 1580 in
1980 1507 2063 1610 ipsa

270 1618 358 1720 lieri
387 1613 596 1696 consueuit
643 1609 903 1714 obseruancia
928 1609 1082 1691 ¹debita
1125 1611 1398 1691 subtrahatur.
1441 1607 1637 1720 prefatam
1666 1610 1870 1718 capellam.
1900 1610 2063 1696 domino

264 1727 331 1814 be.
362 1724 539 1832 plebano
566 1721 728 1803 ecclesie
756 1739 891 1802 sancte
919 1721 1114 1801 trinitatis
1160 1722 1294 1820 wisbt
1323 1722 1575 1829 presencium
1609 1722 1848 1803 auctoritate
1877 1725 1919 1802 in
1948 1730 2063 1834 spiri·

271 1837 447 1921 tualibus
476 1841 515 1914 8(
543 1833 835 1941 temporalibus
865 1832 1189 1913 commendamus
1202 1833 1371 1914 firmiter
1385 1833 1612 1914 inhibentes
1629 1859 1679 1912 ne
1693 1837 1783 1942 quis
1799 1836 2062 1946 ipsumsnper

137 2047 141 2055 p
271 1978 317 2031 ea
347 1964 549 2057 presumat
577 1945 829 2052 aliquatenus
859 1945 1069 2023 molestare
1098 1947 1148 2022 Jn
1176 1946 1291 2028 cuius
1319 1948 1378 2025 rei
1405 1944 1680 2025 testimonium
1721 1961 1929 2054 presentes
1960 1948 2061 2029 litte·

270 2088 336 2141 ras
364 2055 493 2139 eidem
520 2057 763 2136 contulimus
792 2057 911 2162 sigilli
940 2055 1069 2136 nostri
1100 2057 1320 2137 munimine
1348 2057 1539 2136 roborata
1574 2056 1721 2135 Datum
1736 2057 1974 2150 Kasterldso
1994 2088 2060 2140 an·

270 2200 326 2254 no
355 2167 511 2276 dominj
541 2165 763 2248 lllCCLXX
791 2167 969 2248 secundo
999 2168 1043 2248 in
1070 2167 1204 2276 vigilia
1234 2168 1511 2277 apostolorum
1540 2167 1644 2275 petri
1674 2171 1721 2248 &-
1740 2167 1863 2276 pauli.

141 2599 144 2602 ·
276 2562 407 2670 565.
1093 2561 1261 2705 1273.

327 2753 577 2846 'Brestmannen
598 2781 716 2842 Persas
737 2783 749 2840 i
770 2780 850 2861 Berg
870 2779 1066 2844 Testamente
1087 2782 1124 2844 af
1140 2780 1425 2863 gt1·da1·neiBerg
1446 2779 1507 2844 och
1528 2781 1644 2846 Herlb't'
1659 2781 1721 2846 och
1736 2786 1909 2927 penningpr
1931 2783 1977 2846 till
1996 2787 2058 2868 lly-

404 2866 476 2927 dala
498 2863 559 2926 och
581 2863 723 2924 Calmare
744 2863 875 2941 kloster,
898 2864 1071 2948 Hospitalet
1090 2866 1131 2949 pt
1153 2861 1265 2943 (lland,
1287 2867 1497 2944 sathexib',
1519 2865 1755 2948 Qvenneberga,
1777 2879 1829 2946 or,
1884 2868 1972 2948 erlo'f,
1983 2866 2056 2951 dya-

403 2949 448 3033 by
467 2947 529 3011 och
550 2948 644 3029 Bergs
664 2945 783 3030 kyrlor
804 2945 864 3008 och
886 2947 1050 3010 Presterna
1071 2950 1082 3010 i
1103 2947 1353 3032 Nurr-Widinge
1374 2946 1482 3011 hinad.

1763 3032 1933 3104 Αᾼιφ

433 3167 485 3246 Jn
512 3164 674 3246 nomine
702 3165 831 3275 patris
860 3169 899 3246 8(
931 3165 1004 3274 filij
1032 3170 1071 3245 8(
1099 3167 1264 3274 spiritus
1299 3165 1436 3248 sancti.
1494 3167 1582 3276 Ego
1616 3161 1754 3278 petrus
1796 3167 1985 3248 sacerdos
2013 3166 2058 3247 de

266 3276 436 3386 biaergh
463 3304 583 3356 sanus
609 3282 650 3356 8(
677 3274 888 3356 incolumis
918 3279 960 3358 in
989 3279 1260 3358 remissionem
1289 3306 1472 3359 meorum
1488 3279 1764 3386 peccaminum
1779 3295 2058 3359 testamentum

264 3416 399 3470 meum
430 3387 594 3470 condidi
622 3389 665 3466 in
693 3387 804 3468 hunc
837 3387 1000 3469 modum
1029 3391 1079 3468 Jn
1110 3391 1250 3497 primis
1279 3388 1332 3469 ad
1360 3389 1557 3469 honorem
1585 3391 1752 3500 virginis
1778 3389 1954 3499 gloriose
1982 3417 2057 3471 me·

266 3498 456 3580 dietatem
485 3498 696 3582 domorum
727 3525 902 3581 mearum
931 3527 1032 3610 quas
1064 3502 1110 3580 in
1139 3499 1268 3582 fundo
1297 3499 1465 3581 ecclesie
1499 3499 1866 3610 byaerghedificaui
1898 3507 1938 3582 8(
1968 3531 2057 3584 con·

265 3609 390 3720 digno
418 3612 556 3719 precio
584 3613 830 3717 comparaui.
860 3611 1035 3692 claustro
1065 3613 1289 3692 noueuallis
1312 3610 1364 3691 ad
1379 3640 1472 3692 vsus
1487 3611 1661 3692 fratrum
1676 3610 1826 3694 ibidem
1842 3612 1921 3694 deo
1936 3616 2057 3693 serui-

265 3724 425 3803 encium
453 3721 620 3804 confero
649 3738 847 3830 perpetuo
877 3723 1148 3831 possidendas.
1184 3727 1368 3826 Quarum
1397 3723 1648 3804 medietatem
1677 3724 1871 3805 fratribus
1887 3723 1938 3805 de
1954 3727 2058 3804 clau·

265 3854 348 3915 stro
391 3833 611 3913 kalmarnie
655 3862 744 3913 cum
786 3831 873 3912 aliis
903 3831 1041 3913 decem
1070 3839 1213 3912 marcis
1242 3834 1435 3940 delegaui.
1464 3835 1654 3914 Ceterum
1682 3835 1847 3915 ecclesie
1882 3837 2058 3914 Waexio·

151 3977 157 3989 ¹
263 3946 388 4027 nensi.
416 3945 486 4026 ΙΙΙ.
515 3972 668 4024 marcas
696 3943 967 4025 denariorum.
996 3944 1160 4025 ecclesie
1182 3944 1570 4050 Quaenabiaerghum.
1608 3946 1639 4025 Ι.
1668 3973 1853 4025 marcam.
1885 3945 2057 4026 ecclesie.

264 4075 323 4150 nr.
351 4059 382 4136 Ι.
415 4082 601 4139 marcam.
632 4056 795 4134 ecclesie
825 4053 875 4135 de
904 4055 1099 4136 haeraelde.
1130 4056 1160 4135 Ι.
1177 4082 1364 4154 marcam
1392 4055 1555 4134 ecclesie
1584 4054 1634 4136 de
1662 4054 1784 4154 nabit.
1814 4057 1844 4136 Ι.
1871 4085 2060 4139 marcam.

262 4165 424 4250 ecclesie
453 4165 503 4249 de
531 4165 710 4274 biaergh.
742 4167 811 4245 ΙΙΙ.
843 4195 1003 4249 marcas.
1036 4171 1076 4245 8(
1105 4166 1274 4274 singulis
1296 4165 1593 4246 'sacerdotibus
1628 4165 1679 4248 de
1722 4168 2061 4278 norwibingahae·

264 4281 363 4362 raeth
390 4279 490 4363 duas
517 4306 671 4358 marcas
713 4275 968 4360 denariorum
1014 4308 1090 4388 pro
1130 4277 1345 4360 elemosina
1389 4278 1489 4358 duxi
1533 4275 1810 4360 conferendas.
1868 4277 2060 4360 Predium

265 4420 396 4471 meum
416 4387 538 4501 'quod
567 4387 748 4470 haeraelde
784 4390 969 4498 possideo
997 4419 1086 4472 cum
1117 4391 1305 4472 omnibus
1332 4389 1559 4471 attinenciis
1576 4390 1818 4472 monasterio
1835 4392 2063 4472 noueuallis

263 4515 341 4610 pro
369 4503 460 4584 loco
487 4503 693 4611 sepulture
722 4528 807 4580 mee
836 4503 878 4581 in
907 4500 1050 4584 eodem
1066 4506 1319 4586 monasterio.
1348 4500 1514 4582 confero
1543 4519 1742 4610 perpetuo
1754 4500 2061 4612 possidendum.

264 4613 463 4719 Hospitali
490 4617 533 4694 in
562 4609 725 4707 olandia
753 4609 855 4693 duos
885 4615 1007 4695 lectos
1035 4644 1127 4696 cum
1155 4617 1287 4696 tribus
1335 4611 1459 4721 parijs
1496 4612 1803 4696 lintheaminum
1846 4612 2063 4720 delegabo.

264 4724 378 4804 Datis
407 4723 501 4806 istis.
529 4729 564 4806 si
591 4725 726 4835 aliqua
755 4743 849 4805 sunt
882 4724 932 4805 de
961 4725 1079 4807 bonis
1109 4728 1206 4807 meis
1233 4726 1486 4805 remanencia
1516 4724 1713 4805 fratribus
1741 4726 1964 4830 noueuallis
1979 4754 2062 4834 pro

264 4833 477 4923 elemosina
506 4835 606 4922 duri
633 4835 891 4920 conferenda.
919 4837 979 4918 Ne
1009 4839 1133 4947 igitur
1160 4841 1232 4919 has
1260 4837 1507 4947 prouisionis
1539 4863 1627 4923 mee
1655 4838 1818 4919 litteras.
1849 4838 1893 4917 in
1922 4854 2063 4945 poste-

262 4973 354 5026 rum
382 4946 526 5058 aliquis
569 4977 668 5030 ausu
696 4951 906 5029 temerario
935 4950 976 5026 in
1006 4949 1188 5032 futurum
1218 4947 1366 5030 audeat
1395 4975 1634 5061 precassare.
1691 4948 1841 5059 Sigillis
1869 4947 2064 5032 videlicet
