4368 5950
693 469 1237 556 1-185-

119 692 220 776 tiam
246 689 433 790 filiorum,
462 719 545 804 qna
572 689 689 802 ponit
729 689 899 778 humiles
939 691 983 772 in
1024 689 1203 789 sublimi,
1245 697 1285 773 8(
1312 679 1504 774 merentes
1544 693 1663 802 erigit
1704 694 1929 806 sospitates

123 805 309 912 Cumque
324 802 743 914 incomprehensibilia
758 804 840 883 sint
854 801 1002 883 iudicia
1015 829 1105 898 sua,
1133 809 1172 883 8(
1202 802 1496 910 inuestigabiles
1521 805 1607 884 eius
1620 806 1706 900 viae,
1734 807 1841 888 istud
1857 837 1909 889 en

122 916 181 996 eis
208 928 392 996 tenemus
419 943 497 1023 pro
526 929 651 1011 certo,
684 914 796 1024 quod
809 913 958 992 ‘omnia
976 916 1092 994 *iusto
1121 911 1217 995 facit
1244 907 1400 1009 iuditi0,
1430 915 1547 995 nobis
1563 932 1696 997 tamen
1709 915 1909 1016 ineffabili
1948 909 1953 920 ’

122 1032 163 1107 8(
191 1023 363 1106 occulto.
395 1026 498 1107 Sane
525 1025 660 1115 faelicis
693 1023 980 1117 recordationis
1015 1024 1251 1106 Innocentio
1295 1026 1402 1131 Papa
1446 1023 1738 1106 Praedccessore
1767 1046 1909 1111 nostro

124 1137 312 1245 septimo‘
326 1127 495 1222 decimo
511 1135 706 1217 Calendas
734 1137 904 1243 Augusti
928 1135 1061 1215 soluto
1083 1134 1226 1216 debito
1253 1136 1402 1230 caruis,
1431 1133 1482 1215 ad
1511 1137 1715 1243 regionem
1742 1140 1911 1220 Sancto-

125 1261 219 1328 rum
247 1248 481 1356 Spirituum,
510 1267 553 1328 vt
581 1245 792 1340 credimus,
809 1264 989 1342 euocato,
1018 1252 1056 1324 8(
1084 1248 1265 1355 sequenti
1300 1243 1365 1325 die
1392 1245 1601 1326 celebratis
1636 1250 1833 1356 exequiis,
1862 1280 1910 1330 ac

130 1385 221 1441 cum
247 1357 404 1438 bonore
434 1356 573 1439 debito
600 1357 798 1438 collocato
827 1357 952 1464 ipsius
985 1384 1156 1464 corpore
1186 1359 1227 1436 in
1255 1354 1480 1465 sepulchro,
1495 1384 1574 1442 tna
1594 1385 1685 1436 cum
1700 1359 1911 1444 Fratribus
2029 1421 2033 1434 ,

125 1469 276 1574 nostris
302 1465 358 1552 ad
387 1467 616 1576 eligendum
653 1469 914 1549 conuenimus
943 1494 1221 1562 successorem,
1250 1474 1290 1547 8(
1318 1465 1382 1548 die
1417 1468 1537 1548 tertio
1572 1469 1745 1574 Spiritus
1774 1470 1911 1551 Sancti

124 1580 257 1687 gratia
300 1580 506 1674 inuocata,
549 1607 670 1686 super
699 1579 777 1658 hoc
805 1581 1065 1660 tractauimus
1094 1576 1324 1684 diligenter,
1353 1582 1393 1656 8(
1421 1596 1512 1685 post
1540 1594 1753 1662 tractatum
1790 1578 1912 1664 diuti-

9 1682 11 1688 ’
120 1717 224 1771 uum
251 1688 409 1796 placuit
437 1689 634 1770 fratribus
660 1691 855 1770 uniuersis
883 1689 1059 1768 humeris
1088 1690 1242 1770 nostris¹
1262 1690 1448 1798 quamuis
1476 1687 1810 1772 insufficientibus
1838 1694 1947 1774 im·‘

126 1827 281 1910 ponere
311 1827 414 1880 onus
444 1799 658 1898 istud;·Et
686 1795 779 1880 licet
807 1800 1016 1907 inprimis
1051 1797 1282 1878 duxerimus
1312 1797 1586 1890 resistendum,
1610 1806 1666 1880 ¹ne
1700 1813 1833 1882 tamen
1853 1807 1912 1882 vi·
1978 1868 1981 1875 .

127 1913 364 1994 deseremur
391 1911 594 1990 vocationi
620 1909 771 1990 *diuinae
800 1911 999 2004 resistere,
1022 1909 1276 1990 submisimus
1290 1908 1479 1990 humeros
1494 1908 1802 2016 adportandum,
1823 1941 1913 2020 spe·

128 2038 268 2104 rantes.
290 2021 335 2099 in
363 2045 431 2116 eo,
459 2021 532 2128 qui
561 2021 719 2128 linguas
748 2020 963 2102 infantium
992 2019 1088 2100 facit
1122 2049 1205 2101 esse
1233 2019 1418 2116 disertas,
1445 2019 1558 2130 quod
1588 2021 1672 2127 ipse
1701 2022 1771 2132 qui
1818 2043 1912 2104 vota

127 2133 302 2212 fratrum
332 2128 547 2238 aspirando
577 2134 784 2240 praeuenit,
813 2148 1083 2242 prosequatur
1111 2133 1231 2212 etiam
1265 2131 1510 2212 adiuuando.
1561 2129 1765 2212 Fiduciam
1808 2136 1913 2214 enim

129 2244 250 2324 talem
265 2240 461 2334 habemus
491 2269 563 2348 per
593 2241 798 2323 Christum
826 2241 877 2324 ad
907 2245 1055 2346 Deum,
1084 2267 1166 2321 non
1195 2241 1308 2350 quod
1335 2240 1578 2327 sufficientes
1593 2243 1714 2320 simus
1736 2247 1914 2351 cogitare

128 2353 286 2463 aliquid
315 2349 482 2432 anobis
511 2349 627 2460 quasi
656 2379 705 2431 ex
734 2353 863 2449 nobis,
892 2351 962 2432 sed
992 2369 1129 2446 nostra
1160 2351 1401 2431 sufficientia
1432 2369 1571 2434 estex
1600 2354 1704 2447 Deo,
1740 2357 1811 2462 qui
1838 2365 1915 2437 nos

1 2544 7 2553 ,,
129 2464 184 2545 ad
198 2491 317 2544 suum
329 2462 593 2544 ministerium
609 2466 806 2544 euocauit.
836 2462 1114 2546 Sollicitudine
1143 2463 1267 2570 igitur
1296 2462 1581 2543 Ecclesiasticus
1596 2465 1838 2570 prounionis
1854 2496 1914 2546 as·

126 2591 307 2682 sumpta,
337 2579 376 2656 8(
405 2601 475 2681 spe
503 2601 589 2655 non
617 2573 774 2654 modica
803 2574 853 2656 de
881 2574 997 2656 vobis
1025 2591 1239 2682 concepta,
1269 2600 1370 2682 quos
1385 2571 1502 2654 nobis
1523 2573 1792 2656 misericordia
1807 2578 1915 2658 Con·

127 2685 275 2769 ditoris
309 2681 361 2767 ad
396 2685 500 2784 tanti
533 2686 668 2764 oneris
704 2685 939 2792 grauitatem
975 2682 1128 2763 facilius
1164 2682 1444 2795 perferendam
1477 2684 1521 2764 in
1555 2685 1809 2794 participium
1855 2689 1916 2767 in-

126 2796 288 2884 stantiae
313 2810 461 2876 nostrae
488 2794 733 2904 quotidianae
748 2797 969 2904 assumpsit.
998 2796 1309 2876 Vniuersitatem
1328 2812 1500 2876 vestram
1514 2823 1700 2904 rogamus
1714 2801 1915 2890 attentius,

125 2915 173 2990 8(
207 2933 413 2986 monemus
457 2909 496 2984 8(
538 2906 798 2985 exhortamur
834 2908 876 2985 in
913 2905 1104 3002 Domino,
1146 2923 1344 3016 quatenus
1378 2905 1699 2986 insufficientiam
1740 2926 1918 2988 nostram

126 3016 245 3126 apud
273 3044 383 3112 eum,
412 3017 484 3123 qui
513 3013 583 3095 dat
612 3016 799 3096 omnibus
828 3015 1042 3096 affluenter
1071 3023 1110 3098 8(
1145 3035 1229 3099 non
1265 3017 1511 3124 improperat
1554 3017 1804 3098 orationibus
1845 3015 1917 3104 ad·

81 3133 89 3140 “
127 3131 299 3224 iuuetis,
328 3132 368 3206 8(
389 3127 502 3206 circa
532 3127 778 3207 commissam
809 3127 926 3205 nobis
955 3128 1155 3206 Dominici
1184 3127 1315 3235 gregis
1344 3153 1482 3204 curam
1504 3127 1715 3234 diligenter
1744 3135 1782 3209 8(
1810 3128 1917 3207 utili-
1952 3135 1955 3144 '

129 3257 198 3342 ter
227 3239 436 3347 vigilantes
466 3251 649 3317 nostrum
692 3239 877 3350 satagatis
910 3237 1114 3319 humiliter
1156 3236 1344 3346 supplere
1387 3236 1603 3349 defectum,
1628 3245 1670 3336 8(
1698 3240 1920 3324 iniunctam

130 3351 255 3431 nobis
282 3347 492 3456 pastoralis
521 3348 654 3426 oneris
683 3351 932 3456 grauitatem,
960 3349 1144 3456 vigilanti
1172 3349 1306 3428 studio
1335 3350 1611 3457 comportetis,
1640 3356 1679 3428 8(
1707 3351 1748 3430 in
1783 3349 1920 3429 Eccle-

128 3463 294 3542 siastica
320 3460 489 3554 unitate,
520 3456 763 3555 obedientia,
793 3465 832 3538 8(
861 3459 1078 3539 deuotione
1101 3459 1347 3568 Apostolicae¹
1370 3458 1501 3555 Sedis,
1539 3458 1688 3569 quibus
1723 3461 1919 3541 hactenus

129 3570 311 3652 Ecclesia
328 3569 561 3678 Vpsalensis
578 3567 684 3647 inter
697 3585 859 3648 caeteras
878 3571 1128 3678 potissimum
1156 3569 1293 3649 floruit
1321 3573 1361 3648 8(
1391 3567 1648 3651 fructificauit
1683 3573 1921 3650 suauitatem
2020 3661 2024 3668 .

130 3681 293 3776 odoris,
322 3681 426 3758 sicut
453 3707 547 3784 ager
577 3677 720 3786 plenus
748 3680 813 3757 cui
843 3678 1048 3758 benedixit
1078 3681 1272 3760 Dominus
1295 3679 1461 3760 firmiter
1490 3682 1764 3787 persistentes,
1793 3679 1845 3758 ad
1874 3707 1919 3758 ea
2008 3716 2018 3727 ·

131 3815 229 3902 qum
260 3792 370 3897 pacis
397 3799 492 3868 sunt
521 3787 759 3896 impendatis
787 3788 964 3869 studium
994 3789 1164 3896 diligens
1192 3797 1230 3869 8(
1258 3815 1419 3898 operam
1449 3790 1659 3874 efficacem.
1705 3794 1787 3872 Nos
1816 3791 1921 3868 enim

89 3935 93 3941 ·
129 3933 211 3984 vos
239 3918 432 4009 tanquam
460 3899 700 4007 principalia
729 3899 904 3980 membra
935 3901 1118 3980 Ecclesiae
1148 3901 1343 3980 honorare
1366 3900 1626 3999 intendimus,
1656 3908 1695 3981 8(
1723 3904 1764 3981 in
1793 3927 1921 4008 quau-

132 4033 225 4095 tum
257 4011 479 4126 permiserit
507 4010 702 4089 Dominus
737 4011 779 4090 in
806 4012 1274 4092 vestris-necessitatibus
1302 4010 1504 4093 adiuuare.
1561 4011 1624 4094 Ad
1641 4014 1725 4092 haec
1739 4013 1922 4092 volumus
1997 4007 2008 4016 ”

82 4145 89 4158 “
134 4133 179 4205 8(
207 4120 460 4222 mandamus,
490 4136 534 4199 vt
563 4121 692 4199 Cruce
721 4121 898 4227 signatos
925 4141 1148 4202 vestrarum
1178 4122 1390 4202 Diocesum
1420 4125 1610 4203 attentius
1630 4122 1920 4215 exhortemini,

134 4263 193 4316 ne
220 4249 389 4341 propter
418 4231 574 4311 obitum
603 4230 759 4338 praefati
788 4234 1092 4313 Praedecessoris
1120 4234 1250 4311 nostri
1278 4225 1583 4334 consternantur
1611 4229 1735 4311 corda
1764 4256 1922 4326 eorum,

134 4371 275 4455 neque
303 4339 531 4437 formident,
560 4343 674 4450 quasi
702 4367 753 4421 ex
781 4341 860 4423 hoc
887 4341 1023 4421 Terrae
1052 4345 1205 4424 Sanctae
1234 4342 1476 4450 impediatur
1490 4343 1924 4452 succursuszquoniam

134 4467 182 4541 &
224 4455 258 4534 si
300 4452 546 4533 sufficientia
587 4451 694 4533 illius
736 4469 875 4531 nostra
911 4451 1094 4534 videatur
1137 4453 1327 4552 inferior,
1370 4450 1421 4549 ad
1464 4452 1738 4533 liberationem
1791 4473 1925 4534 tamen

135 4567 269 4679 ipsius
297 4580 415 4643 terrae
443 4564 548 4643 votis
574 4589 658 4640 non
685 4561 909 4643 minoribus
943 4565 1179 4670 aspiramus,
1203 4564 1356 4672 quibus
1383 4564 1468 4670 ipse
1498 4563 1709 4659 Dominus,
1738 4565 1808 4672 qui
1836 4591 1925 4673 spe·

134 4675 350 4761 rantes'in
379 4672 681 4772 seuultaaenus
709 4670 856 4754 deserit
883 4671 1070 4752 effectum
1099 4674 1250 4754 tribu'at
1263 4677 1317 4752 8(
1345 4672 1586 4782 profeqtum,
1620 4690 1664 4752 vt
1692 4673 1805 4782 quod
1833 4701 1926 4783 pos-

135 4785 315 4872 sibilitas
342 4801 481 4864 nostra
509 4797 593 4861 non
621 4782 790 4879 obtinet,
820 4784 904 4862 eius
931 4784 1049 4863 nobis
1077 4785 1205 4889 gratia
1235 4780 1438 4891 largiatur.
1469 4786 1613 4866 Datum
1634 4785 1788 4894 Perusij
1815 4785 1925 4867 Vlll..

136 4891 346 4980 Calendas
373 4893 558 4999 Augusti
588 4893 848 4978 Pontificatus
875 4897 1003 4977 nostri
1032 4920 1140 4978 anno
1169 4893 1311 5009 primo.

180 5057 185 5064 ·
283 5032 469 5104 mentm.
508 5054 510 5056 ·
625 5028 627 5032 ⁴
1410 5021 1415 5030 ·
1558 5055 1559 5062 Ν
1682 5003 1730 5096 al
