4398 5958
798 483 1218 590 -507-

108 724 214 790 terre
242 707 285 786 in
313 704 411 787 uilla
438 701 684 816 supradicta.
714 703 791 788 sub
820 705 895 786 ista
924 702 1161 786 condicione
1192 718 1240 786 ut
1275 702 1441 786 ecclesia
1474 701 1698 814 upsalensis
1717 703 1903 816 ‘plenam'

107 820 256 900 babeat
284 814 516 899 facultatem
544 817 820 900 commutandi
848 845 941 899 cum
968 815 1060 895 liliis
1087 815 1186 896 meis
1213 843 1285 896 seu
1314 814 1545 926 assignandi
1559 818 1618 899 eis
1641 819 1685 897 in
1715 816 1814 898 uilla
1828 817 1907 902 alia
2044 852 2059 884 κ

16 999 18 1007 .
106 919 530 1040 equiualente.‘unam
544 926 747 1008 marcham
776 953 853 1038 pro
882 930 968 1011 ista.
996 929 1050 1007 Et
1077 926 1190 1036 quod
1219 927 1327 1010 bona
1342 928 1417 1009 ista
1444 933 1484 1008 8(
1510 927 1693 1012 redditus
1706 930 1792 1008 siue
1808 957 1906 1038 pro-

107 1057 256 1122 uentus
284 1067 426 1120 eorum
455 1039 507 1120 ad
535 1043 630 1121 usus
659 1066 768 1121 meos
783 1038 1040 1122 dumuixero
1068 1036 1352 1122 deuoluuntur.
1382 1038 1447 1120 Ad
1467 1039 1659 1126 maiorem
1671 1041 1797 1148 igitur
1811 1068 1907 1151 pre·
1930 1129 1940 1142 ,

106 1153 230 1232 sentis
258 1149 489 1233 collacionis
518 1149 868 1243 confirmacionem
883 1166 1111 1260 presentem
1140 1149 1314 1232 litteram
1342 1150 1505 1259 siggillo
1531 1151 1709 1234 eiusdem
1737 1179 1905 1234 venera·

107 1263 202 1345 bilis
230 1262 358 1371 patris
386 1260 540 1343 domini
567 1260 743 1344 fulconis
771 1261 1296 1372 archiepiscopivpsalensis
1311 1267 1350 1342 8(
1364 1262 1523 1372 siggillo
1546 1263 1713 1373 capituli
1727 1261 1905 1346 eiusdem

108 1375 272 1456 ecclesie
299 1369 352 1452 ad
381 1374 651 1454 exclusionem
681 1374 859 1454 omnium
888 1375 1163 1483 suspicionum
1178 1372 1524 1480 fecioonsignari.
1552 1376 1702 1458 Datum
1716 1380 1756 1456 8(
1770 1390 1906 1458 actum

110 1486 242 1567 arusie
271 1482 347 1565 sub
376 1485 606 1567 testimonio
634 1484 861 1566 Reuerendi
920 1485 1016 1565 atris
1045 1483 1209 1590 domini.
1227 1485 1281 1580 F.
1310 1484 1604 1594 archiepiscopi
1630 1488 1906 1597 upsalensis&

111 1593 284 1706 capituli
309 1594 488 1677 eiusdem
516 1593 690 1677 ecclesie.
708 1593 845 1676 'Anno
872 1513 1036 1678 ‹lbmint
1064 1593 1450 1678 M⁰.CC⁹.LXXVI⁰.
1478 1597 1716 1730 VII⁰3idus
1740 1598 1890 1709 aprilis.

670 1721 675 1736 '
768 1736 914 1820 sigillent
935 1738 995 1799 Nto
1020 1757 1045 1814 t,
1068 1757 1086 1799 2
1108 1735 1252 1800 sladade.

117 2099 252 2212 6111·
534 2163 537 2170 =
754 2095 904 2248 1276
950 2091 1001 2198 d·
1051 2095 1122 2202 23
1168 2099 1287 2243 Maj.
1389 2093 1392 2100 ’
1563 2177 1566 2183 ,
1703 2097 1979 2248 Upsala‘

194 2317 340 2400 Konung.
352 2317 482 2380 Missus
503 2315 543 2381 lta
564 2316 643 2380 Bref
658 2316 730 2380 med
750 2317 964 2382 besttmmelse
983 2317 1021 2380 af
1036 2315 1327 2410 Gotdatnuingmues
1347 2313 1658 2403 handelsrsuigheter
1678 2319 1690 2380 i
1710 2318 1845 2402 Sverige.

1641 2430 1669 2490 J.
1686 2435 1712 2492 3:
1729 2435 1774 2506 64.

278 2571 477 2652 Omnibus
507 2569 550 2652 in
581 2569 742 2651 Christo
769 2567 957 2652 fidelibus
984 2585 1202 2680 praesentes
1238 2572 1375 2653 literas
1417 2571 1677 2679 inspecturis,
1718 2571 1908 2680 Magnus,
2038 2619 2043 2626 »

113 2655 189 2768 bei
217 2683 368 2794 gratia,
398 2684 485 2763 Rex
513 2681 753 2778 Succorum,
782 2681 958 2764 Salutem
988 2683 1030 2762 in
1058 2683 1235 2764 Domino
1263 2683 1566 2792 sempiternam,
1594 2683 1754 2792 Regalis
1783 2684 1908 2766 Bene·

113 2795 291 2880 uolentia
321 2822 414 2874 cum
442 2791 622 2873 fidelium
650 2791 727 2879 sibi
754 2793 1025 2881 subiectorum
1056 2793 1198 2905 preces
1230 2793 1425 2885 admittit,
1454 2809 1494 2872 et
1521 2823 1639 2876 suum
1668 2793 1828 2876 extollit
1843 2824 1911 2882 so·

70 2945 77 2952 ·
115 2912 233 3006 lium,
262 2923 303 2990 et
332 2902 385 2985 ad
413 2901 673 2990 seruiendum
702 2902 873 2986 deuotos
901 2903 1051 2985 animat
1065 2905 1323 3002 incessanter,
1341 2906 1445 2985 Sanc
1471 2904 1653 2992 fidelium
1674 2924 1907 2989 nostrorum
2043 2955 2051 2979 s

116 3017 341 3114 consulum,
369 3017 574 3102 seniorum
601 3033 642 3096 et
669 3015 942 3104 uniuersitatis
960 3031 1043 3094 tam
1058 3015 1322 3104 'leuthonicae
1337 3042 1460 3132 quam
1473 3017 1771 3114 Guttheneusis,
1800 3017 1906 3096 Gut-

114 3130 216 3214 land
246 3125 560 3217 inhabitantium
619 3123 779 3213 recibus
831 3125 1016 3224 inclinat,
1062 3125 1211 3213 eisdem
1238 3123 1476 3223 vilificandi,
1518 3125 1768 3237 applicando,
1803 3156 1908 3238 quo·

114 3247 200 3342 ties,
229 3249 450 3350 &quanto
479 3243 569 3317 &a
627 3264 892 3347 quascunque
959 3254 1063 3317 artes
1104 3238 1234 3346 Regni
1267 3239 1397 3320 nostri
1426 3239 1660 3340 maluerint,
1702 3234 1908 3322 vendendi
1995 3278 1999 3283 ·

112 3384 177 3437 res
205 3380 318 3446 suas,
346 3365 388 3436 et
415 3375 566 3435 merces
593 3347 752 3444 allatas,
794 3267 957 3455 emendi
986 3376 1049 3429 res
1091 3377 1373 3458 quascunque,
1402 3377 1622 3446 annonam,
1665 3347 1838 3446 lardum,
1867 3365 1909 3431 et

113 3482 258 3550 caetera
286 3462 368 3554 suis
396 3459 535 3548 usibus
563 3460 802 3559 neccssaria,
831 3487 879 3540 ac
908 3456 1048 3543 eadem
1091 3459 1218 3546 libere
1245 3458 1472 3566 deferendi,
1512 3461 1590 3542 nisi
1630 3477 1742 3545 tanta
1784 3458 1919 3560 fuerit

114 3576 293 3669 caristia,
318 3569 432 3686 qnod
461 3597 600 3652 omnes
627 3566 896 3679 undecunque
939 3570 1221 3668 aduentantes,
1255 3571 1308 3652 ab
1336 3571 1525 3653 emtione-
1551 3599 1724 3654 annonae
1752 3577 1791 3651 8(
1820 3599 1908 3651 car·

115 3690 228 3774 nium
257 3710 341 3765 non
369 3682 570 3770 immerito
599 3678 801 3768 abstinere
830 3680 1020 3779 debeant,
1062 3681 1232 3766 liberam
1259 3684 1500 3766 auctoritate
1529 3685 1786 3793 praesentium
1815 3681 1907 3761 abs·

115 3826 198 3910 que
227 3791 389 3907 pedagij
418 3821 465 3874 ac
493 3791 643 3898 telonej
677 3790 893 3881 cuiuslibet
926 3792 1129 3877 solutione
1157 3793 1372 3876 tribuimus
1415 3793 1665 3893 facultatem,
1708 3794 1909 3878 Caeterum

115 3937 209 3992 cum
237 3909 345 4021 ipsos
371 3899 427 3986 ad
455 3904 630 4018 aliquam
659 3903 863 3984 ciuitatem
892 3919 964 3983 aut
991 3902 1128 3983 villam
1157 3905 1286 4012 Regni
1324 3907 1453 3987 nostri
1492 3905 1630 3988 venire
1672 3903 1907 4012 contigerit,

115 4021 321 4114 volumus,
364 4031 409 4093 vt
437 4016 480 4093 in
509 4011 728 4102 vendendis
756 4029 797 4094 et
826 4012 1095 4099 distrahendis
1124 4015 1268 4122 pannis
1303 4017 1402 4111 suis,
1432 4032 1472 4095 ct
1498 4016 1654 4104 caeteris
1688 4011 1912 4110 mercibus,-

114 4131 257 4215 eodem
285 4124 487 4235 gaudeant
515 4123 729 4233 priuilegio
758 4153 846 4208 cum
878 4124 956 4204 illis
984 4124 1037 4204 ad
1066 4152 1169 4234 quos
1197 4127 1305 4234 ipsos
1332 4127 1547 4233 contigerit
1575 4125 1801 4212 aduentare.
1862 4125 1908 4206 Si

113 4270 214 4333 vero
241 4243 350 4349 ipsos
378 4238 423 4328 in
452 4236 587 4345 aliqua
617 4234 810 4332 Ciuitate,
853 4253 924 4314 aut
951 4235 1046 4316 villa
1074 4237 1205 4343 Regni
1233 4236 1363 4315 nostri
1406 4234 1621 4343 contigerit
1660 4235 1854 4331 hiemare,
1882 4261 1908 4314 a

114 4349 397 4444 communibus
422 4348 622 4442 collectis,
650 4373 742 4456 quae
769 4345 968 4455 Byargcld
983 4363 1024 4428 et
1037 4346 1396 4455 almenningsgield
1416 4346 1637 4454 vulgariter
1664 4373 1905 4454 nuncupan-

113 4485 205 4561 tur,
233 4459 393 4550 eosdem
421 4485 587 4567 prorsus
601 4457 751 4540 liberos
764 4473 806 4537 et
819 4459 1014 4545 immunes
1041 4457 1263 4538 reddimus..
1288 4457 1461 4566 Insuper
1478 4454 1667 4538 omuibus
1688 4458 1816 4566 Regni
1831 4483 1904 4538 no·

27 4645 32 4652 .
114 4579 190 4660 stri
220 4572 362 4656 incolis
390 4569 440 4661 de
468 4570 792 4692 quibuscumque
834 4569 1074 4678 prouincijs,
1117 4565 1350 4653 ciuitatibus
1378 4585 1450 4649 aut
1476 4567 1582 4648 villis
1610 4565 1750 4652 nostri
1768 4565 1905 4672 distri·
2041 4628 2047 4636 ,

114 4705 206 4771 ctus
234 4679 434 4776 Guttland
463 4682 715 4770 mercationis
742 4682 872 4790 gratia
903 4679 1163 4789 frequentare
1190 4679 1439 4776 volentibus,
1482 4704 1631 4766 merces
1660 4677 1756 4766 illuc
1783 4705 1904 4788 quas·

115 4822 291 4907 cumque
320 4792 446 4878 libere
471 4789 717 4888 deducendi,
745 4790 967 4888 vendendi,
995 4789 1270 4903 permutandi,
1298 4792 1516 4878 sanctiam
1564 4787 1764 4875 alienandi
1793 4791 1905 4872 omni

115 4912 306 4994 submoto
335 4901 619 5017 prohibitionis
647 4901 861 4990 cuiuslibet
889 4929 1071 5010 persone
1085 4901 1313 4996 obstaculo,
1342 4916 1423 4988 tam
1452 4900 1495 4981 in
1524 4899 1653 4986 reditu
1672 4901 1792 5009 quam
1808 4927 1905 5008 pto·
1933 4939 1938 4948 ·

115 5049 245 5118 cassu,
273 5013 544 5108 omnimodam
582 5013 689 5104 v,tticttt
734 5011 830 5120 ipsis
858 5011 1002 5103 iaculis
1030 5010 1233 5102 Guttbnd
1261 5011 1312 5100 ad
1339 5039 1432 5111 nos,
1471 5013 1529 5095 sic
1569 5028 1610 5094 et
1653 5012 1801 5094 nostris
1850 5011 1905 5096 ad
1950 5079 1955 5086 .
