4382 5964
1019 543 1077 568 ..
1191 501 1439 610 59²--

315 724 397 806 nit
424 741 673 832 praeparare,
700 713 946 800 studendum
979 710 1100 804 nobis
1141 722 1269 804 visum
1311 739 1371 808 est
1409 719 1585 834 qualiter
1610 719 1691 818 his,
1732 721 1873 833 quibus
1909 691 2060 828 maaet

261 903 266 912 .
335 833 579 916 munitiones
607 843 767 912 nostras
794 832 1095 930 committimus,
1122 860 1316 942 expensas
1330 836 1449 916 etiam
1464 836 1687 936 metiamur.
1715 833 1807 914 Non
1825 835 1917 942 enim
1941 854 2061 946 oportet
2134 875 2135 886 κ

197 1009 201 1016 .
334 970 412 1065 pro
428 941 640 1025 voluntate
655 939 971 1070 aspendentiuu'r
990 941 1022 1057 ¹)
1049 970 1191 1054 graves
1205 947 1494 1054 erogationesa
1511 945 1684 1028 subditis
1700 962 1891 1053 expetere,
1913 940 2062 1038 hocenin

334 1052 455 1138 simul
483 1049 537 1135 ad
564 1053 784 1134 avaritiam·
801 1052 1130 1166 impietatemque
1158 1053 1365 1165 perducit,
1408 1055 1478 1138 sed
1507 1083 1558 1138 ex
1586 1056 1653 1136 his
1678 1083 1769 1166 quoe
1796 1053 1976 1156 moderate
2007 1060 2064 1147 col·

335 1165 406 1274 ligi
433 1180 605 1276 possunt
632 1175 827 1273 'expensas
855 1166 998 1246 metiri.
1027 1164 1164 1248 Terrae
1191 1167 1317 1277 igitur
1345 1163 1564 1250 OElandiae
1590 1164 1882 1248 habitatoribus
1906 1168 2065 1251 consulere
2092 1199 2095 1204 ·

334 1276 564 1389 cupientes,
593 1300 769 1385 quorum
795 1273 1029 1384 jamdudum
1060 1274 1252 1386 frequens
1280 1295 1322 1360 et
1349 1278 1484 1388 gravis
1511 1279 1594 1359 nos¹
1620 1279 1977 1388 circumstrepuerat
1997 1308 2066 1389 qua·

334 1389 419 1470 rela
449 1387 502 1469 ad
533 1393 650 1466 aures
679 1401 837 1467 nostras
864 1385 1086 1498 deducens,
1129 1387 1258 1474 nullo,
1285 1407 1397 1472 certo
1431 1417 1555 1498 super
1596 1387 1828 1498 hujusmodi
1865 1391 1915 1470 eis
1950 1389 2067 1482 indulto

335 1497 562 1608 privilegio,
591 1496 789 1606 quosdam
817 1523 956 1579 eorum
990 1498 1032 1578 iu
1063 1529 1094 1578 ae
1123 1498 1296 1581 latebras
1323 1499 1570 1612 quaesivisse,
1598 1500 1697 1582 alios
1725 1498 1830 1580 fame
1855 1516 1892 1578 et
1910 1499 2018 1580 inedia
2028 1499 2069 1579 al·
2133 1525 2135 1608 χ

334 1609 466 1692 flioto's
494 1625 535 1690 et
562 1608 826 1688 tristissimam
855 1627 1007 1717 pestem
1034 1529 1216 1690 hommes
1245 1638 1445 1708 rnvasrsse,
1473 1612 1703 1692 incursione
1716 1607 1919 1692 barbarica
1942 1609 2069 1691 forsitan

334 1749 421 1806 non
448 1721 655 1816 minorem,
682 1719 880 1799 sancimus
908 1747 958 1802 ex
986 1720 1174 1829 praesenti
1202 1719 1366 1830 quidem
1394 1739 1474 1804 tem
1505 1748 1576 1804 ore
1602 1741 1745 1804 nostro
1788 1735 1929 1803 statuto
1951 1722 2075 1810 initium,
2133 1739 2135 1776 l

334 1832 536 1941 capiente,
565 1830 609 1908 in
636 1845 878 1938 perpetuum
907 1847 1041 1912 autem
1069 1832 1263 1929 valituro,
1291 1850 1338 1914 ut
1365 1753 1540 1942 quilidet
1568 1831 1709 1916 bondo
1724 1848 1896 1942 quatuor
1914 1857 2070 1912 mensuras
2133 1781 2135 1872 l

334 1941 481 2026 hordei
507 1936 812 2052 quatuordecim
842 1940 1035 2048 pollicum
1063 1971 1110 2024 eo
1139 1939 1262 2023 modo
1289 1971 1374 2052 quo
1403 1943 1624 2135 vulqpriter
1652 1942 1804 2025 dicitur
1844 1945 1968 2042 nuutd,
2001 1969 2069 2052 qua·

334 2071 432 2134 tuor
460 2051 643 2134 marchas
670 2049 799 2131 butiri
828 2051 990 2158 majoris
1019 2053 1211 2162 ponderis
1239 2051 1459 2136 OElandiae

335 2164 435 2246 riter
462 2165 634 2257 hamon,
660 2159 850 2243 exhibeat
878 2167 1096 2245 annuatim.
1350 2222 1355 2232 -

501 2275 672 2381 Insuper
698 2268 912 2382 quodlibet
939 2273 1154 2384 collegium
1182 2273 1335 2358 dictum
1364 2273 1566 2386 Siriplagh¹
1588 2289 1682 2360 octo
1715 2273 1897 2356 marchas
1934 2272 2071 2354 denario

334 2414 428 2472 rum
455 2382 645 2468 exhibeat
669 2383 888 2481 annuatim,
927 2385 1171 2497 computatis
1214 2387 1257 2479 in
1284 2384 1470 2496 quolibet
1498 2385 1627 2468 solido
1655 2383 1849 2498 sedecim·
1869 2384 2020 2468 denariis
2038 2377 2071 2462 ad

336 2493 632 2612 providendum
659 2509 792 2584 castro
820 2495 864 2584 iu
885 2493 1044 2599 hobus,
1073 2495 1217 2582 ovibus
1243 2501 1285 2582 a
1312 2495 1436 2580 halec.
1602 2529 1605 2534 ·
1704 2529 1707 2536 ·
2132 2473 2135 2672 Ι

1515 2054 1627 2162 ujus,
1656 2052 1769 2165 quod
1799 2050 1937 2135 dicitur
1970 2053 2070 2160 tulga·
2134 2093 2135 2096 ¹

500 2609 603 2689 Item
629 2621 724 2688 octo
752 2601 964 2686 bondones
992 2634 1116 2689 unam
1143 2607 1407 2716 plaustratam
1432 2599 1533 2688 imni
1558 2606 1785 2704 annuatim,
1821 2604 1884 2690 vel
1909 2623 1989 2688 octo
2010 2601 2080 2684 soli·¹

331 2720 411 2807 'dos
438 2717 611 2802 sedecim
640 2712 795 2800 denarii
823 2712 1100 2816 denariorum,
1144 2719 1188 2798 in
1216 2715 1559 2828 quolibetsolido
1587 2719 1720 2830 isqui
1762 2717 1913 2798 foenum
1943 2717 2073 2825 recipere

333 2860 418 2944 pro,
440 2847 622 2950 tempore
649 2821 871 2948 deputatus
899 2829 1110 2920 contendit
1137 2829 1399 2947 plaustratam
1426 2857 1511 2915 nou
1538 2855 1623 2912 esse
1651 2828 1848 2910 bonitatis
1870 2825 2009 2924 debita,
2029 2837 2073 2906 aut

334 2947 454 3030 etiam
511 2937 731 3026 uentitatis

266 3079 272 3085 ·
481 2969 601 3132 qltem
631 3046 715 3136 duo
743 3045 953 3138 bondones
980 3051 1245 3164 plaustratam
1273 3049 1474 3164 lignorum
1502 3051 1547 3136 in
1572 3051 1717 3160 hyeme
1744 3057 1783 3134 8t
1814 3049 1929 3136 aliam
1953 3052 2073 3130 iaaa-

333 3183 388 3250 te.
416 3165 490 3248 His
517 3158 716 3272 siquidem
743 3160 953 3260 exhibitis,
981 3164 1095 3246 'nihil
1124 3162 1296 3272 amplius
1337 3162 1388 3245 ab
1417 3165 1513 3274 ipsis
1555 3167 1741 3274 exigatur
1780 3163 1861 3243 nisi
1888 3189 1935 3245 ex
1959 3152 2075 3272 speciali

199 3279 206 3290 “
333 3290 476 3358 nostro
503 3268 710 3374 mandato,
738 3301 866 3383 quum
893 3299 969 3363 nos
995 3272 1146 3366 ibidem
1173 3275 1390 3386 contigerit
1416 3275 1683 3384 personaliter
1710 3272 1914 3356 advenire.

503 3383 692 3464 Ceterum
720 3384 754 3475 si
782 3383 874 3495 quis
903 3383 953 3466 de
981 3387 1192 3498 praemissis
1219 3383 1456 3476 exhibendis
1484 3388 1527 3467 in
1555 3401 1645 3468 toto
1679 3384 1743 3468 vel
1770 3385 1816 3464 in
1846 3399 1956 3495 parte
1977 3401 2075 3486 snper·

334 3496 504 3594 sederit,
530 3493 727 3603 legittime
754 3494 990 3604 requisitus,
1018 3498 1202 3580 exhibito
1229 3498 1362 3607 primo
1389 3499 1435 3582 in
1462 3522 1547 3609 quo
1575 3493 1771 3581 solvendo
1807 3493 2075 3582 defecatam

333 3634 427 3692 oras
455 3605 716 3691 donatiorum
742 3604 785 3684 in
813 3633 975 3714 poenam
997 3609 1140 3714 solvat5
1170 3608 1204 3690 si
1231 3634 1369 3689 omnes
1397 3607 1448 3692 de
1475 3605 1571 3689 villa
1592 3623 1676 3698 tres
1689 3605 1893 3708 marchas;
1920 3605 1951 3687 si
1974 3611 2077 3712 quatit

333 3747 429 3831 pars
447 3715 675 3840 'provinciae
703 3712 927 3828 vulgariter
954 3717 1073 3812 dictae
1087 3719 1232 3813 harad
1247 3718 1396 3802 ¹decern
1423 3719 1624 3824 marchas;
1656 3719 1691 3801 si
1719 3715 1890 3800 dimidia
1917 3705 2077 3832 prouincia

334 3831 480 3940 viginti
505 3825 710 3930 marchas;
736 3828 771 3922 ti
799 3841 887 3918 tota
921 3831 1130 3940 prouincia
1171 3827 1440 3958 quadraginta
1481 3831 1663 3924 marchas
1690 3829 1735 3922 in
1762 3857 1926 3938 poenam
1957 3818 2077 3912 reddat

278 3946 281 3954 ’
334 3955 398 4025 tot
425 3943 532 4023 sicut
558 3939 803 4049 praemissum
832 3953 911 4038 est,
938 3941 1113 4030 denariis
1127 3941 1167 4022 in
1184 3939 1315 4024 solido
1342 3943 1595 4052 computatis,
1624 3941 1667 4022 Si
1694 3941 1786 4054 quis
1815 3941 1860 4020 in
1887 3928 2081 4048 supradietis

333 4066 505 4164 propter
533 4047 735 4134 defectum
762 4048 940 4162 aliquem
968 4067 1038 4134 aut
1065 4051 1337 4169 illegittimum
1351 4053 1680 4166 impedimentum
1693 4067 1850 4140 statuto
1879 4047 1943 4132 die
1966 4043 2080 4127 solvan

335 4161 549 4260 deiecerit,
573 4159 832 4246 concedimus
853 4163 991 4248 ,cidem
1024 4161 1207 4248 inducias
1246 4163 1382 4248 decem
1405 4164 1581 4248 ‘dierum
1609 4167 1650 4244 &
1677 4190 1701 4243 a
1724 4191 1847 4272 poena
1862 4161 1915 4241 sit
1927 4151 2081 4240 immuta

340 4301 347 4319 ·
487 4272 693 4382 Cogitatio
706 4273 824 4354 etiam
838 4276 959 4358 nobis
973 4273 1081 4367 facta
1092 4291 1153 4370 est
1166 4273 1341 4404 qualiter
1355 4273 1504 4371 ibidem
1516 4273 1755 4391 judicantes,
1772 4272 1983 4355 sententias
1994 4265 2082 4394 justat

139 4384 142 4394 '
200 4400 226 4420 ’·
334 4385 618 4495 proferant&
644 4383 918 4496 incorruptas,
945 4385 1025 4474 hoc
1052 4387 1160 4472 enim
1187 4411 1354 4466 omnmo
1388 4401 1632 4476 eventurum
1671 4381 1876 4476 credimus
1903 4382 1936 4464 δῖ
1962 4371 2083 4485 Logia

334 4494 484 4580 ibidem
516 4500 557 4576 8<
582 4491 898 4605 Proloquutores
925 4497 978 4582 ah
1001 4499 1116 4598 omni
1151 4495 1386 4608 acceptione
1417 4525 1496 4608 pro
1522 4495 1580 4581 eis
1607 4495 1857 4593 abstineant,
1887 4497 1929 4578 a
1954 4481 2084 4572 mimda
2134 4597 2135 4600 q

145 4646 151 4654 ·
332 4633 476 4688 manus
503 4605 679 4688 Domino
702 4601 901 4718 nobisque
929 4609 1096 4722 &Legi
1123 4625 1326 4695 servantes
1354 4608 1512 4691 nullum
1540 4605 1779 4720 contingant
1795 4606 2020 4700 lacrumae
2040 4619 2084 4676 ar

147 4716 151 4728 ’
207 4809 224 4828 ἡ,
333 4732 453 4827 cepto
480 4715 595 4827 quod
622 4718 679 4808 eis
706 4717 760 4801 ab
788 4722 957 4831 antiquo
984 4735 1103 4813 terrm
1135 4734 1288 4804 statuto
1315 4717 1500 4803 debetur.
1542 4719 1633 4805 Hoc
1661 4720 1787 4830 igitur
1813 4715 1894 4799 suh
1922 4703 2086 4830 dirimit

332 4845 472 4913 nostra
498 4823 678 4909 vindicta
707 4831 985 4941 praecipientes
1010 4831 1178 4914 firmiter
1198 4830 1417 4931 observari,
1443 4829 1691 4951 injungimus
1707 4830 1806 4941 ipsis
1830 4825 1971 4910 eadem
1994 4841 2086 4930 aeqffl·

335 4943 429 5027 tatis
454 4937 594 5024 semita
621 4939 775 5032 uersari
803 4942 847 5025 in
870 4942 1022 5045 caussis
1055 4943 1258 5039 minorum
1285 4947 1327 5026 8ι
1353 4940 1571 5053 majorum,
1596 4941 1906 5068 cujuscumque„
1941 4937 2016 5019 sint
2036 4924 2086 5012 d0'·

658 5072 663 5079 '
1734 5069 1741 5078 '
1790 5073 1925 5147 manu,

327 5163 601 5190 m

246 5315 248 5326 Ι
372 5223 596 5313 ι)’Τνο1ι’μπ.·
615 5169 829 5316 umbaldum.
962 5249 969 5266 ¹
