4362 5946
38 582 46 598 ,
157 583 161 592 ,
856 537 859 544 ’
970 503 1026 556 ·’··
1139 515 1230 598 ὶφ
1331 533 1387 556 -
1599 597 1605 600 -

285 724 550 880 ²9⁸.·,f„..
893 718 1439 895 radpdpuDee
1781 721 2045 836 alstemi

360 943 451 1010 Pare.
470 883 660 1009 Giroonm*
671 942 740 1012 m·
754 943 839 1008 M
853 940 1175 1031 till,drlc-llirkoprn
1195 946 1206 1008 i
1226 941 1345 1030 Uptoh
1365 943 1426 1008 oeli
1447 943 1515 1036 deq·
1535 941 1798 1034 Lyd-Biskopar,
1809 940 1888 1018 vmed
1905 941 2047 1032 befalbing

282 1097 315 1124 =
409 1025 1085 1180 musaeum
1093 1026 1658 1194 uturum
1679 1026 1877 1127 *retu
1896 1027 1953 1090 ⁰⁰¹²
1970 1026 2046 1111 u

665 1219 669 1228 '
724 1209 728 1224 ¹
1611 1229 1616 1240 '
1789 1221 1820 1278 b
1838 1233 1864 1278 aa
1879 1223 1936 1279 ard
1965 1227 1966 1232 ’

442 1361 702 1469 Indulgeucie
728 1389 905 1444 concesse
932 1365 1223 1471 crucesignato
1256 1379 1400 1462 contra
1434 1379 1608 1445 constas
1649 1361 1925 1440 lacessirent
1957 1360 2052 1440 oltra

476 1501 589 1553 more
615 1476 802 1578 gregorii
817 1499 936 1584 pope.

442 1613 675 1694 Gneuomus
704 1613 917 1723 episcopus
946 1641 1088 1696 seruus
1115 1641 1326 1695 seruorum
1358 1613 1425 1724 dej
1450 1612 1748 1696 venerabilibus
1776 1611 1969 1694 fratribus
1992 1637 2054 1720 vp-

275 1723 421 1808 salensi
448 1722 754 1832 archiepiscopo
782 1741 823 1807 et
850 1723 1118 1834 suffraganeis
1146 1725 1231 1804 eius
1259 1725 1428 1806 salutem
1457 1731 1497 1806 8r
1526 1723 1787 1834 apostolicam
1823 1721 2053 1804 benedictio·

276 1861 388 1930 nem,
416 1832 620 1943 plantauit
656 1835 817 1918 vineam
846 1836 1013 1926 dextera
1042 1835 1195 1916 domini
1225 1861 1393 1946 eamque
1420 1838 1617 1946 sanguine
1632 1837 1702 1916 flii
1732 1834 1794 1915 sui
1823 1833 1953 1915 voluit
1979 1834 2055 1912 irri-
2144 1921 2146 1928 ,

275 1947 384 2056 gari,
419 1962 542 2062 pter
569 1942 719 2028 fluente
747 1945 798 2029 de
824 1947 963 2028 christi
1002 1947 1126 2027 latere
1169 1946 1305 2025 riuulo
1348 1944 1585 2043 fecundata,
1629 1949 1768 2027 vinum
1809 1943 2054 2058 produceret,

275 2056 393 2139 euius
413 2033 597 2136 ’refectus
625 2054 841 2139 dulcedine
870 2058 1077 2166 plantator
1103 2057 1319 2139 altissimus
1335 2053 1548 2153 exultaret,
1578 2057 1658 2140 Sed
1686 2056 1886 2166 prodolor
1914 2055 2056 2136 eeceab

276 2194 381 2276 apro
407 2164 459 2248 de
486 2165 589 2246 silua
616 2172 910 2252 exterminium
924 2171 1078 2280 patitur
1106 2195 1197 2253 ecce
1219 2168 1433 2280 singularis
1459 2167 1580 2266 ‚ferus
1622 2167 1792 2280 eandem
1835 2168 2055 2276 suisspasti·
2142 2161 2146 2172 '

275 2277 354 2360 bus
380 2275 609 2360 demolitur.
637 2279 742 2360 Nam
769 2280 875 2361 sicut
900 2281 1133 2363 transmisse
1160 2278 1210 2362 ad
1241 2308 1315 2360 nos
1350 2297 1482 2365 vestre
1517 2275 1954 2368 littereeon‘eiuebam
1980 2276 2057 2358 illo-

148 2451 152 2457 ·
274 2417 368 2472 rum
395 2390 468 2501 qui
495 2390 642 2471 taucsti
670 2389 879 2490 dicuntur,
907 2395 1024 2474 nacio
1054 2419 1134 2503 que
1161 2390 1259 2472 olim
1288 2392 1418 2474 multo
1445 2391 1584 2474 labore
1613 2420 1660 2473 ac
1679 2389 1824 2472 studio
1853 2408 1991 2470 uestro
2025 2392 2057 2466 u

275 2498 606 2614 predecessorum
632 2501 864 2582 uestrorum
894 2502 946 2583 ad
975 2503 1095 2584 fidem
1137 2501 1375 2584 catholicam
1406 2530 1600 2583 conuersa
1643 2503 1777 2583 extitit
1821 2529 1933 2580 nuuc
1976 2528 2057 2608 pro

274 2611 512 2698 curantibus
540 2613 709 2696 inimicis
736 2617 867 2694 crucis
896 2641 1025 2722 prope
1054 2615 1196 2723 positis
1224 2612 1276 2693 ad
1305 2615 1460 2724 antiqui
1490 2619 1636 2706 erroris
1664 2639 1826 2692 reuersa
1864 2609 2059 2721 perfidiam

273 2751 367 2808 eum
395 2721 636 2836 quibusdam
666 2722 850 2805 barbaris
879 2725 1083 2805 nouellam
1110 2725 1273 2806 ecclesie
1301 2723 1370 2833 dcj
1401 2724 1699 2834 plantacionem
1728 2721 1780 2835 de
1794 2725 1964 2805 taucstia
1981 2720 2058 2801 fun·

273 2834 393 2944 ditus*
414 2833 606 2949 dyabolo¹
628 2833 895 2916 coadiuuante
924 2835 1184 2931 subuertunt,
1214 2837 1406 2945 paruulos
1434 2828 1580 2946 quibus
1615 2837 1658 2915 in
1688 2836 1890 2942 baptismo
1936 2832 2059 2914 christi

273 2947 411 3047 lumen
438 2938 586 3050 illuxit,
616 2941 813 3054 violenter
843 2943 893 3028 de
922 2945 996 3030 hac
1025 2947 1114 3028 luce
1144 2949 1371 3050 subtractos
1395 2937 1876 3056 interimunt,''quosdain
1893 2943 2058 3025 ''adultos

271 3055 489 3152 subtractis
517 3055 569 3156 ab
611 3057 687 3164 'els''
706 3060 709 3074 '
725 3054 857 3168 primo
900 3059 1119 3140 visceribus
1161 3056 1401 3140 demonibus
1439 3059 1665 3156 immolant,
1712 3065 1768 3140 et,
1795 3049 1898 3136 alios
1917 3053 1923 3084 ''
1944 3079 2059 3164 vsque

272 3166 325 3250 ad
353 3163 604 3249 amissionem
622 3163 798 3276 'spiritus
820 3169 997 3251 'arbores
1025 3171 1194 3251 circuire
1224 3169 1489 3277 compellunt,
1528 3167 1763 3250 Sacerdotes
1799 3195 1901 3246 vero
1947 3191 2058 3276 quos·

271 3275 366 3360 dam
393 3279 622 3380 execulant,
651 3287 690 3360 &
719 3279 962 3392 quibusdam
992 3293 1130 3361 corum
1160 3280 1345 3360 manibus
1376 3287 1414 3358 8<
1443 3271 1830 3361 ceterismembris
1847 3277 2061 3358 crudeliter

269 3388 499 3509 multilatis‚
526 3393 704 3502 reliquos
733 3395 774 3471 iu
803 3392 1118 3502 combustionem
1151 3397 1189 3470 &
1217 3391 1351 3470 cibum
1382 3390 1484 3497 ignis
1529 3390 1653 3500 paleis
1690 3390 1900 3470 inuolutos
1945 3413 2062 3495 expo-

270 3520 394 3598 nunt,
423 3502 561 3610 sicque
590 3508 769 3610 ipsorum
799 3530 1049 3611 paganorum
1079 3502 1236 3582 scuiciis
1265 3498 1940 3610 regnumsweorum'opprimitur,
1958 3495 2063 3608 quod

270 3609 322 3720 de
351 3609 458 3718 facili
487 3628 706 3724 extremam
735 3609 831 3720 fidej
860 3613 1153 3704 desolacionem
1183 3614 1372 3710 incurret,
1402 3615 1477 3692 nisi
1508 3613 1583 3694 sibi
1606 3613 1684 3722 dej·
1701 3618 1740 3690 Sc
1770 3612 1996 3721 apostolice
2011 3635 2063 3688 se·

269 3719 333 3831 dis
360 3723 512 3804 arixilio
540 3720 810 3804 'succurratur
841 3754 978 3804 verum
1007 3755 1097 3805 cum
1127 3742 1241 3804 tanto
1271 3725 1465 3804 libencius
1495 3742 1634 3805 eontra
1656 3721 1889 3804 huiusmodi
1907 3736 2062 3831 aposta·

160 3869 163 3874 ·
269 3853 329 3916 tas
358 3841 398 3915 Se
425 3835 620 3916 barbaros
649 3835 933 3946 inpugnandos
964 3837 1014 3917 sit
1043 3867 1065 3915 a
1095 3839 1191 3916 viris
1213 3837 1333 3932 deum
1348 3834 1582 3916 timentibus
1613 3833 1908 3940 assurgendum
1972 3859 2063 3909 uan-

267 3963 311 4028 to
341 3944 561 4027 maioribus
590 3946 796 4042 ecelesiam
832 3945 898 4055 dej
940 3945 1125 4055 dampnis
1154 3945 1334 4055 affligere
1364 3949 1545 4054 cupiunt.
1573 3947 1646 4056 qui
1668 3941 1798 4027 ‘fldem‘
1824 3861 2065 4024 eathdlicam

268 4073 351 4163 tam
370 4051 607 4164 'detestabilj
635 4055 873 4138 erudelitate
902 4056 1159 4156 confundunt
1180 4059 1424 4137 fraternitati
1439 4077 1571 4138 uestre
1587 4085 1659 4166 per
1673 4057 1895 4166 apostolica
1916 4057 2063 4164 scripta

266 4168 506 4276 mandamus
520 4169 710 4280 quatinus
727 4171 834 4248 viros
851 4161 1066 4248 catholicos
1080 4172 1121 4249 in
1139 4198 1264 4275 regno
1281 4167 1678 4277 predict0,&vicinis
1695 4167 1834 4248 insulis
1850 4170 2012 4274 positos
2028 4179 2065 4243 rt

265 4282 406 4380 eontra
434 4269 593 4390 eosdem
611 4271 828 4390 'apostatas
857 4285 897 4358 8<
924 4281 1121 4361 barbaros
1151 4282 1280 4360 erucis
1302 4281 1551 4388 signaculum
1569 4295 1812 4361 assumentes
1843 4279 1945 4384 ipsis
1977 4275 2065 4354 viri-

264 4381 359 4496 lit'er'
386 4381 642 4500 &potent-er
666 4393 903 4500 expugnent
933 4394 1131 4500 preceptis
1161 4391 1404 4469 salutaribus
1434 4388 1650 4481 inducamim
1684 4391 1777 4469 Nos.
1796 4387 1916 4468 enim.
1942 4406 2067 4468 atten-

264 4496 425 4596 dentes,
460 4501 569 4590 'uod
593 4491 677 4611 'deo
696 4511 810 4582 tanto
845 4503 1005 4609 gracior
1039 4519 1099 4584 est
1129 4500 1308 4579 defensio
1339 4497 1449 4604 fidej‚
1485 4519 1644 4610 quanto
1669 4503 1810 4580 ceteris
1841 4500 2064 4579 virtutibus

181 4667 183 4672 <
264 4609 399 4712 anime,
425 4532 522 4696 fides
551 4611 671 4696 debet
689 4693 692 4704 ,
698 4613 920 4718 preciosior
963 4615 1162 4718 reputari,
1206 4607 1256 4687 de
1299 4609 1588 4715 omnipotentis
1610 4611 1684 4718 'dcj
1714 4603 1999 4690 misericordia
2030 4613 2066 4686 &

262 4723 473 4804 beatorum
502 4726 674 4830 petri&
702 4722 815 4828 pauli
844 4723 1120 4829 apostolorum
1149 4722 1233 4799 eius
1255 4721 1494 4798 auctoritate
1523 4723 1674 4818 conlisi,
1704 4723 1813 4801 illam
1842 4722 1897 4802 ob
1932 4721 1979 4802 id
2010 4747 2065 4803 as-

263 4827 517 4936 sumentibus
568 4835 727 4938 signum
777 4835 905 4912 erucis
947 4829 1203 4913 concedimus
1238 4829 1393 4908 veniam
1444 4849 1722 4939 peecatorum,
1767 4840 1806 4912 &
1857 4834 1976 4940 ipsos
2019 4843 2062 4908 ea

264 4940 449 5054 volumus
476 4940 725 5020 immunitate
754 4941 929 5050 gaudere
957 4970 1077 5052 quam
1092 4940 1272 5020 habituri
1286 4957 1417 5020 essent
1448 4944 1481 5020 si
1510 4943 1551 5020 in
1580 4959 1729 5024 terram
1758 4960 1946 5024 sanctam
1973 4971 2064 5051 per-

264 5050 456 5136 sonaliter
484 5077 525 5130 se
559 5049 825 5133 transferrent
860 5053 997 5134 datum
1033 5052 1200 5133 laterani
1243 5051 1389 5160 quinto
1417 5053 1507 5134 idus
1537 5053 1759 5136 decembris
1795 5055 2061 5164 pontificatus

263 5163 392 5248 nostri
419 5187 528 5242 anno
556 5154 775 5242 vndeeimo.
