4406 5966
1020 431 1078 478 a:
1188 411 1268 520 708
1350 389 1439 480 ’...

324 635 463 742 head
490 626 953 717 mensam-dominarum
980 653 1107 715 vnum
1135 649 1352 742 attungum
1382 637 1426 717 in
1446 631 1710 733 -rlstbi'sieut
1736 637 1860 745 prius.
1897 637 2095 723 Dimidium

229 781 232 791 ’
324 739 560 858 attungtlm'
581 743 771 828 dederam
821 746 877 826 eis
919 748 963 825 in
990 745 1118 828 thiust
1145 749 1188 826 in
1215 746 1420 858 villaque
1449 744 1600 830 dicitur
1635 771 1848 828 swenrum.
1907 752 2010 830 Jtem
2038 754 2097 833 eis·

249 907 253 913 ·
324 861 428 968 dem·
446 851 607 967 assigno
635 857 827 939 scrinium
862 867 1102 966 argenteum
1128 879 1231 955 tcum
1265 857 1460 939 crucifixo
1503 856 1677 965 desuper
1720 885 1842 939 aureo
1871 866 1922 940 8(-
1937 860 2096 970 pixidem
2175 851 2176 858 Ν

162 1069 168 1076 ‚
322 997 447 1055 vnum
464 981 716 1079 'argenteam
745 961 858 1048 L'oco
886 983 1018 1050 autem
1046 957 1121 1048 unt
1146 967 1304 1077 sepulta
1339 967 1456 1048 fuero
1498 965 1667 1050 confero
1694 969 1942 1049 turribulum
1973 997 2095 1080 argen-

259 1125 262 1136 1
323 1078 772 1190 teum:¹&i⁷magiuem
800 1076 917 1160 beate
945 1079 1112 1189 virginis
1139 1078 1372 1161 eburneam.
1402 1079 1698 1188 &imaginem
1738 1081 1845 1161 beati
1884 1079 2032 1161 kanuti
2060 1081 2099 1164 de

324 1195 449 1296 dente
475 1193 611 1274 cetino
639 1190 745 1273 facta
774 1216 866 1272 cum
893 1189 1033 1298 pixide
1061 1207 1250 1300 argentea
1277 1191 1407 1271 sancti
1436 1190 1649 1272 michaelis.
1674 1215 1797 1299 quam
1831 1191 2100 1274 monacbisde

324 1305 506 1389 albastro
535 1301 648 1414 prius
675 1301 853 1413 promisi.
888 1305 929 1382 a
958 1299 1176 1408 ampullam
1204 1327 1326 1382 ruam
1354 1316 1585 1408 argenteam
1621 1299 1674 1382 ad
1704 1300 1813 1382 illam
1884 1331 1982 1382 uam
2011 1307 2102 1412 prins

325 1421 544 1522 mmherim
558 1411 717 1495 eisdem.
745 1412 850 1492 Jtem
865 1411 1108 1494 monialibus
1136 1409 1188 1494 de
1216 1439 1296 1494 sco.
1326 1409 1493 1493 confero
1509 1411 1681 1493 casulam
1710 1413 1761 1492 dc
1788 1333 2101 1496 baldekinocuu

326 1527 418 1628 alba
447 1521 833 1636 &superhumerali
864 1527 904 1604 8r
931 1524 1072 1618 stolam
1101 1529 1141 1604 &
1169 1523 1420 1631 manipulum
1449 1521 1500 1606 de
1528 1521 1725 1624 lidewef,
1754 1523 1906 1607 &duas
1921 1527 2103 1635 ampulla

329 1619 668 1748 argentea'sltem
698 1629 893 1732 fratribus
921 1609 1131 1740 deitisula
1158 1634 1483 1744 predicatoribus
1510 1649 1647 1744 preter
1673 1635 1752 1716 alia
1772 1638 1886 1745 prins
1916 1639 2052 1744 posita
2064 1635 2104 1718 dc

326 1746 506 1862 pixidem
532 1745 643 1826 beati
670 1742 876 1828 Michaelis
902 1742 1132 1853 argenteam
1159 1773 1252 1828 cum
1279 1745 1467 1854 imagine
1495 1744 1606 1826 beati
1633 1745 1829 1827 mz'cltaelis
1859 1744 2040 1855 desuper
2053 1777 2118 1844 au,

176 1859 179 1864 ’
324 1881 408 1944 rea.
436 1866 477 1940 8ι
502 1855 603 1940 duas
630 1854 827 1967 ampullas
854 1872 1064 1967 argenteas
1091 1884 1264 1967 quarum
1292 1860 1461 1939 alteram
1485 1855 1649 1953 habent,
1679 1857 1883 1939 Christine
1913 1885 2043 1966 perne
2066 1857 2107 1940 do

325 1970 563 2083 psalterium
604 1994 737 2049 meum
763 1968 798 2048 si
825 1968 973 2049 vixerit
1015 1983 1108 2077 post
1136 1968 1294 2050 obitum
1330 1995 1461 2048 meum
1502 1974 1541 2048 si
1565 1995 1644 2048 non
1670 1988 1803 2049 ararem
1846 1968 2002 2048 habeat
2027 1967 2107 2048 'do

325 2083 435 2165 mirra
462 2077 605 2161 helena
631 2077 682 2160 de
711 2104 781 2159 sco
808 2077 1006 2188 helingeri
1034 2079 1183 2160 relicta.
1235 2081 1423 2160 Ceterum
1451 2079 1535 2158 istis
1562 2075 1731 2158 confero
1758 2079 1993 2172 libertatem
2020 2079 2108 2158 llar-

355 2207 465 2273 arete
493 2195 533 2272 e<
560 2185 737 2297 ragnildi
764 2187 815 2269 de
843 2189 985 2298 thipt‚
1014 2188 1212 2297 Mannonj
1234 2187 1431 2299 swenonj.
1462 2186 1687 2298 Erngundi.
1717 2190 1838 2270 Erico
1880 2189 2108 2272 Hermuudo

325 2217 380 2387 de
404 2300 586 2384 landesio
627 2299 732 2380 ltcm
760 2298 853 2380 liliis
894 2299 1071 2408 siggonis
1099 2299 1213 2409 longi
1261 2299 1500 2410 johanni&
1528 2297 1745 2408 ragwaldo.
1801 2301 1910 2383 item
1957 2299 2109 2385 notifico

328 2413 517 2518 omuibus
545 2406 694 2495 liberos
722 2437 807 2494 esse
834 2408 1055 2492 herardum
1085 2437 1320 2494 swenonem
1348 2415 1388 2492 &
1416 2411 1607 2494 ceciliam.
1923 2453 1926 2458 ·

624 2552 672 2619 Pa
693 2551 867 2617 mansitans
887 2553 1022 2647 Domine
1042 2551 1189 2616 christine
1208 2551 1248 2622 de
1268 2551 1435 2638 landasyc;
1467 2552 1604 2617 strskiltt
1624 2549 1664 2618 de
1681 2549 1820 2634 hagaby.
1867 2557 1869 2560 ’

538 2654 582 2684 ”’
633 2665 635 2670 ’
823 2665 968 2764 sigillent
988 2670 1049 2737 tuo
1074 2691 1086 2740 ι
1110 2667 1283 2752 Βοηΐαίίεῑς
1306 2687 1325 2732 2
1346 2677 1390 2736 ett
1410 2669 1629 2756 stycte'qvae

329 2955 461 3153 d56.
757 3121 760 3128 ·
1028 3036 1431 3152 mill-1282.

408 3231 570 3328 Casurum
581 3255 706 3324 'Faetus
725 3255 842 3326 debers
862 3251 984 3348 Tilltigg
1005 3263 1053 3328 till
1073 3265 1125 3326 sitt
1144 3273 1324 3328 testamento
1344 3263 1478 3346 riirande
1499 3263 1604 3348 analag
1623 3264 1660 3326 ef
1675 3263 1697 3326 5
1717 3273 1831 3326 mnuor
1847 3257 2115 3346 spanmtlfirflgffl

457 3337 508 3406 titl
528 3342 743 3428 syslomannen
763 3345 774 3405 i
795 3343 938 3408 Alvustra
959 3344 1074 3411 kloster
1094 3341 1145 3410 tt'r
1165 3347 1330 3426 suirbiiner,
1352 3367 1418 3410 scm
1440 3347 1490 3410 so'r
1511 3346 1612 3412 henne
1631 3347 1674 3434 pa
1694 3345 1834 3410 besta'md
1847 3347 1893 3408 tid
1906 3347 1999 3410 skola
2018 3345 2117 3407 ustus

1772 3453 1991 3515 Αᾶιῶι

463 3594 664 3687 Omnibus
678 3611 885 3705 presentes
899 3597 1051 3679 litteras
1065 3586 1318 3705 inspecturis,
1330 3588 1504 3679 Cristina
1517 3587 1685 3680 fastonis
1699 3590 1910 3706 quondam
1923 3596 2009 3676 filia
2022 3593 2117 3676 salu·

324 3726 406 3794 tem
425 3709 470 3790 in
498 3705 666 3794 domino
693 3707 999 3815 sempiternam,
1028 3709 1130 3788 Cum
1143 3708 1342 3798 instabilis
1370 3710 1421 3792 sit
1448 3709 1623 3790 bumana
1646 3709 1837 3790 memoria
1868 3713 1911 3789 &
1942 3705 2122 3788 defectus

324 3817 568 3930 multiplices
595 3817 797 3925 paciatur,
826 3834 1103 3926 competenter
1115 3817 1299 3900 sollercia
1314 3821 1540 3928 sapientum
1557 3817 1760 3928 prouidit,
1788 3846 1835 3900 ea
1853 3818 2004 3900 litteris
2018 3845 2126 3898 oom-

323 3930 641 4039 mendumque
668 3929 918 4011 conueniunt
946 3930 988 4009 in
1018 3927 1201 4010 futurum
1228 3932 1457 4013 memoriter
1485 3932 1663 4013 retineri.
1692 3931 1800 4012 Hinc
1821 3946 1883 4010 est
1903 3926 2024 4039 quod
2037 3929 2128 4011 vni·

322 4063 536 4130 uersorum
565 4039 713 4125 noticie
741 4039 997 4149 presentibus
1012 4038 1198 4122 volumus
1225 4042 1417 4136 intimari,
1445 4068 1508 4122 me
1536 4040 1657 4124 talem
1686 4041 1921 4150 pactionem
1942 4067 2043 4120 cnm
2057 4038 2130 4121 do·

299 4157 434 4250 ming
461 4142 646 4250 ,iohanne
674 4148 822 4256 abbate
836 4151 1002 4260 aluastri
1017 4150 1271 4258 presentibus
1287 4149 1492 4232 monacbis
1512 4153 1595 4234 suis
1603 4149 1805 4236 ,fratribus
1820 4151 1944 4233 clauo
1959 4151 2133 4237 cellere·

322 4269 422 4363 rior
437 4260 675 4359 alexandre,
704 4265 747 4354 ssr
770 4259 986 4370 helmgero
1009 4259 1186 4344 eiusdem
1203 4260 1365 4358 mutue,
1393 4261 1549 4358 fecisse,
1566 4261 1703 4366 'Quod
1719 4279 1905 4372 propter
1919 4265 2035 4346 bona
2087 4288 2135 4344 ue

233 4390 238 4399 '
323 4375 483 4486 prefate
510 4370 650 4455 domui
677 4374 719 4454 in
748 4397 930 4462 meorum
950 4374 1221 4456 remissionem
1234 4373 1391 4457 contuli
1404 4390 1675 4481 peccatorum,
1689 4373 1925 4454 cellerarius
1953 4291 2137 4484 quilibet

166 4523 179 4538 -
326 4485 429 4576 alter
468 4499 562 4594 post
590 4484 763 4566 alterum
797 4483 999 4566 sexdecim
1041 4483 1268 4591 thynnones
1311 4511 1470 4566 annone
1513 4485 1722 4566 annuatim
1752 4483 1803 4566 de
1831 4487 2136 4567 communitate

326 4597 499 4704 accipiet
526 4621 605 4706 pro
631 4593 808 4704 pitancia
835 4595 1003 4704 singulis
1031 4596 1167 4692 annis,
1195 4593 1239 4675 in
1267 4596 1345 4676 mei
1373 4594 1582 4693 memoria,
1610 4594 1788 4682 secunda
1805 4593 1908 4678 feria
1937 4614 2042 4706 post
2065 4598 2135 4681 de·

220 4735 224 4748 ¹
326 4705 518 4794 mimicam
543 4693 681 4789 san'cte
707 4706 920 4802 trinitatis,
962 4707 1197 4816 qua'misse
1238 4702 1408 4786 dicende
1450 4722 1575 4802 sunt‚-
1596 4716 1642 4789 rt
1672 4707 1715 4786 in
1743 4721 1996 4792 testamento
2045 4735 2136 4790 men

161 4837 198 4930 ’κ
327 4819 578 4914 wntmetur.
610 4813 819 4906 decentius
845 4813 1049 4912 facienda,
1077 4813 1190 4925 quod
1205 4830 1321 4896 tanto
1336 4814 1528 4902 deuoeins
1555 4843 1633 4927 pro
1661 4844 1725 4898 me
1739 4845 1887 4926 preces
1909 4847 2005 4902 suas
2022 4821 2136 4903 altis·
2175 4875 2176 4882 κ

327 4929 430 5014 simo
458 4926 536 5011 deo
562 4924 817 5039 persoluent,
857 4941 904 5010 vt
943 4923 1010 5007 die
1051 4925 1191 5008 eadem
1223 4951 1348 5035 super
1387 4927 1541 5008 victum
1582 4927 1998 5015 consuetudinarium
2030 4933 2136 5016 eim·
2175 4983 2176 4996 ι

239 5090 246 5100 ·
328 5035 420 5124 dem
444 5037 579 5148 gracia
605 5031 742 5151 aliqua
767 5037 811 5122 in
838 5035 917 5122 mei
947 5035 1138 5118 memorie
1164 5049 1375 5143 erogetur,
1404 5033 1482 5122 Sed
1511 5040 1606 5152 quia
1635 5039 1877 5128 mortalium
1923 5041 2054 5146 facta,
2091 5057 2135 5126 ut
