4362 5946
784 494 841 518 -
952 443 1054 534 305Ι
1141 469 1245 518 -”

105 679 321 792 posituram
349 673 507 784 agebat.
536 701 560 754 a
588 671 706 754 nobis
735 677 775 752 8(
803 671 855 752 ab
885 673 1083 752 uniuersis
1112 673 1185 783 qui
1212 697 1288 778 pro
1316 688 1497 780 tempore
1520 669 1742 782 placitandi
1769 697 1889 756 causa
1999 767 2001 776 ‚

104 803 391 875 conuenerant:
420 785 625 866 humiliter
652 785 747 864 satis
776 811 822 863 ac
852 782 1021 862 discrete
1057 798 1280 891 prouentus
1307 809 1411 864 suos.
1445 783 1515 892 qui
1542 783 1620 865 sibi
1647 811 1800 902 sueque
1819 786 1889 867 'sa-

104 902 205 983 milie
234 903 276 980 in
304 913 489 1005 surnptus
516 895 751 976 sufficerent
766 892 959 1000 adaugeri
983 895 1215 1000 postulauit.
1246 888 1401 973 Placuit
1428 894 1554 1000 igitur
1574 897 1693 979 nobis
1721 902 1762 976 &
1789 925 1889 978 cun·

101 1013 174 1096 ctis
203 1012 275 1121 qui
302 1026 407 1090 tunc.
428 1008 610 1090 aderant.
640 1007 830 1116 quatinus
859 1005 1026 1113 singulis
1053 1006 1212 1084 annisa
1241 1000 1407 1110 singulis
1423 1000 1556 1084 decem
1576 1009 1889 1148 prouinciarum
2115 1051 2121 1060 .

10 1215 11 1222 ἵ
101 1121 409 1204 habitatoribus.
428 1120 541 1220 ‚duos
570 1119 724 1228 absque
739 1114 1059 1196 contradictione
1088 1114 1272 1214 denarios
1300 1115 1478 1223 recipiat.
1508 1114 1770 1228 sibr'suisque
1799 1145 1889 1198 suc·
2013 1111 2014 1114 ¹

101 1234 322 1316 cessoribus
358 1235 654 1339 imperpetuum
690 1228 936 1335 profuturos.
965 1230 1019 1306 At
1048 1255 1099 1306 ne
1127 1253 1317 1334 processu
1345 1227 1539 1332 temporis
1565 1225 1643 1310 hoc
1670 1244 1752 1311 tam
1778 1255 1904 1326 com·¹

99 1339 326 1425 meirdabile
372 1342 522 1421 factum
565 1367 638 1447 per
681 1339 977 1446 calumpniosos
1030 1365 1077 1416 ac
1120 1337 1288 1417 demone
1335 1335 1487 1444 plenos.
1529 1365 1574 1416 ea
1617 1367 1697 1448 que
1740 1341 1806 1448 pie
1848 1345 1888 1422 ὃς

100 1453 393 1535 rationabiliter
436 1453 549 1532 siunt.
595 1451 765 1552 inficiari
808 1448 1000 1530 uolentes.
1044 1450 1297 1558 aliquatenus
1348 1447 1482 1526 ualeat
1525 1448 1674 1529 irritari
1722 1477 1886 1560 presen-

98 1587 177 1654 tem
193 1567 382 1674 paginam
402 1562 522 1670 sigilli
533 1563 663 1642 nostri
680 1561 939 1670 impressione
969 1557 1134 1639 fecimus
1164 1559 1411 1640 communiri.
1440 1559 1590 1662 Datum
1618 1563 1748 1645 arusie
1777 1587 1886 1641 anno

58 1653 64 1668 “
99 1679 265 1759 domini.
296 1675 654 1756 maceramur.
860 1780 864 1790 υ

367 1817 428 1914 Ett
441 1817 509 1879 litet
530 1815 636 1900 stycks
657 1814 695 1878 of
711 1813 831 1894 sigillet
852 1809 970 1900 hinger
990 1813 999 1872 i
1021 1816 1111 1892 gro'nt
1132 1833 1209 1874 vax'
1231 1813 1281 1902 pd·
1293 1813 1389 1892 griina
1410 1801 1616 1874 sillcstrddar.

100 2189 234 2330 3¹7·
435 2198 438 2205 ⁸
691 2181 974 2310 'Udi-d·
1031 2223 1096 2289 10
1144 2185 1275 2328 Aug.
1405 2241 1500 2310 ·.
1686 2180 1896 2328 Upsqpa·⁴
1996 2279 2050 2300 ..

172 2405 359 2470 take-nist.
380 2404 512 2465 Jauuuas
533 2405 543 2462 i
565 2401 683 2486 Upsala
714 2401 1038 2464 stadfsstetse-Brefa
1060 2403 1134 2482 den,
1156 2405 1166 2462 i
1188 2402 1323 2465 Sveusla
1344 2401 1464 2464 lar-lens
1484 2411 1615 2466 utrumn
1635 2401 1696 2465 och
1716 2403 1790 2466 med
1809 2403 1886 2466 hans
1998 2425 2001 2434 ’

231 2487 335 2565 bifall,
357 2484 488 2547 baliada
509 2483 819 2548 diverenslommelse
840 2485 972 2546 emellan
994 2497 1116 2570 prosten
1138 2489 1148 2545 i
1169 2484 1290 2546 Tiunda
1322 2483 1395 2545 land
1426 2483 1486 2547 och
1506 2485 1672 2550 invdnmne
1694 2484 1885 2552 detuammtt·

228 2569 344 2647 stddes,
366 2567 524 2652 augiende
545 2589 583 2629 eu
604 2569 683 2649 trtig
704 2568 794 2649 asgill
815 2568 852 2627 af
867 2579 977 2630 tvenne
999 2570 1183 2652 penniugur,
1204 2568 1253 2630 titt
1275 2567 1334 2628 deu
1355 2567 1447 2631 stirne.
1867 2566 1870 2572 ’

1379 2739 1382 2748 .
1507 2681 1750 2751 κᾶιπιῆ
1857 2633 1861 2646 ·

241 2825 287 2925 ¹J
324 2823 461 2904 diuina
505 2821 757 2900 irriseratioue
802 2822 1022 2929 upsalensis
1073 2819 1236 2901 ecclesie
1280 2819 1614 2928 archiepiscopus.
1655 2822 1812 2904 Dilecto
1839 2801 1912 2905 in'

25 2935 27 2942 ’
90 2941 250 3018 christo
285 2932 450 3014 filios.
479 2938 685 3039 preposito
715 2930 765 3010 de
792 2929 1045 3014 tiundaland.
1075 2931 1489 3038 salutemdagratiam.
1519 2932 1642 3011 Justis
1662 2935 1884 3041 petentium

90 3044 307 3152 desiderijs
336 3041 502 3151 dignum
531 3058 591 3120 est
618 3068 692 3120 nos
727 3041 884 3123 facilem
923 3041 1092 3152 prebere
1121 3069 1335 3121 assensum.
1364 3048 1404 3122 &
1431 3057 1526 3121 uota
1554 3067 1634 3151 que
1662 3070 1685 3123 a
1715 3045 1883 3126 rationis

90 3160 260 3238 tramite
288 3182 372 3233 non
399 3150 632 3233 discordant
660 3151 804 3232 effectu
833 3152 971 3234 debito
1001 3169 1270 3262 prosequente
1300 3152 1511 3260 complere.
1539 3154 1595 3232 Ea
1623 3171 1793 3264 propter
1821 3154 1883 3236 di·
2039 3193 2049 3208 ’

88 3271 194 3350 lecte
227 3270 274 3346 in
310 3263 475 3347 domino
517 3263 572 3342 fili
614 3264 693 3342 tuis
735 3266 997 3370 petitionibus
1040 3263 1319 3345 fauorabiliter
1348 3264 1539 3343 inclinati.
1569 3291 1733 3345 censum
1761 3253 1916 3377 quem'

89 3395 283 3489 presente
319 3403 365 3454 ac
397 3374 668 3454 consentiente
698 3375 881 3482 preclaro
911 3373 1093 3484 principe
1109 3374 1284 3454 dominc.
1311 3377 1360 3455 V.
1391 3373 1638 3456 nobilissimo
1665 3405 1883 3462 saeuorum

87 3493 206 3572 duce.
241 3514 381 3568 omnes
409 3486 628 3593 quisecum
658 3482 708 3563 de
740 3486 897 3566 tiundia
926 3502 1200 3566 conuenerant
1222 3487 1349 3591 gratia
1378 3482 1609 3593 placitandi.
1623 3504 1704 3568 tam
1732 3501 1789 3570 cx'
1810 3515 1883 3568 sua
2004 3511 2008 3516 ’

87 3606 158 3712 qui
196 3599 286 3680 illic
320 3595 499 3678 aderant
525 3623 648 3703 quam
678 3597 855 3676 omnium
891 3625 941 3676 ex
970 3612 1098 3704 parte‘
1115 3597 1324 3704 qui'domi
1353 3611 1627 3676 remanserant
1653 3600 1698 3678 iu
1725 3601 1884 3708 siguum

86 3709 341 3796 obeditionis
384 3734 430 3786 ac
459 3709 685 3784 reuerentia
714 3734 790 3813 pro
826 3711 906 3786 tuis
934 3705 1132 3814 augendis·
1164 3705 1427 3813 prouentibus
1461 3707 1648 3793 alacriter
1688 3714 1883 3818 promise·

84 3841 187 3904 runt
235 3820 353 3901 annis
381 3816 549 3925 singulis
591 3817 912 3924 persoluendum.
947 3816 1059 3926 quod
1090 3816 1274 3898 uidelicet
1303 3816 1476 3926 quilibet
1503 3817 1697 3900 tiundiam
1724 3821 1881 3901 inhabi-

85 3953 176 4015 tans
208 3931 278 4012 uel
320 3928 371 4010 ad
418 3955 504 4008 eam
547 3930 826 4008 communione
863 3930 994 4037 legum
1035 3955 1105 4006 seu
1133 3928 1211 4007 alio
1245 3928 1429 4038 quolibet
1471 3929 1591 4009 titulo
1619 3930 1803 4016 attinens
1837 3932 1882 4011 iu

83 4046 258 4128 duobus
288 4041 460 4120 nummis
495 4055 618 4145 prout
654 4037 804 4118 dictum
833 4059 892 4119 est
923 4039 1091 4147 singulis
1120 4038 1234 4118 annis
1262 4039 1337 4118 tibi
1366 4053 1552 4120 teneatur
1580 4042 1776 4121 astrictus.
1804 4041 1882 4127 tibi
1917 4033 1922 4096 i

85 4149 259 4266 tuisque
298 4149 595 4231 successoribus
620 4147 896 4230 exhibendum
926 4145 1222 4257 imperpetuum
1251 4149 1542 4231 confirmamus.
1569 4149 1681 4230 Nulli
1694 4179 1790 4261 crgo
1806 4157 1879 4233 Sta.

86 4287 233 4368 nostre
249 4261 572 4344 confirmacionis
587 4265 659 4339 &c
678 4261 955 4369 apostolorum
971 4261 1056 4339 eius
1084 4288 1129 4338 ac
1158 4260 1266 4339 beati
1280 4259 1477 4367 lamenoij
1505 4287 1546 4340 se
1573 4264 1732 4340 nouerit
1746 4265 1881 4344 incur·

84 4407 252 4460 surum:
303 4375 451 4452 Datum
481 4371 634 4479 upsalie
667 4399 773 4450 anno
802 4374 854 4452 ab
883 4371 1158 4452 incarnatione
1192 4369 1355 4451 domini.
1383 4369 1738 4451 M⁰.CC⁰.X.LlIll⁰.
1770 4374 1879 4454 lIIl'.
1939 4431 1945 4438 -

81 4491 177 4573 idus
207 4485 420 4596 augusti.'
536 4585 540 4596 Ι

565 4591 684 4673 Sigillet
704 4592 715 4653 i
737 4594 827 4672 griint
848 4611 904 4651 vax
925 4589 1041 4672 benger
1062 4592 1072 4650 i
1093 4593 1190 4672 gro'na
1211 4587 1418 4654 sillestrddar.

78 4749 369 4780 ...an-

122 4825 150 4897 *l
174 4818 300 4880 Finnes
320 4810 408 4872 {iiten
430 4805 501 4870 med
522 4807 573 4869 siu
593 4805 774 4872 bibebdllua
795 4806 891 4890 sigili,
915 4828 985 4870 men
1006 4816 1081 4869 utan
1103 4803 1394 4884 ttdsbeatammeue,
1415 4805 1452 4868 Α.
1473 4784 1500 4867 3
1521 4825 1549 4867 a.
1569 4795 1600 4869 at
1621 4825 1650 4868 a.

227 4995 282 5049 sa.
302 4988 421 5064 ustrou
1066 4960 1074 4968 ’
1634 4954 1682 5054 39
