<?xml version="1.0" encoding="UTF-8"?>
<!DOCTYPE html PUBLIC "-//W3C//DTD XHTML 1.0 Transitional//EN"
    "http://www.w3.org/TR/xhtml1/DTD/xhtml1-transitional.dtd">
<html xmlns="http://www.w3.org/1999/xhtml" xml:lang="en" lang="en">
 <head>
  <title>
</title>
<meta http-equiv="Content-Type" content="text/html;charset=utf-8" />
  <meta name='ocr-system' content='tesseract 3.04.00' />
  <meta name='ocr-capabilities' content='ocr_page ocr_carea ocr_par ocr_line ocrx_word'/>
</head>
<body>
  <div class='ocr_page' id='page_1' title='image "./svensktdiplomat00swegoog_0465.png"; bbox 0 0 4404 5960; ppageno 0'>
   <div class='ocr_carea' id='block_1_1' title="bbox 822 384 1765 577">
    <p class='ocr_par' dir='ltr' id='par_1_1' title="bbox 822 384 1765 577">
     <span class='ocr_line' id='line_1_1' title="bbox 1757 384 1765 428; baseline 0 0"><span class='ocrx_word' id='word_1_1' title='bbox 1757 384 1765 428; x_wconf 80' lang='lat' dir='ltr'><strong>r</strong></span> 
     </span>
     <span class='ocr_line' id='line_1_2' title="bbox 822 461 1238 577; baseline -0.005 -27"><span class='ocrx_word' id='word_1_2' title='bbox 822 461 1238 577; x_wconf 50' lang='lat' dir='ltr'><strong>...421ss-</strong></span> 
     </span>
    </p>
   </div>
   <div class='ocr_carea' id='block_1_2' title="bbox 133 677 1918 938">
    <p class='ocr_par' dir='ltr' id='par_1_2' title="bbox 133 677 1918 938">
     <span class='ocr_line' id='line_1_3' title="bbox 134 677 1918 810; baseline -0.003 -21"><span class='ocrx_word' id='word_1_3' title='bbox 134 697 288 800; x_wconf 83' lang='lat' dir='ltr'><strong>nemus,</strong></span> <span class='ocrx_word' id='word_1_4' title='bbox 318 725 525 810; x_wconf 85' lang='lat' dir='ltr'>rogamus,</span> <span class='ocrx_word' id='word_1_5' title='bbox 553 717 594 784; x_wconf 88' lang='lat' dir='ltr'><strong>et</strong></span> <span class='ocrx_word' id='word_1_6' title='bbox 619 701 828 782; x_wconf 76' lang='lat' dir='ltr'><strong>hortamur</strong></span> <span class='ocrx_word' id='word_1_7' title='bbox 857 718 1028 799; x_wconf 88' lang='lat' dir='ltr'><strong>attente,</strong></span> <span class='ocrx_word' id='word_1_8' title='bbox 1058 701 1310 800; x_wconf 84' lang='lat' dir='ltr'><strong>mandantes,</strong></span> <span class='ocrx_word' id='word_1_9' title='bbox 1352 711 1393 778; x_wconf 85' lang='lat' dir='ltr'><strong>et</strong></span> <span class='ocrx_word' id='word_1_10' title='bbox 1421 701 1626 785; x_wconf 81' lang='lat' dir='ltr'><strong>caritative</strong></span> <span class='ocrx_word' id='word_1_11' title='bbox 1656 677 1790 784; x_wconf 85' lang='lat' dir='ltr'><strong>¹etiam</strong></span> <span class='ocrx_word' id='word_1_12' title='bbox 1822 677 1918 785; x_wconf 83' lang='lat' dir='ltr'><strong>con·</strong></span> 
     </span>
     <span class='ocr_line' id='line_1_4' title="bbox 133 811 1918 938; baseline -0.003 -38"><span class='ocrx_word' id='word_1_13' title='bbox 133 818 322 912; x_wconf 89' lang='lat' dir='ltr'><strong>sulentes,</strong></span> <span class='ocrx_word' id='word_1_14' title='bbox 352 829 398 892; x_wconf 91' lang='lat' dir='ltr'><strong>ut</strong></span> <span class='ocrx_word' id='word_1_15' title='bbox 425 811 618 938; x_wconf 70' lang='lat' dir='ltr'><strong>colligens</strong></span> <span class='ocrx_word' id='word_1_16' title='bbox 647 837 805 892; x_wconf 87' lang='lat' dir='ltr'><strong>causam</strong></span> <span class='ocrx_word' id='word_1_17' title='bbox 848 828 961 893; x_wconf 89' lang='lat' dir='ltr'><strong>tuam</strong></span> <span class='ocrx_word' id='word_1_18' title='bbox 988 815 1032 892; x_wconf 91' lang='lat' dir='ltr'><strong>in</strong></span> <span class='ocrx_word' id='word_1_19' title='bbox 1061 815 1149 893; x_wconf 90' lang='lat' dir='ltr'><strong>sinc</strong></span> <span class='ocrx_word' id='word_1_20' title='bbox 1199 828 1292 908; x_wconf 83' lang='lat' dir='ltr'><strong>tu0,</strong></span> <span class='ocrx_word' id='word_1_21' title='bbox 1327 824 1449 919; x_wconf 86' lang='lat' dir='ltr'><strong>teque</strong></span> <span class='ocrx_word' id='word_1_22' title='bbox 1492 815 1624 921; x_wconf 92' lang='lat' dir='ltr'><strong>ipsum</strong></span> <span class='ocrx_word' id='word_1_23' title='bbox 1665 818 1802 896; x_wconf 85' lang='lat' dir='ltr'><strong>totum¹</strong></span> <span class='ocrx_word' id='word_1_24' title='bbox 1826 833 1918 894; x_wconf 92' lang='lat' dir='ltr'><strong>ante</strong></span> 
     </span>
    </p>
   </div>
   <div class='ocr_carea' id='block_1_3' title="bbox 4 921 2127 1145">
    <p class='ocr_par' dir='ltr' id='par_1_3' title="bbox 4 921 2127 1145">
     <span class='ocr_line' id='line_1_5' title="bbox 4 921 1915 1036; baseline -0.003 -26"><span class='ocrx_word' id='word_1_25' title='bbox 4 927 6 934; x_wconf 71' lang='grc'>’</span> <span class='ocrx_word' id='word_1_26' title='bbox 135 927 271 1010; x_wconf 88' lang='lat' dir='ltr'><strong>oculos</strong></span> <span class='ocrx_word' id='word_1_27' title='bbox 299 944 392 1007; x_wconf 91' lang='lat' dir='ltr'><strong>tuos</strong></span> <span class='ocrx_word' id='word_1_28' title='bbox 420 949 593 1032; x_wconf 84' lang='lat' dir='ltr'><strong>ponem,</strong></span> <span class='ocrx_word' id='word_1_29' title='bbox 622 938 662 1001; x_wconf 92' lang='lat' dir='ltr'><strong>et</strong></span> <span class='ocrx_word' id='word_1_30' title='bbox 690 921 797 1005; x_wconf 90' lang='lat' dir='ltr'><strong>dicte</strong></span> <span class='ocrx_word' id='word_1_31' title='bbox 826 921 940 1003; x_wconf 88' lang='lat' dir='ltr'><strong>Sedis</strong></span> <span class='ocrx_word' id='word_1_32' title='bbox 968 925 1074 1004; x_wconf 88' lang='lat' dir='ltr'><strong>circa</strong></span> <span class='ocrx_word' id='word_1_33' title='bbox 1102 940 1147 1036; x_wconf 72' lang='lat' dir='ltr'><strong>tq</strong></span> <span class='ocrx_word' id='word_1_34' title='bbox 1171 924 1363 1032; x_wconf 89' lang='lat' dir='ltr'><strong>patientia</strong></span> <span class='ocrx_word' id='word_1_35' title='bbox 1397 950 1481 1002; x_wconf 90' lang='lat' dir='ltr'><strong>non</strong></span> <span class='ocrx_word' id='word_1_36' title='bbox 1513 923 1699 1024; x_wconf 88' lang='lat' dir='ltr'><strong>abutens,</strong></span> <span class='ocrx_word' id='word_1_37' title='bbox 1746 927 1915 1036; x_wconf 90' lang='lat' dir='ltr'><strong>amplio-</strong></span> 
     </span>
     <span class='ocr_line' id='line_1_6' title="bbox 133 1033 2127 1145; baseline -0.003 -25"><span class='ocrx_word' id='word_1_38' title='bbox 133 1043 213 1120; x_wconf 80' lang='lat' dir='ltr'><strong>&#39;rem</strong></span> <span class='ocrx_word' id='word_1_39' title='bbox 256 1051 473 1116; x_wconf 87' lang='lat' dir='ltr'><strong>memorate</strong></span> <span class='ocrx_word' id='word_1_40' title='bbox 517 1033 802 1115; x_wconf 82' lang='lat' dir='ltr'><strong>desolationem</strong></span> <span class='ocrx_word' id='word_1_41' title='bbox 831 1033 1005 1116; x_wconf 85' lang='lat' dir='ltr'><strong>Ecclesie</strong></span> <span class='ocrx_word' id='word_1_42' title='bbox 1034 1035 1201 1116; x_wconf 90' lang='lat' dir='ltr'><strong>ulterius</strong></span> <span class='ocrx_word' id='word_1_43' title='bbox 1230 1063 1313 1115; x_wconf 92' lang='lat' dir='ltr'><strong>non</strong></span> <span class='ocrx_word' id='word_1_44' title='bbox 1342 1051 1545 1140; x_wconf 85' lang='lat' dir='ltr'><strong>expectes,</strong></span> <span class='ocrx_word' id='word_1_45' title='bbox 1587 1035 1659 1117; x_wconf 90' lang='lat' dir='ltr'><strong>sed</strong></span> <span class='ocrx_word' id='word_1_46' title='bbox 1676 1038 1812 1145; x_wconf 88' lang='lat' dir='ltr'><strong>ipsius</strong></span> <span class='ocrx_word' id='word_1_47' title='bbox 1843 1039 1918 1116; x_wconf 87' lang='lat' dir='ltr'><strong>Ec·</strong></span> <span class='ocrx_word' id='word_1_48' title='bbox 2018 1043 2021 1048; x_wconf 78' lang='grc'><strong>’</strong></span> <span class='ocrx_word' id='word_1_49' title='bbox 2125 1037 2127 1042; x_wconf 74' lang='grc'><em>’</em></span> 
     </span>
    </p>
   </div>
   <div class='ocr_carea' id='block_1_4' title="bbox 127 1144 2042 2810">
    <p class='ocr_par' dir='ltr' id='par_1_4' title="bbox 127 1144 2042 2810">
     <span class='ocr_line' id='line_1_7' title="bbox 134 1144 1918 1257; baseline -0.004 -25"><span class='ocrx_word' id='word_1_50' title='bbox 134 1150 265 1244; x_wconf 85' lang='lat' dir='ltr'><strong>alesia,</strong></span> <span class='ocrx_word' id='word_1_51' title='bbox 295 1163 445 1256; x_wconf 90' lang='lat' dir='ltr'><strong>tueque</strong></span> <span class='ocrx_word' id='word_1_52' title='bbox 476 1146 567 1255; x_wconf 89' lang='lat' dir='ltr'><strong>paci</strong></span> <span class='ocrx_word' id='word_1_53' title='bbox 596 1144 832 1254; x_wconf 88' lang='lat' dir='ltr'><strong>providens,</strong></span> <span class='ocrx_word' id='word_1_54' title='bbox 876 1163 915 1226; x_wconf 94' lang='lat' dir='ltr'><strong>et</strong></span> <span class='ocrx_word' id='word_1_55' title='bbox 943 1147 1070 1256; x_wconf 89' lang='lat' dir='ltr'><strong>quieti</strong></span> <span class='ocrx_word' id='word_1_56' title='bbox 1099 1147 1185 1255; x_wconf 83' lang='lat' dir='ltr'><strong>ejus</strong></span> <span class='ocrx_word' id='word_1_57' title='bbox 1226 1146 1411 1256; x_wconf 84' lang='lat' dir='ltr'><strong>regimini</strong></span> <span class='ocrx_word' id='word_1_58' title='bbox 1453 1145 1559 1226; x_wconf 87' lang='lat' dir='ltr'><strong>infra</strong></span> <span class='ocrx_word' id='word_1_59' title='bbox 1589 1164 1681 1228; x_wconf 92' lang='lat' dir='ltr'><strong>octo</strong></span> <span class='ocrx_word' id='word_1_60' title='bbox 1711 1147 1796 1229; x_wconf 90' lang='lat' dir='ltr'><strong>dies</strong></span> <span class='ocrx_word' id='word_1_61' title='bbox 1825 1163 1918 1257; x_wconf 92' lang='lat' dir='ltr'><strong>post</strong></span> 
     </span>
     <span class='ocr_line' id='line_1_8' title="bbox 133 1253 1949 1369; baseline -0.001 -27"><span class='ocrx_word' id='word_1_62' title='bbox 133 1262 399 1369; x_wconf 87' lang='lat' dir='ltr'><strong>receptionem</strong></span> <span class='ocrx_word' id='word_1_63' title='bbox 427 1256 674 1366; x_wconf 89' lang='lat' dir='ltr'><strong>presentium</strong></span> <span class='ocrx_word' id='word_1_64' title='bbox 701 1258 744 1334; x_wconf 93' lang='lat' dir='ltr'><strong>in</strong></span> <span class='ocrx_word' id='word_1_65' title='bbox 773 1256 957 1336; x_wconf 91' lang='lat' dir='ltr'><strong>manibus</strong></span> <span class='ocrx_word' id='word_1_66' title='bbox 986 1317 996 1337; x_wconf 89' lang='lat'><strong>.</strong></span> <span class='ocrx_word' id='word_1_67' title='bbox 1027 1318 1036 1338; x_wconf 90' lang='lat'><strong>.</strong></span> <span class='ocrx_word' id='word_1_68' title='bbox 1067 1318 1075 1337; x_wconf 93' lang='lat'><strong>.</strong></span> <span class='ocrx_word' id='word_1_69' title='bbox 1106 1317 1116 1336; x_wconf 89' lang='lat'><strong>.</strong></span> <span class='ocrx_word' id='word_1_70' title='bbox 1146 1258 1295 1338; x_wconf 82' lang='lat' dir='ltr'><strong>Primis</strong></span> <span class='ocrx_word' id='word_1_71' title='bbox 1324 1256 1373 1338; x_wconf 96' lang='lat' dir='ltr'><strong>de</strong></span> <span class='ocrx_word' id='word_1_72' title='bbox 1401 1253 1648 1338; x_wconf 83' lang='lat' dir='ltr'><strong>Halnrstadia</strong></span> <span class='ocrx_word' id='word_1_73' title='bbox 1693 1257 1949 1355; x_wconf 73' lang='lat' dir='ltr'><strong>Lundensis‘</strong></span> 
     </span>
     <span class='ocr_line' id='line_1_9' title="bbox 135 1366 2042 1480; baseline -0.003 -28"><span class='ocrx_word' id='word_1_74' title='bbox 135 1372 329 1469; x_wconf 84' lang='lat' dir='ltr'><strong>Dioresis,</strong></span> <span class='ocrx_word' id='word_1_75' title='bbox 358 1386 399 1449; x_wconf 90' lang='lat' dir='ltr'><strong>et</strong></span> <span class='ocrx_word' id='word_1_76' title='bbox 429 1427 437 1448; x_wconf 92' lang='lat'><strong>.</strong></span> <span class='ocrx_word' id='word_1_77' title='bbox 470 1428 478 1445; x_wconf 92' lang='lat'><strong>.</strong></span> <span class='ocrx_word' id='word_1_78' title='bbox 509 1427 519 1448; x_wconf 92' lang='lat'><strong>.</strong></span> <span class='ocrx_word' id='word_1_79' title='bbox 549 1427 557 1446; x_wconf 94' lang='lat'><strong>.</strong></span> <span class='ocrx_word' id='word_1_80' title='bbox 589 1366 823 1476; x_wconf 89' lang='lat' dir='ltr'><strong>Supprioris</strong></span> <span class='ocrx_word' id='word_1_81' title='bbox 850 1368 1037 1454; x_wconf 79' lang='lat' dir='ltr'><strong>Fratrum</strong></span> <span class='ocrx_word' id='word_1_82' title='bbox 1067 1368 1368 1450; x_wconf 89' lang='lat' dir='ltr'><strong>Predieatorum</strong></span> <span class='ocrx_word' id='word_1_83' title='bbox 1382 1367 1671 1465; x_wconf 88' lang='lat' dir='ltr'><strong>Lundensium,</strong></span> <span class='ocrx_word' id='word_1_84' title='bbox 1686 1393 1789 1480; x_wconf 87' lang='lat' dir='ltr'><strong>quos</strong></span> <span class='ocrx_word' id='word_1_85' title='bbox 1809 1369 1862 1449; x_wconf 88' lang='lat' dir='ltr'><strong>ad</strong></span> <span class='ocrx_word' id='word_1_86' title='bbox 1877 1387 1917 1447; x_wconf 91' lang='lat' dir='ltr'><strong>te</strong></span> <span class='ocrx_word' id='word_1_87' title='bbox 1983 1451 1986 1456; x_wconf 73' lang='grc'>,</span> <span class='ocrx_word' id='word_1_88' title='bbox 2036 1407 2042 1446; x_wconf 70' lang='lat' dir='ltr'><strong>r</strong></span> 
     </span>
     <span class='ocr_line' id='line_1_10' title="bbox 134 1473 1917 1592; baseline -0.002 -30"><span class='ocrx_word' id='word_1_89' title='bbox 134 1498 298 1592; x_wconf 90' lang='lat' dir='ltr'><strong>propter</strong></span> <span class='ocrx_word' id='word_1_90' title='bbox 326 1480 404 1560; x_wconf 92' lang='lat' dir='ltr'><strong>hoc</strong></span> <span class='ocrx_word' id='word_1_91' title='bbox 433 1475 658 1586; x_wconf 83' lang='lat' dir='ltr'><strong>specialiter</strong></span> <span class='ocrx_word' id='word_1_92' title='bbox 686 1479 891 1572; x_wconf 90' lang='lat' dir='ltr'><strong>mittimus,</strong></span> <span class='ocrx_word' id='word_1_93' title='bbox 921 1479 1136 1587; x_wconf 86' lang='lat' dir='ltr'><strong>atquibus</strong></span> <span class='ocrx_word' id='word_1_94' title='bbox 1164 1481 1283 1560; x_wconf 88' lang='lat' dir='ltr'><strong>etiam</strong></span> <span class='ocrx_word' id='word_1_95' title='bbox 1310 1477 1533 1587; x_wconf 91' lang='lat' dir='ltr'><strong>recipiendi</strong></span> <span class='ocrx_word' id='word_1_96' title='bbox 1547 1473 1764 1562; x_wconf 90' lang='lat' dir='ltr'><strong>cessionem</strong></span> <span class='ocrx_word' id='word_1_97' title='bbox 1776 1480 1917 1588; x_wconf 88' lang='lat' dir='ltr'><strong>hujus·</strong></span> 
     </span>
     <span class='ocr_line' id='line_1_11' title="bbox 135 1588 1918 1699; baseline -0.003 -25"><span class='ocrx_word' id='word_1_98' title='bbox 135 1591 241 1674; x_wconf 90' lang='lat' dir='ltr'><strong>modi</strong></span> <span class='ocrx_word' id='word_1_99' title='bbox 270 1593 355 1673; x_wconf 91' lang='lat' dir='ltr'><strong>vice</strong></span> <span class='ocrx_word' id='word_1_100' title='bbox 383 1603 520 1668; x_wconf 86' lang='lat' dir='ltr'><strong>nostra</strong></span> <span class='ocrx_word' id='word_1_101' title='bbox 550 1589 709 1697; x_wconf 83' lang='lat' dir='ltr'><strong>plenam</strong></span> <span class='ocrx_word' id='word_1_102' title='bbox 738 1604 779 1667; x_wconf 88' lang='lat' dir='ltr'><strong>ct</strong></span> <span class='ocrx_word' id='word_1_103' title='bbox 807 1588 973 1668; x_wconf 85' lang='lat' dir='ltr'><strong>liberam</strong></span> <span class='ocrx_word' id='word_1_104' title='bbox 1002 1589 1231 1669; x_wconf 87' lang='lat' dir='ltr'><strong>facultatem</strong></span> <span class='ocrx_word' id='word_1_105' title='bbox 1259 1617 1334 1699; x_wconf 87' lang='lat' dir='ltr'><strong>per</strong></span> <span class='ocrx_word' id='word_1_106' title='bbox 1360 1590 1456 1670; x_wconf 89' lang='lat' dir='ltr'><strong>alias</strong></span> <span class='ocrx_word' id='word_1_107' title='bbox 1477 1595 1634 1670; x_wconf 89' lang='lat' dir='ltr'><strong>nostras</strong></span> <span class='ocrx_word' id='word_1_108' title='bbox 1664 1592 1918 1674; x_wconf 84' lang='lat' dir='ltr'><strong>concedimus</strong></span> 
     </span>
     <span class='ocr_line' id='line_1_12' title="bbox 134 1693 1918 1811; baseline -0.003 -26"><span class='ocrx_word' id='word_1_109' title='bbox 134 1707 285 1785; x_wconf 89' lang='lat' dir='ltr'><strong>litteras</strong></span> <span class='ocrx_word' id='word_1_110' title='bbox 312 1715 456 1811; x_wconf 89' lang='lat' dir='ltr'><strong>sponte</strong></span> <span class='ocrx_word' id='word_1_111' title='bbox 486 1697 614 1778; x_wconf 89' lang='lat' dir='ltr'><strong>cedas.</strong></span> <span class='ocrx_word' id='word_1_112' title='bbox 645 1699 848 1801; x_wconf 90' lang='lat' dir='ltr'><strong>Quoniam</strong></span> <span class='ocrx_word' id='word_1_113' title='bbox 876 1703 909 1778; x_wconf 91' lang='lat' dir='ltr'><strong>si</strong></span> <span class='ocrx_word' id='word_1_114' title='bbox 936 1720 1077 1780; x_wconf 88' lang='lat' dir='ltr'><strong>nostro</strong></span> <span class='ocrx_word' id='word_1_115' title='bbox 1106 1702 1149 1780; x_wconf 94' lang='lat' dir='ltr'><strong>in</strong></span> <span class='ocrx_word' id='word_1_116' title='bbox 1176 1701 1250 1780; x_wconf 91' lang='lat' dir='ltr'><strong>hac</strong></span> <span class='ocrx_word' id='word_1_117' title='bbox 1286 1720 1399 1809; x_wconf 87' lang='lat' dir='ltr'><strong>parte</strong></span> <span class='ocrx_word' id='word_1_118' title='bbox 1440 1702 1642 1780; x_wconf 86' lang='lat' dir='ltr'><strong>curaveris</strong></span> <span class='ocrx_word' id='word_1_119' title='bbox 1684 1693 1850 1783; x_wconf 90' lang='lat' dir='ltr'><strong>consilio</strong></span> <span class='ocrx_word' id='word_1_120' title='bbox 1878 1717 1918 1781; x_wconf 91' lang='lat' dir='ltr'><strong>et</strong></span> 
     </span>
     <span class='ocr_line' id='line_1_13' title="bbox 128 1809 1974 1920; baseline -0.003 -25"><span class='ocrx_word' id='word_1_121' title='bbox 128 1813 320 1916; x_wconf 22' lang='lat' dir='ltr'><strong>,mandato</strong></span> <span class='ocrx_word' id='word_1_122' title='bbox 348 1836 513 1920; x_wconf 89' lang='lat' dir='ltr'><strong>parere,</strong></span> <span class='ocrx_word' id='word_1_123' title='bbox 543 1809 593 1892; x_wconf 91' lang='lat' dir='ltr'><strong>de</strong></span> <span class='ocrx_word' id='word_1_124' title='bbox 621 1814 788 1905; x_wconf 70' lang='lat' dir='ltr'><strong>nostra,</strong></span> <span class='ocrx_word' id='word_1_125' title='bbox 806 1825 847 1889; x_wconf 89' lang='lat' dir='ltr'><strong>et</strong></span> <span class='ocrx_word' id='word_1_126' title='bbox 875 1810 983 1916; x_wconf 86' lang='lat' dir='ltr'><strong>dicte</strong></span> <span class='ocrx_word' id='word_1_127' title='bbox 1011 1810 1123 1890; x_wconf 90' lang='lat' dir='ltr'><strong>Sedis</strong></span> <span class='ocrx_word' id='word_1_128' title='bbox 1152 1810 1444 1907; x_wconf 88' lang='lat' dir='ltr'><strong>misericordia,</strong></span> <span class='ocrx_word' id='word_1_129' title='bbox 1478 1839 1557 1920; x_wconf 93' lang='lat' dir='ltr'><strong>que</strong></span> <span class='ocrx_word' id='word_1_130' title='bbox 1586 1815 1794 1893; x_wconf 91' lang='lat' dir='ltr'><strong>consuevit</strong></span> <span class='ocrx_word' id='word_1_131' title='bbox 1823 1812 1919 1892; x_wconf 90' lang='lat' dir='ltr'><strong>obe·</strong></span> <span class='ocrx_word' id='word_1_132' title='bbox 1970 1835 1974 1844; x_wconf 87' lang='grc'><em>·</em></span> 
     </span>
     <span class='ocr_line' id='line_1_14' title="bbox 134 1919 1921 2033; baseline -0.003 -28"><span class='ocrx_word' id='word_1_133' title='bbox 134 1925 286 2005; x_wconf 88' lang='lat' dir='ltr'><strong>dientes</strong></span> <span class='ocrx_word' id='word_1_134' title='bbox 314 1941 354 2003; x_wconf 91' lang='lat' dir='ltr'><strong>et</strong></span> <span class='ocrx_word' id='word_1_135' title='bbox 381 1920 549 2003; x_wconf 91' lang='lat' dir='ltr'><strong>humiles</strong></span> <span class='ocrx_word' id='word_1_136' title='bbox 578 1922 619 1998; x_wconf 90' lang='lat' dir='ltr'><strong>in</strong></span> <span class='ocrx_word' id='word_1_137' title='bbox 648 1947 718 1999; x_wconf 90' lang='lat' dir='ltr'><strong>sue</strong></span> <span class='ocrx_word' id='word_1_138' title='bbox 745 1919 1037 2000; x_wconf 89' lang='lat' dir='ltr'><strong>benedictionis</strong></span> <span class='ocrx_word' id='word_1_139' title='bbox 1066 1921 1277 2003; x_wconf 92' lang='lat' dir='ltr'><strong>dulcedine</strong></span> <span class='ocrx_word' id='word_1_140' title='bbox 1296 1923 1524 2032; x_wconf 88' lang='lat' dir='ltr'><strong>prevenire,</strong></span> <span class='ocrx_word' id='word_1_141' title='bbox 1553 1921 1808 2033; x_wconf 84' lang='lat' dir='ltr'><strong>aliquatenus</strong></span> <span class='ocrx_word' id='word_1_142' title='bbox 1836 1951 1921 2004; x_wconf 91' lang='lat' dir='ltr'><strong>non</strong></span> 
     </span>
     <span class='ocr_line' id='line_1_15' title="bbox 127 2030 1998 2140; baseline -0.002 -24"><span class='ocrx_word' id='word_1_143' title='bbox 127 2034 303 2140; x_wconf 79' lang='lat' dir='ltr'><strong>diffidas</strong></span> <span class='ocrx_word' id='word_1_144' title='bbox 336 2031 415 2112; x_wconf 89' lang='lat' dir='ltr'><strong>Sed</strong></span> <span class='ocrx_word' id='word_1_145' title='bbox 444 2031 478 2108; x_wconf 90' lang='lat' dir='ltr'><strong>si</strong></span> <span class='ocrx_word' id='word_1_146' title='bbox 505 2030 671 2138; x_wconf 82' lang='lat' dir='ltr'><strong>elegeris</strong></span> <span class='ocrx_word' id='word_1_147' title='bbox 699 2031 921 2138; x_wconf 87' lang='lat' dir='ltr'><strong>predictam</strong></span> <span class='ocrx_word' id='word_1_148' title='bbox 964 2031 1181 2112; x_wconf 89' lang='lat' dir='ltr'><strong>Ecclesiam</strong></span> <span class='ocrx_word' id='word_1_149' title='bbox 1226 2035 1267 2114; x_wconf 92' lang='lat' dir='ltr'><strong>in</strong></span> <span class='ocrx_word' id='word_1_150' title='bbox 1312 2032 1543 2140; x_wconf 87' lang='lat' dir='ltr'><strong>hujusmodi</strong></span> <span class='ocrx_word' id='word_1_151' title='bbox 1588 2035 1919 2116; x_wconf 87' lang='lat' dir='ltr'><strong>tribulationibus</strong></span> <span class='ocrx_word' id='word_1_152' title='bbox 1991 2047 1998 2062; x_wconf 75' lang='lat'><em>¹</em></span> 
     </span>
     <span class='ocr_line' id='line_1_16' title="bbox 133 2142 2028 2254; baseline -0.001 -29"><span class='ocrx_word' id='word_1_153' title='bbox 133 2147 303 2254; x_wconf 86' lang='lat' dir='ltr'><strong>amplius</strong></span> <span class='ocrx_word' id='word_1_154' title='bbox 332 2143 529 2234; x_wconf 87' lang='lat' dir='ltr'><strong>detinere,</strong></span> <span class='ocrx_word' id='word_1_155' title='bbox 560 2142 788 2250; x_wconf 85' lang='lat' dir='ltr'><strong>nostrisque</strong></span> <span class='ocrx_word' id='word_1_156' title='bbox 816 2142 1045 2222; x_wconf 87' lang='lat' dir='ltr'><strong>nullatenus</strong></span> <span class='ocrx_word' id='word_1_157' title='bbox 1086 2169 1209 2250; x_wconf 89' lang='lat' dir='ltr'><strong>super</strong></span> <span class='ocrx_word' id='word_1_158' title='bbox 1250 2143 1327 2223; x_wconf 92' lang='lat' dir='ltr'><strong>hoc</strong></span> <span class='ocrx_word' id='word_1_159' title='bbox 1372 2143 1564 2223; x_wconf 87' lang='lat' dir='ltr'><strong>adherere</strong></span> <span class='ocrx_word' id='word_1_160' title='bbox 1608 2146 1801 2242; x_wconf 91' lang='lat' dir='ltr'><strong>consiliis,</strong></span> <span class='ocrx_word' id='word_1_161' title='bbox 1845 2173 1919 2226; x_wconf 93' lang='lat' dir='ltr'><strong>nos</strong></span> <span class='ocrx_word' id='word_1_162' title='bbox 1983 2185 1985 2190; x_wconf 31' lang='lat' dir='ltr'><strong>v</strong></span> <span class='ocrx_word' id='word_1_163' title='bbox 2024 2152 2028 2160; x_wconf 60' lang='lat'><strong>⁴</strong></span> 
     </span>
     <span class='ocr_line' id='line_1_17' title="bbox 132 2250 1920 2364; baseline -0.003 -25"><span class='ocrx_word' id='word_1_164' title='bbox 132 2284 183 2339; x_wconf 93' lang='lat' dir='ltr'><strong>ne</strong></span> <span class='ocrx_word' id='word_1_165' title='bbox 212 2257 350 2362; x_wconf 90' lang='lat' dir='ltr'><strong>culpas</strong></span> <span class='ocrx_word' id='word_1_166' title='bbox 378 2270 487 2345; x_wconf 90' lang='lat' dir='ltr'><strong>tuas,</strong></span> <span class='ocrx_word' id='word_1_167' title='bbox 518 2268 684 2332; x_wconf 88' lang='lat' dir='ltr'><strong>nostras·</strong></span> <span class='ocrx_word' id='word_1_168' title='bbox 703 2251 835 2346; x_wconf 83' lang='lat' dir='ltr'><strong>facere</strong></span> <span class='ocrx_word' id='word_1_169' title='bbox 863 2250 1090 2348; x_wconf 89' lang='lat' dir='ltr'><strong>videamur,</strong></span> <span class='ocrx_word' id='word_1_170' title='bbox 1119 2253 1368 2333; x_wconf 89' lang='lat' dir='ltr'><strong>dissimulare</strong></span> <span class='ocrx_word' id='word_1_171' title='bbox 1396 2255 1563 2334; x_wconf 91' lang='lat' dir='ltr'><strong>ulterius</strong></span> <span class='ocrx_word' id='word_1_172' title='bbox 1579 2282 1662 2336; x_wconf 94' lang='lat' dir='ltr'><strong>non</strong></span> <span class='ocrx_word' id='word_1_173' title='bbox 1684 2259 1920 2364; x_wconf 81' lang='lat' dir='ltr'><strong>poterimus,</strong></span> 
     </span>
     <span class='ocr_line' id='line_1_18' title="bbox 133 2360 1921 2478; baseline 0.001 -32"><span class='ocrx_word' id='word_1_174' title='bbox 133 2369 231 2478; x_wconf 92' lang='lat' dir='ltr'><strong>quin</strong></span> <span class='ocrx_word' id='word_1_175' title='bbox 261 2364 313 2446; x_wconf 90' lang='lat' dir='ltr'><strong>ad</strong></span> <span class='ocrx_word' id='word_1_176' title='bbox 341 2362 613 2470; x_wconf 85' lang='lat' dir='ltr'><strong>indagandum</strong></span> <span class='ocrx_word' id='word_1_177' title='bbox 641 2376 681 2441; x_wconf 90' lang='lat' dir='ltr'><strong>et</strong></span> <span class='ocrx_word' id='word_1_178' title='bbox 709 2360 959 2470; x_wconf 89' lang='lat' dir='ltr'><strong>puniendum</strong></span> <span class='ocrx_word' id='word_1_179' title='bbox 988 2364 1099 2444; x_wconf 90' lang='lat' dir='ltr'><strong>inte</strong></span> <span class='ocrx_word' id='word_1_180' title='bbox 1135 2366 1311 2470; x_wconf 86' lang='lat' dir='ltr'><strong>graviter</strong></span> <span class='ocrx_word' id='word_1_181' title='bbox 1352 2393 1533 2445; x_wconf 88' lang='lat' dir='ltr'><strong>excessus</strong></span> <span class='ocrx_word' id='word_1_182' title='bbox 1574 2366 1809 2475; x_wconf 80' lang='lat' dir='ltr'><strong>hujusmodi</strong></span> <span class='ocrx_word' id='word_1_183' title='bbox 1837 2369 1921 2448; x_wconf 82' lang='lat' dir='ltr'><strong>exi·</strong></span> 
     </span>
     <span class='ocr_line' id='line_1_19' title="bbox 133 2473 1919 2588; baseline 0 -31"><span class='ocrx_word' id='word_1_184' title='bbox 133 2494 250 2586; x_wconf 87' lang='lat' dir='ltr'><strong>gente</strong></span> <span class='ocrx_word' id='word_1_185' title='bbox 278 2475 446 2581; x_wconf 81' lang='lat' dir='ltr'><strong>justitia·</strong></span> <span class='ocrx_word' id='word_1_186' title='bbox 462 2490 692 2553; x_wconf 87' lang='lat' dir='ltr'><strong>constanter</strong></span> <span class='ocrx_word' id='word_1_187' title='bbox 720 2483 884 2554; x_wconf 84' lang='lat' dir='ltr'><strong>auctore</strong></span> <span class='ocrx_word' id='word_1_188' title='bbox 915 2475 1090 2553; x_wconf 92' lang='lat' dir='ltr'><strong>Domino</strong></span> <span class='ocrx_word' id='word_1_189' title='bbox 1118 2473 1383 2582; x_wconf 87' lang='lat' dir='ltr'><strong>procedamus</strong></span> <span class='ocrx_word' id='word_1_190' title='bbox 1425 2475 1554 2557; x_wconf 89' lang='lat' dir='ltr'><strong>eidem</strong></span> <span class='ocrx_word' id='word_1_191' title='bbox 1592 2477 1772 2558; x_wconf 83' lang='lat' dir='ltr'><strong>-Ecclesie</strong></span> <span class='ocrx_word' id='word_1_192' title='bbox 1801 2480 1919 2588; x_wconf 89' lang='lat' dir='ltr'><strong>spiri·</strong></span> 
     </span>
     <span class='ocr_line' id='line_1_20' title="bbox 133 2585 1920 2694; baseline 0.001 -26"><span class='ocrx_word' id='word_1_193' title='bbox 133 2589 314 2680; x_wconf 88' lang='lat' dir='ltr'><strong>tualiter,</strong></span> <span class='ocrx_word' id='word_1_194' title='bbox 343 2601 384 2664; x_wconf 90' lang='lat' dir='ltr'><strong>et</strong></span> <span class='ocrx_word' id='word_1_195' title='bbox 411 2586 685 2691; x_wconf 85' lang='lat' dir='ltr'><strong>temporaliter</strong></span> <span class='ocrx_word' id='word_1_196' title='bbox 726 2585 949 2692; x_wconf 71' lang='lat' dir='ltr'><strong>provisuri.¹</strong></span> <span class='ocrx_word' id='word_1_197' title='bbox 995 2585 1144 2665; x_wconf 89' lang='lat' dir='ltr'><strong>Datum</strong></span> <span class='ocrx_word' id='word_1_198' title='bbox 1179 2585 1289 2694; x_wconf 90' lang='lat' dir='ltr'><strong>apud</strong></span> <span class='ocrx_word' id='word_1_199' title='bbox 1331 2587 1661 2669; x_wconf 83' lang='lat' dir='ltr'><strong>Vrbcmvetcrem</strong></span> <span class='ocrx_word' id='word_1_200' title='bbox 1702 2591 1741 2669; x_wconf 93' lang='lat' dir='ltr'><strong>ll</strong></span> <span class='ocrx_word' id='word_1_201' title='bbox 1784 2591 1920 2670; x_wconf 88' lang='lat' dir='ltr'><strong>Nonas</strong></span> 
     </span>
     <span class='ocr_line' id='line_1_21' title="bbox 132 2694 1074 2810; baseline -0.003 -29"><span class='ocrx_word' id='word_1_202' title='bbox 132 2699 301 2810; x_wconf 84' lang='lat' dir='ltr'><strong>Aprilis,</strong></span> <span class='ocrx_word' id='word_1_203' title='bbox 330 2694 590 2776; x_wconf 90' lang='lat' dir='ltr'><strong>Pontilicatus</strong></span> <span class='ocrx_word' id='word_1_204' title='bbox 616 2696 746 2777; x_wconf 88' lang='lat' dir='ltr'><strong>nostri</strong></span> <span class='ocrx_word' id='word_1_205' title='bbox 774 2699 895 2777; x_wconf 89' lang='lat' dir='ltr'><strong>Anno</strong></span> <span class='ocrx_word' id='word_1_206' title='bbox 924 2694 1074 2778; x_wconf 91' lang='lat' dir='ltr'><strong>Tertio.</strong></span> 
     </span>
    </p>
   </div>
   <div class='ocr_carea' id='block_1_5' title="bbox 137 3022 1919 3237">
    <p class='ocr_par' dir='ltr' id='par_1_5' title="bbox 137 3022 1919 3237">
     <span class='ocr_line' id='line_1_22' title="bbox 137 3022 1919 3237; baseline 0.002 -44"><span class='ocrx_word' id='word_1_207' title='bbox 137 3107 269 3236; x_wconf 64' lang='lat'><strong>497.</strong></span> <span class='ocrx_word' id='word_1_208' title='bbox 669 3177 677 3198; x_wconf 89' lang='lat'><strong>.</strong></span> <span class='ocrx_word' id='word_1_209' title='bbox 786 3090 934 3218; x_wconf 69' lang='lat'>1264</span> <span class='ocrx_word' id='word_1_210' title='bbox 982 3091 1030 3196; x_wconf 86' lang='lat' dir='ltr'><strong>d.</strong></span> <span class='ocrx_word' id='word_1_211' title='bbox 1078 3109 1109 3220; x_wconf 73' lang='grc'>4</span> <span class='ocrx_word' id='word_1_212' title='bbox 1156 3092 1282 3237; x_wconf 88' lang='lat' dir='ltr'><strong>Apr.</strong></span> <span class='ocrx_word' id='word_1_213' title='bbox 1508 3049 1509 3054; x_wconf 11' lang='lat' dir='ltr'><strong>i</strong></span> <span class='ocrx_word' id='word_1_214' title='bbox 1605 3022 1609 3029; x_wconf 95' lang='lat'>·</span> <span class='ocrx_word' id='word_1_215' title='bbox 1771 3093 1919 3200; x_wconf 85' lang='lat' dir='ltr'><strong>Rom.</strong></span> 
     </span>
    </p>
   </div>
   <div class='ocr_carea' id='block_1_6' title="bbox 214 3266 1921 3474">
    <p class='ocr_par' dir='ltr' id='par_1_6' title="bbox 214 3266 1921 3474">
     <span class='ocr_line' id='line_1_23' title="bbox 214 3266 1921 3392; baseline 0.003 -21"><span class='ocrx_word' id='word_1_216' title='bbox 214 3266 303 3371; x_wconf 77' lang='lat' dir='ltr'><strong>Pasv.</strong></span> <span class='ocrx_word' id='word_1_217' title='bbox 324 3307 467 3370; x_wconf 78' lang='lat' dir='ltr'><strong>Usamus</strong></span> <span class='ocrx_word' id='word_1_218' title='bbox 488 3310 559 3374; x_wconf 79' lang='lat' dir='ltr'><strong>ths</strong></span> <span class='ocrx_word' id='word_1_219' title='bbox 579 3313 753 3392; x_wconf 82' lang='lat' dir='ltr'><strong>Besalluing</strong></span> <span class='ocrx_word' id='word_1_220' title='bbox 775 3312 822 3373; x_wconf 91' lang='lat' dir='ltr'><strong>till</strong></span> <span class='ocrx_word' id='word_1_221' title='bbox 842 3312 975 3388; x_wconf 78' lang='lat' dir='ltr'><strong>Prioren</strong></span> <span class='ocrx_word' id='word_1_222' title='bbox 995 3314 1004 3370; x_wconf 92' lang='lat' dir='ltr'><strong>i</strong></span> <span class='ocrx_word' id='word_1_223' title='bbox 1027 3311 1187 3372; x_wconf 87' lang='lat' dir='ltr'><strong>Halmstad</strong></span> <span class='ocrx_word' id='word_1_224' title='bbox 1208 3310 1270 3372; x_wconf 89' lang='lat' dir='ltr'><strong>och</strong></span> <span class='ocrx_word' id='word_1_225' title='bbox 1291 3309 1482 3392; x_wconf 88' lang='lat' dir='ltr'><strong>Subprioren</strong></span> <span class='ocrx_word' id='word_1_226' title='bbox 1503 3311 1552 3372; x_wconf 76' lang='lat' dir='ltr'><strong>sot·</strong></span> <span class='ocrx_word' id='word_1_227' title='bbox 1573 3309 1921 3376; x_wconf 79' lang='lat' dir='ltr'><strong>Predihare·Briiderna</strong></span> 
     </span>
     <span class='ocr_line' id='line_1_24' title="bbox 264 3389 1920 3474; baseline 0.004 -22"><span class='ocrx_word' id='word_1_228' title='bbox 264 3394 275 3452; x_wconf 92' lang='lat' dir='ltr'><strong>i</strong></span> <span class='ocrx_word' id='word_1_229' title='bbox 296 3389 387 3460; x_wconf 84' lang='lat' dir='ltr'><strong>Lund</strong></span> <span class='ocrx_word' id='word_1_230' title='bbox 408 3402 452 3454; x_wconf 88' lang='lat' dir='ltr'><strong>att</strong></span> <span class='ocrx_word' id='word_1_231' title='bbox 471 3394 521 3455; x_wconf 90' lang='lat' dir='ltr'><strong>till</strong></span> <span class='ocrx_word' id='word_1_232' title='bbox 541 3393 719 3457; x_wconf 71' lang='lat' dir='ltr'><strong>irie-Bisl.</strong></span> <span class='ocrx_word' id='word_1_233' title='bbox 740 3395 832 3456; x_wconf 75' lang='lat' dir='ltr'><strong>lacos</strong></span> <span class='ocrx_word' id='word_1_234' title='bbox 853 3395 1048 3456; x_wconf 78' lang='lat' dir='ltr'><strong>Enusunssor</strong></span> <span class='ocrx_word' id='word_1_235' title='bbox 1070 3395 1262 3456; x_wconf 82' lang='lat' dir='ltr'><strong>iifverlemua</strong></span> <span class='ocrx_word' id='word_1_236' title='bbox 1282 3391 1578 3474; x_wconf 73' lang='lat' dir='ltr'><strong>lb&#39;regaendeslutna</strong></span> <span class='ocrx_word' id='word_1_237' title='bbox 1600 3393 1684 3472; x_wconf 84' lang='lat' dir='ltr'><strong>bref,</strong></span> <span class='ocrx_word' id='word_1_238' title='bbox 1706 3395 1847 3458; x_wconf 79' lang='lat' dir='ltr'><strong>stirmana</strong></span> <span class='ocrx_word' id='word_1_239' title='bbox 1859 3396 1920 3459; x_wconf 92' lang='lat' dir='ltr'><strong>ho-</strong></span> 
     </span>
    </p>
   </div>
   <div class='ocr_carea' id='block_1_7' title="bbox 256 3474 2052 3556">
    <p class='ocr_par' dir='ltr' id='par_1_7' title="bbox 256 3474 2052 3556">
     <span class='ocr_line' id='line_1_25' title="bbox 256 3474 2052 3556; baseline 0.004 -22"><span class='ocrx_word' id='word_1_240' title='bbox 256 3495 337 3542; x_wconf 73' lang='lat' dir='ltr'><strong>‚ncm</strong></span> <span class='ocrx_word' id='word_1_241' title='bbox 359 3474 407 3536; x_wconf 88' lang='lat' dir='ltr'><strong>till</strong></span> <span class='ocrx_word' id='word_1_242' title='bbox 429 3475 562 3556; x_wconf 84' lang='lat' dir='ltr'><strong>lyduad‚</strong></span> <span class='ocrx_word' id='word_1_243' title='bbox 585 3479 603 3536; x_wconf 70' lang='lat' dir='ltr'><strong>t</strong></span> <span class='ocrx_word' id='word_1_244' title='bbox 624 3478 757 3538; x_wconf 69' lang='lat' dir='ltr'><strong>Pdfvens</strong></span> <span class='ocrx_word' id='word_1_245' title='bbox 779 3485 895 3556; x_wconf 80' lang='lat' dir='ltr'><strong>vttgu&#39;ar</strong></span> <span class='ocrx_word' id='word_1_246' title='bbox 915 3477 978 3537; x_wconf 81' lang='lat' dir='ltr'><strong>lau</strong></span> <span class='ocrx_word' id='word_1_247' title='bbox 999 3474 1114 3536; x_wconf 90' lang='lat' dir='ltr'><strong>bonom</strong></span> <span class='ocrx_word' id='word_1_248' title='bbox 1136 3475 1346 3556; x_wconf 80' lang='lat' dir='ltr'><strong>nedlttggasitt</strong></span> <span class='ocrx_word' id='word_1_249' title='bbox 1367 3475 1503 3553; x_wconf 87' lang='lat' dir='ltr'><strong>embete,</strong></span> <span class='ocrx_word' id='word_1_250' title='bbox 1525 3475 1586 3536; x_wconf 91' lang='lat' dir='ltr'><strong>och</strong></span> <span class='ocrx_word' id='word_1_251' title='bbox 1607 3479 1618 3534; x_wconf 93' lang='lat' dir='ltr'><strong>i</strong></span> <span class='ocrx_word' id='word_1_252' title='bbox 1640 3476 1919 3541; x_wconf 78' lang='lat' dir='ltr'><strong>handelseasmot-</strong></span> <span class='ocrx_word' id='word_1_253' title='bbox 2047 3512 2052 3522; x_wconf 38' lang='grc' dir='ltr'><em>Ι</em></span> 
     </span>
    </p>
   </div>
   <div class='ocr_carea' id='block_1_8' title="bbox 265 3555 1878 3746">
    <p class='ocr_par' dir='ltr' id='par_1_8' title="bbox 265 3555 1878 3746">
     <span class='ocr_line' id='line_1_26' title="bbox 265 3555 1878 3644; baseline 0.004 -28"><span class='ocrx_word' id='word_1_254' title='bbox 265 3555 445 3638; x_wconf 80' lang='lat' dir='ltr'><strong>strttfvighet</strong></span> <span class='ocrx_word' id='word_1_255' title='bbox 464 3558 603 3621; x_wconf 73' lang='lat' dir='ltr'><strong>suurn-a</strong></span> <span class='ocrx_word' id='word_1_256' title='bbox 624 3558 740 3622; x_wconf 89' lang='lat' dir='ltr'><strong>honom</strong></span> <span class='ocrx_word' id='word_1_257' title='bbox 762 3559 894 3621; x_wconf 74' lang='lat' dir='ltr'><strong>Pdfrens</strong></span> <span class='ocrx_word' id='word_1_258' title='bbox 915 3566 1035 3639; x_wconf 79' lang='lat' dir='ltr'><strong>stt-tinga</strong></span> <span class='ocrx_word' id='word_1_259' title='bbox 1057 3556 1166 3636; x_wconf 73' lang='lat' dir='ltr'><strong>hamd,</strong></span> <span class='ocrx_word' id='word_1_260' title='bbox 1188 3559 1221 3619; x_wconf 75' lang='lat' dir='ltr'><strong>sd</strong></span> <span class='ocrx_word' id='word_1_261' title='bbox 1241 3557 1300 3619; x_wconf 80' lang='lat' dir='ltr'><strong>och</strong></span> <span class='ocrx_word' id='word_1_262' title='bbox 1321 3579 1373 3618; x_wconf 92' lang='lat' dir='ltr'><strong>om</strong></span> <span class='ocrx_word' id='word_1_263' title='bbox 1394 3558 1550 3642; x_wconf 82' lang='lat' dir='ltr'><strong>iiirloppet</strong></span> <span class='ocrx_word' id='word_1_264' title='bbox 1571 3559 1732 3623; x_wconf 77' lang='lat' dir='ltr'><strong>herattelse</strong></span> <span class='ocrx_word' id='word_1_265' title='bbox 1754 3563 1878 3644; x_wconf 79' lang='lat' dir='ltr'><strong>afgisva.</strong></span> 
     </span>
     <span class='ocr_line' id='line_1_27' title="bbox 1360 3671 1784 3746; baseline 0.012 -22"><span class='ocrx_word' id='word_1_266' title='bbox 1360 3671 1392 3724; x_wconf 68' lang='lat'><strong>1².</strong></span> <span class='ocrx_word' id='word_1_267' title='bbox 1413 3673 1636 3741; x_wconf 79' lang='lat' dir='ltr'><strong>1:290.An..3.</strong></span> <span class='ocrx_word' id='word_1_268' title='bbox 1655 3673 1706 3746; x_wconf 73' lang='lat' dir='ltr'><strong>Ep,</strong></span> <span class='ocrx_word' id='word_1_269' title='bbox 1727 3678 1784 3745; x_wconf 72' lang='lat'><strong>148.</strong></span> 
     </span>
    </p>
   </div>
   <div class='ocr_carea' id='block_1_9' title="bbox 298 3787 1945 4032">
    <p class='ocr_par' dir='ltr' id='par_1_9' title="bbox 298 3787 1945 4032">
     <span class='ocr_line' id='line_1_28' title="bbox 298 3787 1945 3914; baseline 0.002 -24"><span class='ocrx_word' id='word_1_270' title='bbox 298 3809 484 3890; x_wconf 82' lang='lat' dir='ltr'><strong>Urbanus</strong></span> <span class='ocrx_word' id='word_1_271' title='bbox 512 3787 598 3889; x_wconf 56' lang='lat' dir='ltr'><strong>dcc.¹</strong></span> <span class='ocrx_word' id='word_1_272' title='bbox 614 3813 779 3892; x_wconf 67' lang='lat' dir='ltr'><strong>Dilectus</strong></span> <span class='ocrx_word' id='word_1_273' title='bbox 807 3811 847 3890; x_wconf 90' lang='lat' dir='ltr'><em>F</em></span> <span class='ocrx_word' id='word_1_274' title='bbox 844 3811 922 3888; x_wconf 83' lang='lat' dir='ltr'><strong>iliis</strong></span> <span class='ocrx_word' id='word_1_275' title='bbox 952 3870 961 3890; x_wconf 91' lang='lat'><strong>.</strong></span> <span class='ocrx_word' id='word_1_276' title='bbox 991 3867 999 3886; x_wconf 90' lang='lat'><strong>.</strong></span> <span class='ocrx_word' id='word_1_277' title='bbox 1031 3868 1039 3884; x_wconf 93' lang='lat'><strong>.</strong></span> <span class='ocrx_word' id='word_1_278' title='bbox 1069 3810 1207 3890; x_wconf 86' lang='lat' dir='ltr'><strong>Priori</strong></span> <span class='ocrx_word' id='word_1_279' title='bbox 1233 3809 1281 3887; x_wconf 87' lang='lat' dir='ltr'><strong>de</strong></span> <span class='ocrx_word' id='word_1_280' title='bbox 1303 3809 1561 3891; x_wconf 80' lang='lat' dir='ltr'><strong>Hulmstodia</strong></span> <span class='ocrx_word' id='word_1_281' title='bbox 1575 3811 1791 3892; x_wconf 83' lang='lat' dir='ltr'><strong>Lundensis</strong></span> <span class='ocrx_word' id='word_1_282' title='bbox 1819 3815 1945 3914; x_wconf 64' lang='lat' dir='ltr'><em>Dio-s</em></span> 
     </span>
     <span class='ocr_line' id='line_1_29' title="bbox 330 3921 1913 4032; baseline 0.001 -32"><span class='ocrx_word' id='word_1_283' title='bbox 330 3923 438 4016; x_wconf 83' lang='lat' dir='ltr'><strong>cesis,</strong></span> <span class='ocrx_word' id='word_1_284' title='bbox 469 3940 532 3999; x_wconf 86' lang='lat' dir='ltr'><strong>ct.</strong></span> <span class='ocrx_word' id='word_1_285' title='bbox 553 3982 561 4000; x_wconf 90' lang='lat'><strong><em>.</em></strong></span> <span class='ocrx_word' id='word_1_286' title='bbox 579 3982 588 4000; x_wconf 89' lang='lat'><strong>.</strong></span> <span class='ocrx_word' id='word_1_287' title='bbox 607 3921 817 4032; x_wconf 84' lang='lat' dir='ltr'><strong>Suppriori</strong></span> <span class='ocrx_word' id='word_1_288' title='bbox 842 3921 1036 4000; x_wconf 81' lang='lat' dir='ltr'><strong>Fratrum</strong></span> <span class='ocrx_word' id='word_1_289' title='bbox 1049 3921 1356 4001; x_wconf 82' lang='lat' dir='ltr'><strong>Predieatorum</strong></span> <span class='ocrx_word' id='word_1_290' title='bbox 1364 3922 1634 4000; x_wconf 69' lang='lat' dir='ltr'><strong>&#39;lundensium</strong></span> <span class='ocrx_word' id='word_1_291' title='bbox 1649 3921 1828 4008; x_wconf 80' lang='lat' dir='ltr'><strong>Salutem</strong></span> <span class='ocrx_word' id='word_1_292' title='bbox 1844 3929 1913 4004; x_wconf 79' lang='lat' dir='ltr'><strong>&amp;a</strong></span> 
     </span>
    </p>
   </div>
   <div class='ocr_carea' id='block_1_10' title="bbox 66 4056 1998 4948">
    <p class='ocr_par' dir='ltr' id='par_1_10' title="bbox 66 4056 1998 4168">
     <span class='ocr_line' id='line_1_30' title="bbox 66 4056 1998 4168; baseline 0.002 -28"><span class='ocrx_word' id='word_1_293' title='bbox 66 4139 70 4149; x_wconf 85' lang='grc'>,</span> <span class='ocrx_word' id='word_1_294' title='bbox 298 4060 499 4164; x_wconf 87' lang='lat' dir='ltr'><strong>Quoniam</strong></span> <span class='ocrx_word' id='word_1_295' title='bbox 533 4059 584 4141; x_wconf 92' lang='lat' dir='ltr'><strong>ad</strong></span> <span class='ocrx_word' id='word_1_296' title='bbox 613 4062 691 4143; x_wconf 94' lang='lat' dir='ltr'><strong>hoc</strong></span> <span class='ocrx_word' id='word_1_297' title='bbox 718 4089 792 4140; x_wconf 89' lang='lat' dir='ltr'><strong>nos</strong></span> <span class='ocrx_word' id='word_1_298' title='bbox 821 4061 1087 4166; x_wconf 87' lang='lat' dir='ltr'><strong>Omnipotens</strong></span> <span class='ocrx_word' id='word_1_299' title='bbox 1117 4062 1312 4143; x_wconf 86' lang='lat' dir='ltr'><strong>Dominus</strong></span> <span class='ocrx_word' id='word_1_300' title='bbox 1341 4060 1608 4168; x_wconf 88' lang='lat' dir='ltr'><strong>speculatores</strong></span> <span class='ocrx_word' id='word_1_301' title='bbox 1637 4056 1748 4142; x_wconf 90' lang='lat' dir='ltr'><strong>dedit</strong></span> <span class='ocrx_word' id='word_1_302' title='bbox 1777 4062 1922 4168; x_wconf 81' lang='lat' dir='ltr'><strong>domui</strong></span> <span class='ocrx_word' id='word_1_303' title='bbox 1993 4063 1998 4072; x_wconf 59' lang='lat'>‘</span> 
     </span>
    </p>

    <p class='ocr_par' dir='ltr' id='par_1_11' title="bbox 120 4169 1982 4948">
     <span class='ocr_line' id='line_1_31' title="bbox 125 4169 1916 4280; baseline -0.001 -25"><span class='ocrx_word' id='word_1_304' title='bbox 125 4173 272 4269; x_wconf 85' lang='lat' dir='ltr'><strong>Israel,</strong></span> <span class='ocrx_word' id='word_1_305' title='bbox 301 4189 347 4252; x_wconf 92' lang='lat' dir='ltr'><strong>ut</strong></span> <span class='ocrx_word' id='word_1_306' title='bbox 374 4174 659 4252; x_wconf 86' lang='lat' dir='ltr'><strong>annuntiantes</strong></span> <span class='ocrx_word' id='word_1_307' title='bbox 686 4171 840 4280; x_wconf 88' lang='lat' dir='ltr'><strong>populo</strong></span> <span class='ocrx_word' id='word_1_308' title='bbox 869 4170 1018 4250; x_wconf 90' lang='lat' dir='ltr'><strong>scelera</strong></span> <span class='ocrx_word' id='word_1_309' title='bbox 1047 4169 1132 4277; x_wconf 87' lang='lat' dir='ltr'><strong>ejus</strong></span> <span class='ocrx_word' id='word_1_310' title='bbox 1162 4199 1375 4280; x_wconf 83' lang='lat' dir='ltr'><strong>arguamus</strong></span> <span class='ocrx_word' id='word_1_311' title='bbox 1405 4190 1444 4250; x_wconf 90' lang='lat' dir='ltr'><strong>et</strong></span> <span class='ocrx_word' id='word_1_312' title='bbox 1457 4172 1708 4279; x_wconf 87' lang='lat' dir='ltr'><strong>increpemus</strong></span> <span class='ocrx_word' id='word_1_313' title='bbox 1725 4175 1767 4252; x_wconf 91' lang='lat' dir='ltr'><strong>in</strong></span> <span class='ocrx_word' id='word_1_314' title='bbox 1782 4201 1831 4252; x_wconf 89' lang='lat' dir='ltr'><strong>eo</strong></span> <span class='ocrx_word' id='word_1_315' title='bbox 1845 4204 1916 4254; x_wconf 93' lang='lat' dir='ltr'><strong>vo·</strong></span> 
     </span>
     <span class='ocr_line' id='line_1_32' title="bbox 125 4278 1979 4393; baseline 0.002 -30"><span class='ocrx_word' id='word_1_316' title='bbox 125 4313 175 4366; x_wconf 86' lang='lat' dir='ltr'><strong>ce</strong></span> <span class='ocrx_word' id='word_1_317' title='bbox 204 4311 289 4364; x_wconf 90' lang='lat' dir='ltr'><strong>non</strong></span> <span class='ocrx_word' id='word_1_318' title='bbox 320 4280 494 4391; x_wconf 88' lang='lat' dir='ltr'><strong>trepida,</strong></span> <span class='ocrx_word' id='word_1_319' title='bbox 513 4311 603 4391; x_wconf 80' lang='lat' dir='ltr'><strong>‚que</strong></span> <span class='ocrx_word' id='word_1_320' title='bbox 632 4282 838 4390; x_wconf 88' lang='lat' dir='ltr'><strong>arguenda</strong></span> <span class='ocrx_word' id='word_1_321' title='bbox 867 4278 1103 4377; x_wconf 87' lang='lat' dir='ltr'><strong>viderimus,</strong></span> <span class='ocrx_word' id='word_1_322' title='bbox 1132 4298 1171 4361; x_wconf 92' lang='lat' dir='ltr'><strong>et</strong></span> <span class='ocrx_word' id='word_1_323' title='bbox 1200 4285 1319 4362; x_wconf 85' lang='lat' dir='ltr'><strong>etiarn</strong></span> <span class='ocrx_word' id='word_1_324' title='bbox 1348 4279 1611 4388; x_wconf 87' lang='lat' dir='ltr'><strong>increpanda,</strong></span> <span class='ocrx_word' id='word_1_325' title='bbox 1641 4283 1732 4364; x_wconf 90' lang='lat' dir='ltr'><strong>ideo</strong></span> <span class='ocrx_word' id='word_1_326' title='bbox 1748 4284 1917 4393; x_wconf 61' lang='lat' dir='ltr'><strong>quibua</strong></span> <span class='ocrx_word' id='word_1_327' title='bbox 1972 4349 1979 4366; x_wconf 82' lang='grc'><em>,</em></span> 
     </span>
     <span class='ocr_line' id='line_1_33' title="bbox 125 4391 1938 4504; baseline -0.001 -27"><span class='ocrx_word' id='word_1_328' title='bbox 125 4393 233 4477; x_wconf 77' lang='lat' dir='ltr'><strong>dam·</strong></span> <span class='ocrx_word' id='word_1_329' title='bbox 252 4393 443 4502; x_wconf 85' lang='lat' dir='ltr'><strong>gravibus</strong></span> <span class='ocrx_word' id='word_1_330' title='bbox 471 4391 520 4473; x_wconf 89' lang='lat' dir='ltr'><strong>de</strong></span> <span class='ocrx_word' id='word_1_331' title='bbox 549 4393 780 4474; x_wconf 89' lang='lat' dir='ltr'><strong>Venerabili</strong></span> <span class='ocrx_word' id='word_1_332' title='bbox 808 4393 948 4472; x_wconf 87' lang='lat' dir='ltr'><strong>Fratre</strong></span> <span class='ocrx_word' id='word_1_333' title='bbox 979 4412 1118 4474; x_wconf 88' lang='lat' dir='ltr'><strong>nostro</strong></span> <span class='ocrx_word' id='word_1_334' title='bbox 1158 4393 1310 4502; x_wconf 85' lang='lat' dir='ltr'><strong>Jacobo</strong></span> <span class='ocrx_word' id='word_1_335' title='bbox 1356 4392 1561 4474; x_wconf 90' lang='lat' dir='ltr'><strong>Lundensi</strong></span> <span class='ocrx_word' id='word_1_336' title='bbox 1596 4395 1938 4504; x_wconf 44' lang='lat' dir='ltr'><strong>Archiepiseopo,</strong></span> 
     </span>
     <span class='ocr_line' id='line_1_34' title="bbox 123 4503 1916 4615; baseline -0.001 -28"><span class='ocrx_word' id='word_1_337' title='bbox 123 4505 181 4587; x_wconf 89' lang='lat' dir='ltr'><strong>ad</strong></span> <span class='ocrx_word' id='word_1_338' title='bbox 211 4520 394 4585; x_wconf 88' lang='lat' dir='ltr'><strong>nostrum</strong></span> <span class='ocrx_word' id='word_1_339' title='bbox 423 4503 594 4615; x_wconf 27' lang='lat' dir='ltr'><strong>perlatis,</strong></span> <span class='ocrx_word' id='word_1_340' title='bbox 615 4503 795 4585; x_wconf 92' lang='lat' dir='ltr'><strong>auditum</strong></span> <span class='ocrx_word' id='word_1_341' title='bbox 824 4532 897 4583; x_wconf 91' lang='lat' dir='ltr'><strong>nos</strong></span> <span class='ocrx_word' id='word_1_342' title='bbox 925 4504 993 4582; x_wconf 88' lang='lat' dir='ltr'><strong>illa</strong></span> <span class='ocrx_word' id='word_1_343' title='bbox 1022 4521 1214 4611; x_wconf 87' lang='lat' dir='ltr'><strong>ponentes</strong></span> <span class='ocrx_word' id='word_1_344' title='bbox 1243 4519 1337 4592; x_wconf 86' lang='lat' dir='ltr'><strong>ante</strong></span> <span class='ocrx_word' id='word_1_345' title='bbox 1365 4532 1457 4583; x_wconf 90' lang='lat' dir='ltr'><strong>suos</strong></span> <span class='ocrx_word' id='word_1_346' title='bbox 1487 4504 1624 4595; x_wconf 85' lang='lat' dir='ltr'><strong>oculos</strong></span> <span class='ocrx_word' id='word_1_347' title='bbox 1660 4532 1732 4612; x_wconf 88' lang='lat' dir='ltr'><strong>per</strong></span> <span class='ocrx_word' id='word_1_348' title='bbox 1760 4524 1916 4587; x_wconf 89' lang='lat' dir='ltr'><strong>nostras</strong></span> 
     </span>
     <span class='ocr_line' id='line_1_35' title="bbox 124 4613 1916 4722; baseline 0.001 -25"><span class='ocrx_word' id='word_1_349' title='bbox 124 4617 286 4697; x_wconf 87' lang='lat' dir='ltr'><strong>clausas</strong></span> <span class='ocrx_word' id='word_1_350' title='bbox 313 4615 465 4713; x_wconf 87' lang='lat' dir='ltr'><strong>litteras</strong></span> <span class='ocrx_word' id='word_1_351' title='bbox 494 4617 668 4695; x_wconf 89' lang='lat' dir='ltr'><strong>seriatim</strong></span> <span class='ocrx_word' id='word_1_352' title='bbox 697 4613 878 4696; x_wconf 83' lang='lat' dir='ltr'><strong>eumdem</strong></span> <span class='ocrx_word' id='word_1_353' title='bbox 910 4613 1270 4722; x_wconf 85' lang='lat' dir='ltr'><strong>Archiepiscopum</strong></span> <span class='ocrx_word' id='word_1_354' title='bbox 1300 4615 1543 4695; x_wconf 90' lang='lat' dir='ltr'><strong>monendum</strong></span> <span class='ocrx_word' id='word_1_355' title='bbox 1572 4615 1758 4696; x_wconf 88' lang='lat' dir='ltr'><strong>duximus</strong></span> <span class='ocrx_word' id='word_1_356' title='bbox 1788 4635 1916 4697; x_wconf 86' lang='lat' dir='ltr'><strong>atten-</strong></span> 
     </span>
     <span class='ocr_line' id='line_1_36' title="bbox 121 4721 1915 4833; baseline 0 -25"><span class='ocrx_word' id='word_1_357' title='bbox 121 4731 210 4808; x_wconf 92' lang='lat' dir='ltr'><strong>tius</strong></span> <span class='ocrx_word' id='word_1_358' title='bbox 239 4742 280 4805; x_wconf 93' lang='lat' dir='ltr'><strong>et</strong></span> <span class='ocrx_word' id='word_1_359' title='bbox 307 4723 568 4814; x_wconf 85' lang='lat' dir='ltr'><strong>hortandum¹</strong></span> <span class='ocrx_word' id='word_1_360' title='bbox 595 4754 668 4833; x_wconf 91' lang='lat' dir='ltr'><strong>per</strong></span> <span class='ocrx_word' id='word_1_361' title='bbox 710 4724 867 4806; x_wconf 90' lang='lat' dir='ltr'><strong>easdem</strong></span> <span class='ocrx_word' id='word_1_362' title='bbox 903 4729 940 4806; x_wconf 90' lang='lat' dir='ltr'><strong>ei</strong></span> <span class='ocrx_word' id='word_1_363' title='bbox 974 4721 1115 4818; x_wconf 85' lang='lat' dir='ltr'><strong>dantes</strong></span> <span class='ocrx_word' id='word_1_364' title='bbox 1143 4724 1296 4804; x_wconf 88' lang='lat' dir='ltr'><strong>litteras</strong></span> <span class='ocrx_word' id='word_1_365' title='bbox 1325 4726 1367 4804; x_wconf 91' lang='lat' dir='ltr'><strong>in</strong></span> <span class='ocrx_word' id='word_1_366' title='bbox 1396 4724 1612 4821; x_wconf 89' lang='lat' dir='ltr'><strong>mandatis,</strong></span> <span class='ocrx_word' id='word_1_367' title='bbox 1642 4745 1682 4808; x_wconf 92' lang='lat' dir='ltr'><strong>et</strong></span> <span class='ocrx_word' id='word_1_368' title='bbox 1711 4729 1915 4809; x_wconf 88' lang='lat' dir='ltr'><strong>caritative</strong></span> 
     </span>
     <span class='ocr_line' id='line_1_37' title="bbox 120 4833 1982 4948; baseline -0.001 -28"><span class='ocrx_word' id='word_1_369' title='bbox 120 4840 252 4920; x_wconf 89' lang='lat' dir='ltr'><strong>etiam</strong></span> <span class='ocrx_word' id='word_1_370' title='bbox 280 4837 551 4932; x_wconf 87' lang='lat' dir='ltr'><strong>consulentes,</strong></span> <span class='ocrx_word' id='word_1_371' title='bbox 580 4853 627 4915; x_wconf 93' lang='lat' dir='ltr'><strong>ut</strong></span> <span class='ocrx_word' id='word_1_372' title='bbox 656 4833 762 4916; x_wconf 83' lang='lat' dir='ltr'><strong>infra</strong></span> <span class='ocrx_word' id='word_1_373' title='bbox 791 4855 885 4918; x_wconf 89' lang='lat' dir='ltr'><strong>octo</strong></span> <span class='ocrx_word' id='word_1_374' title='bbox 914 4835 999 4915; x_wconf 91' lang='lat' dir='ltr'><strong>dies</strong></span> <span class='ocrx_word' id='word_1_375' title='bbox 1041 4851 1133 4944; x_wconf 90' lang='lat' dir='ltr'><strong>post</strong></span> <span class='ocrx_word' id='word_1_376' title='bbox 1173 4833 1395 4916; x_wconf 89' lang='lat' dir='ltr'><strong>litterarum</strong></span> <span class='ocrx_word' id='word_1_377' title='bbox 1427 4837 1602 4945; x_wconf 91' lang='lat' dir='ltr'><strong>ipsarum</strong></span> <span class='ocrx_word' id='word_1_378' title='bbox 1645 4841 1924 4948; x_wconf 88' lang='lat' dir='ltr'><strong>receptionem</strong></span> <span class='ocrx_word' id='word_1_379' title='bbox 1978 4933 1982 4939; x_wconf 85' lang='lat'>.</span> 
     </span>
    </p>
   </div>
   <div class='ocr_carea' id='block_1_11' title="bbox 4 4945 1915 5058">
    <p class='ocr_par' dir='ltr' id='par_1_12' title="bbox 4 4945 1915 5058">
     <span class='ocr_line' id='line_1_38' title="bbox 4 4945 1915 5058; baseline 0 -28"><span class='ocrx_word' id='word_1_380' title='bbox 4 4949 6 4952; x_wconf 67' lang='grc'><strong>’</strong></span> <span class='ocrx_word' id='word_1_381' title='bbox 119 4949 317 5058; x_wconf 85' lang='lat' dir='ltr'><strong>regimini</strong></span> <span class='ocrx_word' id='word_1_382' title='bbox 345 4945 569 5027; x_wconf 90' lang='lat' dir='ltr'><strong>Lundensis</strong></span> <span class='ocrx_word' id='word_1_383' title='bbox 598 4946 773 5027; x_wconf 83' lang='lat' dir='ltr'><strong>Ecclesia</strong></span> <span class='ocrx_word' id='word_1_384' title='bbox 802 4949 844 5026; x_wconf 94' lang='lat' dir='ltr'><strong>in</strong></span> <span class='ocrx_word' id='word_1_385' title='bbox 871 4949 1014 5034; x_wconf 88' lang='lat' dir='ltr'><strong>vestris</strong></span> <span class='ocrx_word' id='word_1_386' title='bbox 1042 4946 1226 5026; x_wconf 87' lang='lat' dir='ltr'><strong>manibus</strong></span> <span class='ocrx_word' id='word_1_387' title='bbox 1255 4963 1399 5052; x_wconf 92' lang='lat' dir='ltr'><strong>sponte</strong></span> <span class='ocrx_word' id='word_1_388' title='bbox 1427 4946 1553 5028; x_wconf 90' lang='lat' dir='ltr'><strong>cedat.</strong></span> <span class='ocrx_word' id='word_1_389' title='bbox 1604 4950 1805 5051; x_wconf 88' lang='lat' dir='ltr'><strong>Quocirca</strong></span> <span class='ocrx_word' id='word_1_390' title='bbox 1834 4950 1915 5031; x_wconf 85' lang='lat' dir='ltr'><strong>dis·</strong></span> 
     </span>
    </p>
   </div>
   <div class='ocr_carea' id='block_1_12' title="bbox 120 5054 1915 5172">
    <p class='ocr_par' dir='ltr' id='par_1_13' title="bbox 120 5054 1915 5172">
     <span class='ocr_line' id='line_1_39' title="bbox 120 5054 1915 5172; baseline -0.001 -29"><span class='ocrx_word' id='word_1_391' title='bbox 120 5059 300 5143; x_wconf 85' lang='lat' dir='ltr'><strong>crationi</strong></span> <span class='ocrx_word' id='word_1_392' title='bbox 328 5075 460 5140; x_wconf 88' lang='lat' dir='ltr'><strong>vestre</strong></span> <span class='ocrx_word' id='word_1_393' title='bbox 489 5087 563 5167; x_wconf 94' lang='lat' dir='ltr'><strong>per</strong></span> <span class='ocrx_word' id='word_1_394' title='bbox 591 5054 810 5169; x_wconf 88' lang='lat' dir='ltr'><strong>apostolica</strong></span> <span class='ocrx_word' id='word_1_395' title='bbox 838 5056 989 5164; x_wconf 84' lang='lat' dir='ltr'><strong>scripta</strong></span> <span class='ocrx_word' id='word_1_396' title='bbox 1018 5057 1063 5138; x_wconf 89' lang='lat' dir='ltr'><strong>in</strong></span> <span class='ocrx_word' id='word_1_397' title='bbox 1091 5059 1239 5137; x_wconf 91' lang='lat' dir='ltr'><strong>virtute</strong></span> <span class='ocrx_word' id='word_1_398' title='bbox 1268 5056 1480 5140; x_wconf 88' lang='lat' dir='ltr'><strong>obediente</strong></span> <span class='ocrx_word' id='word_1_399' title='bbox 1517 5057 1700 5142; x_wconf 83' lang='lat' dir='ltr'><strong>districte</strong></span> <span class='ocrx_word' id='word_1_400' title='bbox 1741 5063 1915 5172; x_wconf 90' lang='lat' dir='ltr'><strong>precipi-</strong></span> 
     </span>
    </p>
   </div>
   <div class='ocr_carea' id='block_1_13' title="bbox 0 0 2206 5959">
    <p class='ocr_par' dir='ltr' id='par_1_14' title="bbox 0 0 2206 5959">
     <span class='ocr_line' id='line_1_40' title="bbox 0 0 2206 5959; baseline 0 0"><span class='ocrx_word' id='word_1_401' title='bbox 0 0 2206 5959; x_wconf 95' lang='lat' dir='ltr'><strong> </strong></span> 
     </span>
    </p>
   </div>
  </div>
 </body>
</html>
