4368 5950
951 518 1008 540 -.
1120 489 1235 583 '¹9²⁸
1306 523 1364 542 ..-

284 747 409 851 ¹7⁰·
474 787 476 792 ·
532 695 537 702 ’
789 721 793 774 ³
872 703 1152 850 ¹³12173d.
1207 747 1270 852 „¹¹
1325 703 1472 812 Febr.
1743 708 2058 814 ''Lateran

321 876 324 887 Ι
350 925 442 988 Pttv.
472 921 631 986 Honorius
663 925 731 986 111s
751 922 890 986 titlsttnd
910 926 961 987 ter
980 920 1161 988 ine-Bist.
1182 925 1324 988 Annam
1345 929 1356 987 i
1378 926 1478 1004 tund,
1499 936 1557 1007 att,
1577 928 1588 989 i
1611 925 1776 1010 enledning
1796 929 1835 989 af
1850 929 1959 1014 ypped
1983 929 2061 990 brist

402 1005 701 1172 fligiltflrkatreenzssupnua
722 1009 880 1089 prestviga
900 1009 991 1070 esven
1012 1007 1145 1088 aidane,
1162 1029 1227 1070 som
1249 1030 1324 1070 voro
1347 1007 1442 1071 redde
1462 1007 1501 1071 ai
1519 1011 1673 1092 ettenligt
1684 1009 1854 1072 canonista
1867 1010 2055 1094 lagenolag-

526 1237 529 1244 .
836 1201 840 1210 '
1492 1205 1523 1260 F.
1543 1223 1569 1260 r:
1589 1205 1629 1260 33.
1645 1206 1648 1214 “
1663 1207 1717 1260 An.
1742 1221 1764 1258 ι.
1782 1204 1835 1276 Ep.
1853 1209 1911 1277 ²9⁵·

343 1421 346 1428 .
437 1339 642 1424 Honorius
676 1341 895 1452 Episcopus
936 1339 1089 1423 Servus
1131 1342 1350 1424 Servorum
1379 1344 1466 1424 Dei.
1496 1344 1724 1424 Venerabtt
1748 1345 1915 1422 Fratri.
1931 1401 1942 1422 .
1956 1403 1967 1426 .
1983 1350 2063 1426 Ar·
2083 1407 2103 1428 .

473 1455 711 1564 obrepiscopo
739 1455 946 1534 Lundeusi.
1004 1453 1182 1534 Salutem
1210 1458 1281 1532 &c

442 1595 684 1703 Plerumque
711 1594 882 1676 oleaster
903 1597 1077 1675 insertus
1106 1595 1212 1674 olive
1240 1593 1376 1678 nativa
1406 1591 1583 1674 ruditate
1612 1593 1794 1704 deposita
1807 1593 2066 1678 dulcedinem

275 1709 354 1794 sibi
387 1723 544 1788 mutuat
582 1707 768 1802 alienam,
803 1724 844 1787 et
878 1704 937 1786 hii
963 1706 1037 1814 qui
1065 1723 1161 1796 sunt
1188 1704 1238 1786 de
1260 1720 1461 1811 corrupta
1486 1733 1610 1784 massa
1639 1703 1801 1786 formati
1828 1703 1903 1813 per
1932 1711 2068 1816 optio·

268 1825 356 1904 .nis·
375 1818 544 1926 gratiam
578 1815 703 1923 gratie
739 1816 912 1925 coaptati
947 1832 1040 1895 sunt
1068 1842 1160 1894 vasa
1188 1813 1354 1896 honoris
1383 1817 1425 1894 in
1443 1817 1719 1897 'ministerium
1748 1817 1909 1897 Domini
1938 1820 2068 1926 depu-

277 1949 378 2025 tata,
421 1955 725 2035 nonnumquam
768 1928 886 2007 etiam
929 1923 1039 2036 quod
1085 1924 1250 2006 abstulit
1291 1923 1471 2004 delectus
1513 1927 1680 2033 originis
1723 1945 1892 2035 propter
1921 1927 2068 2010 delicta

277 2059 489 2154 parentum
531 2037 607 2118 boc
651 2037 906 2144 prerogativa
949 2035 1125 2115 restituit
1169 2036 1404 2116 meritorum
1432 2063 1505 2143 per
1533 2036 1797 2119 ecclesiastice
1826 2041 2070 2145 provisionis

277 2147 592 2234 misericordiam
621 2147 929 2256 dispensantem,
959 2163 1005 2224 ut
1034 2171 1118 2224 non
1148 2147 1200 2224 sit
1229 2145 1338 2253 apud
1367 2146 1480 2224 illum
1510 2147 1734 2242 distinctis,
1749 2148 1821 2256 qui
1836 2167 1882 2228 ut
1896 2166 2071 2259 utraque

155 2262 158 2268 ’
281 2264 434 2346 faceret
462 2286 590 2338 tinum
619 2276 835 2365 utrumque
864 2257 1059 2364 parietem
1090 2259 1132 2337 in
1162 2285 1202 2336 se
1233 2272 1473 2337 connectere
1489 2257 1617 2338 voluit
1632 2255 1806 2365 lapidem
1821 2260 2073 2368 angularem,

279 2377 395 2458 Licet
422 2388 569 2457 ,autem
603 2367 885 2477 undecumque
919 2383 1133 2448 nascantur
1166 2367 1349 2447 homines
1377 2383 1574 2476 quantum
1602 2367 1655 2448 ad
1684 2369 1813 2448 Deum
1841 2371 1940 2449 salvi
1971 2374 2072 2464 sint,

279 2487 314 2567 si
351 2496 565 2592 parentum
599 2481 698 2560 vitia
727 2505 811 2581 non
840 2495 1045 2558 sectentur
1074 2477 1246 2584 provida
1275 2494 1410 2557 tamen
1439 2477 1515 2557 fuit
1543 2481 1901 2586 circumspectione
1935 2482 2076 2589 provi·

282 2623 388 2689 sum,
416 2609 463 2673 ut
490 2592 549 2670 hii
577 2593 647 2699 qui
675 2608 770 2670 sunt
797 2618 847 2670 ex
876 2591 961 2698 ipsa
989 2589 1199 2670 nativitate
1231 2591 1363 2668 notati
1391 2591 1565 2668 a'sacris
1594 2588 1806 2670 ordinibus
1840 2609 2076 2686 arceantur,

284 2724 330 2786 ut
359 2706 414 2784 sic
443 2702 539 2809 ipsis
567 2701 852 2782 nichilominus
881 2700 1070 2806 depereat
1098 2727 1181 2808 quo
1210 2696 1262 2778 ad
1293 2702 1490 2805 premium
1517 2700 1657 2779 salutis
1685 2716 1833 2797 eterne,
1862 2718 1904 2779 et
1919 2702 1971 2780 sit
1985 2701 2079 2783 aliis

285 2815 338 2898 ad
374 2832 571 2894 terrorem
606 2839 679 2918 per
713 2812 1009 2892 coniunctionis
1045 2810 1182 2891 illicite
1218 2809 1347 2917 pollui
1377 2810 1636 2919 voluptatem.
1696 2811 1847 2890 Verum
1876 2813 1973 2920 quia
2002 2812 2079 2891 ubi

285 2925 457 3038 penuria
491 2937 552 3002 est
581 2949 737 3018 eorum,
766 2921 838 3031 qui
866 2923 1144 3029 magistratum
1172 2919 1323 3002 debent
1351 2922 1553 3029 suscipere
1581 2923 1809 3002 immunitas
1838 2920 1892 3001 ad
1920 2922 2081 3031 aliquid

287 3037 490 3145 frangitur
518 3032 631 3139 juxta
662 3031 858 3140 legitimas
885 3034 1110 3114 sanctiones
1138 3059 1221 3112 non
1250 3060 1273 3112 a
1302 3030 1420 3112 simili
1449 3035 1605 3113 ratione
1633 3034 1677 3113 in
1704 3032 1781 3113 hiis
1809 3031 1909 3112 loeis
1923 3034 1965 3112 in
1982 3035 2082 3142 qui-

1 3200 3 3210 ·
64 3194 70 3218 ι
189 3187 191 3192 ·
286 3150 363 3230 bus
392 3162 450 3225 est
478 3145 646 3252 penuria
675 3144 923 3224 Clerieorum
951 3143 1184 3223 necessitate
1211 3170 1257 3221 ac
1287 3142 1458 3224 utilitate
1486 3145 1661 3254 pensatis
1689 3144 1800 3250 rigor
1816 3158 1876 3222 est
1892 3143 2083 3225 ecclesia·

288 3260 411 3338 sticus
440 3255 740 3363 temperandus,
769 3254 980 3361 presertim
1009 3282 1101 3333 cum
1128 3279 1201 3360 per
1231 3265 1589 3361 temperamentum
1616 3252 1852 3361 hujusmodi
1867 3274 1951 3334 non
1966 3283 2085 3333 rum·

288 3385 408 3478 patur
443 3393 590 3446 nervus
637 3367 870 3458 canonicus,
903 3362 973 3443 sed
993 3363 1191 3443 flectatur.
1248 3365 1476 3471 Eapropter
1505 3365 1649 3446 dilecte
1679 3366 1721 3444 in
1749 3365 1922 3445 Domino
1951 3365 2087 3445 irater

289 3478 502 3588 pastoralis
531 3475 655 3557 officii
683 3473 930 3583 vigilantiam
959 3502 1042 3582 quo
1071 3502 1192 3582 super
1222 3474 1383 3554 Domini
1411 3503 1572 3585 gregem
1601 3475 1767 3583 vigilare
1781 3473 1927 3555 diceris
1950 3493 2089 3556 atten-

291 3590 432 3673 dentes
474 3589 715 3694 auctoritatc
755 3585 831 3665 tibi
867 3587 1114 3692 presentium
1143 3580 1415 3691 indulgemus,
1450 3605 1495 3667 ut
1523 3590 1557 3666 si
1585 3584 1751 3695 quando
1781 3601 1949 3694 propter
1978 3587 2091 3667 rari-

80 3695 86 3704 ’
213 3763 218 3774 ,
291 3719 414 3782 tatem
449 3698 686 3778 clericorum
721 3699 764 3776 in
792 3713 860 3776 tua
892 3699 1104 3803 ,provincia
1132 3695 1280 3777 videris
1309 3696 1515 3804 expedire,
1545 3697 1656 3807 quod
1685 3697 1744 3775 hii
1772 3699 1844 3804 qui
1872 3723 1955 3775 non
1983 3717 2092 3779 sunt

287 3813 375 3894 nati
408 3808 459 3892 de
500 3809 678 3916 legitimo
713 3808 984 3903 matrimonio,
1020 3807 1240 3887 dummodo
1275 3834 1358 3886 non
1389 3809 1468 3886 sint
1498 3808 1624 3914 geniti
1651 3806 1702 3902 de
1730 3803 1908 3886 nefando
1937 3825 2094 3890 contu·

292 3923 449 4019 bernis,
470 3948 541 4001 seu
554 3921 674 3999 etiarn
691 3915 938 4012 detestamlo,
968 3932 1014 3994 et
1024 3943 1178 3996 morum
1195 3915 1385 3995 honestas
1414 3945 1460 3997 ae
1490 3917 1715 3998 litteratura
1745 3919 1787 3996 in
1819 3917 1896 3997 hiis
1924 3917 2095 4024 adjece-

296 4038 367 4131 rit,
403 4029 516 4142 quod
552 4029 849 4139 legitimationis
885 4024 1069 4110 defectus
1100 4027 1143 4105 in
1176 4026 1390 4105 nativitate
1420 4027 1595 4109 detraxit
1623 4026 1675 4108 ad
1704 4027 1867 4108 Sacram
1896 4026 2094 4111 militiam

294 4159 563 4240 assumantur,
598 4143 632 4222 si
666 4140 820 4220 utilitas
854 4137 932 4216 hoc
968 4153 1179 4243 exposcat,
1207 4153 1248 4216 et
1275 4135 1510 4216 scandalum
1538 4164 1622 4217 non
1650 4137 1819 4218 obsistat
1846 4135 2098 4246 dispensan-

294 4255 338 4338 di
381 4284 473 4338 cum
515 4248 757 4362 quibusdam
799 4246 969 4326 liberam
1004 4246 1152 4328 habeas
1181 4245 1428 4343 facultatem,
1471 4271 1516 4326 ea
1544 4263 1678 4327 tamen
1706 4247 1983 4329 moderatione
2014 4250 2099 4332 ad-

295 4365 442 4462 hibita,
484 4380 531 4445 ut
568 4389 688 4442 causa
731 4372 908 4440 cessante
950 4373 1076 4438 cesset
1103 4357 1146 4438 id
1174 4356 1286 4465 quod
1316 4356 1521 4438 indultum
1549 4357 1636 4439 fore
1664 4356 1887 4441 dinoscitur
1913 4377 2128 4468 propter,

295 4501 474 4571 eausam,
503 4502 596 4556 cum
623 4473 695 4552 ubi
723 4468 832 4548 nulla
861 4493 997 4546 rerum
1024 4467 1088 4547 vel
1118 4485 1345 4574 temporum
1372 4484 1490 4576 urget
1519 4470 1702 4577 angustia
1729 4469 1900 4553 illibatas
1915 4470 2102 4556 velimus

297 4609 427 4664 sacras
461 4584 621 4693 regulas
655 4578 858 4696 ctutodiri
927 4579 1075 4664 Datum
1118 4579 1309 4668 Laterani
1337 4579 1405 4666 ΙΙΙ.
1435 4577 1530 4664 Idus
1558 4579 1592 4662 F
1592 4580 1793 4691 ebruarij,
1823 4582 2103 4674 Pontificatue

299 4695 426 4774 nostri
454 4697 574 4778 Anno
603 4693 748 4780 Primo.

1812 4826 1880 4910 tot
