4384 5946
801 825 805 833 ·
928 799 983 904 ι.
1014 755 1075 902 s.
1179 735 1187 748 ’

12 1029 14 1040 ·
124 976 221 1107 Quae
244 961 405 1078 Patriam
430 1011 595 1102 spectant
621 997 860 1100 Antiquitatis
885 993 1015 1070 litterae
1040 1007 1078 1068 et
1103 983 1357 1081 monumenta,
1382 1019 1423 1070 ea
1462 993 1639 1094 singulari
1668 996 1790 1074 studio
1820 1023 1908 1074 con·

17 1141 36 1160 ··
123 1118 289 1223 quirenda
314 1133 352 1195 et
375 1115 623 1194 conservanda
650 1139 736 1200 esse,
761 1111 1065 1214 prudentissimus
1088 1114 1241 1214 quisque
1266 1111 1339 1186 diu
1363 1126 1485 1187 ratum
1510 1113 1649 1189 habuit.
1674 1117 1911 1202 Monumenta
1955 1147 1972 1182 z
2094 1117 2100 1132 '

66 1243 71 1250 ’
124 1263 200 1316 vero
236 1237 350 1335 Regni
388 1238 522 1311 Sueciae
560 1224 804 1334 Diplomatice
830 1257 905 1306 non
930 1229 1048 1306 solum
1074 1229 1191 1304 fontes
1228 1228 1412 1331 praebent,
1451 1255 1497 1304 ex
1534 1229 1669 1330 quibus
1706 1231 1910 1310 Historicus

123 1357 286 1457 preteriti
311 1355 485 1454 temporis
512 1351 640 1426 faciem
673 1349 819 1423 hauriat
850 1360 886 1421 et
924 1347 1103 1435 indolem,
1136 1345 1200 1420 sed
1224 1350 1449 1422 constituunt
1486 1362 1630 1452 qaoque
1672 1348 1927 1438 fundamenta,

12 1555 13 1564 g
122 1473 297 1574 praesentis
321 1485 435 1546 status
459 1468 681 1570 reipublicae,
704 1491 785 1568 quae
811 1466 959 1540 victoris
985 1467 1096 1568 armis
1120 1464 1215 1563 leges
1228 1463 1299 1540 sibi
1313 1463 1462 1538 obtrudi
1486 1489 1562 1539 non
1588 1467 1912 1568 passa‚adhucve-

123 1603 189 1664 tera
212 1602 331 1664 servat
356 1589 534 1673 instituta,
559 1585 771 1670 nominibus¹
795 1582 880 1656 licet
907 1583 1089 1658 innovatis
1110 1596 1147 1656 et
1171 1581 1218 1656 ad
1244 1582 1399 1658 diversae
1431 1588 1602 1688 cujusque
1627 1587 1744 1660 aetatis
1770 1589 1915 1690 sapien·

122 1709 204 1779 tiam
227 1716 263 1781 et
288 1730 395 1782 usum
421 1701 700 1780 accommodata.
751 1701 831 1794 Qui
852 1701 972 1802 itaque
1004 1699 1158 1776 formam
1182 1701 1329 1802 imperii
1345 1701 1583 1790 nostratium,
1607 1701 1702 1814 leges
1727 1717 1914 1808 totamque

58 1821 63 1830 ’
121 1848 233 1920 rerum
258 1837 338 1903 tam
351 1822 582 1924 publicarum
607 1831 717 1923 quant
741 1819 969 1932 privatarum
1000 1819 1178 1894 rationem
1203 1831 1367 1892 accurate
1410 1843 1620 1919 cognoscere
1657 1835 1694 1895 et
1730 1848 1913 1925 exponere
1954 1822 1957 1828 ’

121 1943 248 2042 cupiat,
278 1942 341 2017 hic
365 1941 413 2015 ad
439 1953 674 2014 monumenta
699 1937 963 2037 praeteritorum
990 1949 1196 2036 temporum
1222 1950 1442 2023 revertatur,
1468 1939 1519 2010 ita
1544 1936 1793 2039 indagaturus,
1831 1965 1941 2045 quetr
2040 1961 2042 1964 ’

96 2139 101 2152 ,
121 2057 237 2136 sormae
263 2061 450 2163 praesentis
475 2042 612 2132 suerint
637 2079 781 2141 caussae,
805 2061 843 2126 et
866 2078 1025 2155 quonam
1052 2047 1160 2127 r'uodo
1185 2053 1358 2128 transitus
1383 2052 1634 2184 abantiquis
1646 2055 1695 2132 ad
1732 2055 1913 2136 hodierna
1946 2137 1950 2144 ,

122 2177 243 2252 sensim
272 2189 546 2278 praeparffaretur
1376 2175 1383 2210 ²

12 2459 14 2474 ‚
263 2377 523 2458 Deficientibus
548 2406 633 2458 vero
659 2381 748 2456 actis
773 2377 942 2484 publicis,
967 2399 1049 2484 (χιιι
1070 2378 1153 2485 ipsa
1177 2377 1388 2482 reipublicae
1413 2377 1648 2485 disciplinam
1672 2384 1913 2490 institutaque

12 2533 14 2600 g
119 2497 181 2574 suh
194 2525 271 2577 evo
296 2500 443 2576 ethnico
466 2501 661 2601 explicant,
686 2523 761 2575 non
786 2502 858 2574 nisi
883 2524 905 2576 a
926 2498 1027 2574 fastis
1039 2498 1154 2575 medii
1178 2503 1248 2577 aevi
1274 2500 1501 2576 collectiones
1526 2502 1828 2582 documentorum
1854 2505 1914 2582 iu·

12 2617 13 2622 ’
119 2617 186 2717 cipi
210 2633 375 2719 possunt.
426 2618 519 2694 Aliae
541 2644 684 2720 quoque
709 2643 841 2694 caussae
866 2619 952 2692 huic
986 2621 1141 2719 tempori
1156 2701 1159 2707 ,
1172 2619 1250 2694 ιίιιι
1281 2633 1318 2693 et
1342 2619 1499 2722 pondus,
1524 2622 1563 2696 in
1601 2620 1752 2696 historia
1788 2634 1914 2696 nostra
1992 2720 1995 2726 Ι
2055 2701 2059 2712 ,

123 2731 271 2812 addunt.
324 2737 421 2810 Tum
446 2737 553 2812 eninr
571 2763 703 2837 magna
729 2737 838 2810 totius
864 2735 1074 2837 reipublicae
1099 2736 1191 2813 facta
1217 2753 1270 2812 est
1295 2738 1493 2822 conversio,
1518 2736 1725 2838 rereligione
1738 2737 1916 2826 Christia-

120 2877 174 2937 na,
197 2855 305 2954 eique
331 2853 484 2928 adnexis
509 2855 698 2941 institutis,
724 2853 894 2956 profecta.
945 2855 1094 2928 Veteres
1121 2843 1503 2956 Septentrionis'legcs
1516 2879 1716 2960 moresque,
1740 2855 1918 2960 licetpri·

12 3041 14 3086 ᾧ
118 2972 326 3046 missorum
351 2963 602 3048 fundamentis
626 2971 726 3048 houd
751 2971 914 3056 sublatis,
941 2970 1105 3048 formulae
1124 2972 1377 3074 'doctrinaeque‘
1403 2972 1573 3052 Ecclesiae
1596 2971 1793 3052 Catholicae
1806 2985 1918 3086 'aptas

12 3189 14 3204 ‚
85 3141 88 3149 >
120 3086 261 3179 bantur,
288 3089 484 3192 multaeque
509 3093 720 3166 novationcs
746 3089 855 3168 etad
880 3089 1072 3190 publicum
1097 3104 1140 3166 et·
1159 3093 1347 3194 privatum
1373 3109 1496 3166 rerum
1521 3089 1690 3167 ordinem
1714 3093 1917 3203 exindere
2052 3195 2055 3204 ,

118 3203 342 3284 dundabant.
391 3211 659 3308 Novanegum
684 3208 868 3310 prosapies
893 3207 1089 3310 imperium
1113 3222 1324 3312 capesseret,
1349 3209 1456 3310 plura
1494 3208 1595 3284 illius
1633 3205 1917 3292 administrandi
1966 3251 1969 3260 ·

12 3371 13 3378 κ
122 3347 209 3398 nova
236 3329 420 3428 principia
445 3326 621 3428 professa:
648 3328 736 3402 novi
759 3328 896 3401 civium
922 3327 1070 3401 ordines
1094 3323 1342 3412 exstiterant,
1364 3352 1521 3427 quorum
1557 3326 1703 3408 diversa
1741 3333 1819 3433 jura
1858 3329 1918 3408 di·

121 3466 227 3520 versae
254 3470 400 3546 quoque
424 3444 622 3518 utilitatis
620 3469 744 3517 curam
769 3457 806 3518 et
831 3441 995 3518 studium
1015 3443 1242 3518 adtulerunt:
1270 3443 1473 3519 invaluerat
1498 3445 1658 3547 denique
1674 3469 1732 3518 ars
1754 3445 1918 3524 scriben-

82 3595 85 3611 ·
118 3557 165 3645 di,
189 3567 293 3696 cujus
319 3587 408 3635 usus
428 3563 467 3636 in
494 3560 601 3637 rebus
626 3575 703 3636 tam
716 3560 873 3664 publicis
897 3587 1009 3697 quam
1030 3562 1184 3661 privatis
1209 3559 1466 3637 contrahendis
1485 3588 1698 3640 memoriam
1710 3587 1835 3640 earum
1832 3591 1916 3672 po·
1977 3563 1979 3570 ’

118 3678 270 3754 steritati
297 3682 466 3764 servarit.
517 3675 685 3756 Historiae
711 3681 822 3779 igitur
847 3680 999 3754 maximi
1025 3681 1095 3753 erit
1118 3681 1308 3766 momenti,
1330 3705 1411 3781 quse
1435 3679 1557 3755 adbuc
1593 3696 1787 3782 supersunt
1811 3680 1917 3787 hujus
1968 3745 1973 3750 .

12 3887 13 3898 ἵ
115 3797 182 3870 evi
207 3798 385 3900 temporis
410 3797 582 3900 reliquias
607 3796 785 3896 colligere.
826 3798 928 3874 Inter
947 3797 1028 3872 illas
1053 3795 1303 3898 Diplcmatas.
1322 3799 1470 3872 Litterae
1483 3811 1524 3872 ut
1537 3797 1711 3874 dicuntur
1712 3825 1817 3902 ,quae
1829 3825 1917 3875 con·

117 3914 234 3988 tinent
261 3915 380 3989 edicta
407 3917 556 4014 Regum,
581 3913 715 4020 judicia
741 3917 887 4018 scripta,
914 3914 1145 4019 testamenta,
1183 3917 1442 3990 transactiones
1473 3917 1673 4004 emtionis,¹
1690 3915 1918 4027 {dqnationis

113 4034 427 4118 commutationis,
450 4032 609 4134 aliasque
634 4047 671 4107 et
696 4032 926 4134 publicarum
939 4047 975 4109 et
994 4035 1221 4134 privatarum
1246 4035 1609 4135 rerumpraecipuum
1627 4033 1699 4109 sibi
1726 4033 1917 4114 vindicant

114 4145 249 4226 locum:
280 4157 320 4224 iu
347 4149 420 4224 illia
444 4153 545 4225 enim
570 4153 646 4226 vita
671 4149 863 4226 bominum
889 4165 931 4226 ut
956 4164 1035 4226 erat
1059 4177 1096 4225 se
1126 4148 1421 4260 conspiciendam
1446 4153 1571 4245 sistite·
1584 4177 1630 4226 ex
1658 4149 1734 4230 illis
1766 4165 1949 4254 apparet.
2035 4176 2037 4184 ’

112 4251 194 4364 lpuae
218 4269 314 4342 ratio
339 4266 450 4342 suerit
473 4281 510 4343 et
535 4269 646 4344 tutela
675 4269 814 4368 legum
840 4294 914 4373 quo
937 4273 1014 4375 jure
1040 4284 1077 4344 et
1100 4268 1230 4365 ordine
1256 4269 1397 4368 negotia
1416 4268 1628 4370 reipublicae
1639 4284 1676 4344 et
1688 4269 1918 4370 privatorum

39 4407 46 4416 ·
114 4375 190 4456 sint
207 4397 380 4474 tractata3
406 4411 452 4459 ex
477 4385 551 4461 illis
579 4385 733 4478 tandem
758 4387 903 4462 elucent
928 4393 1100 4494 cujusque
1125 4387 1235 4463 seculi
1249 4389 1435 4486 ingenium
1449 4383 1808 4492 consuetudinesque,
1821 4415 1920 4467 mer-

109 4498 214 4604 cium
240 4505 354 4602 pretia
380 4517 606 4606 monetaeque
631 4489 735 4607 ratio,
759 4517 802 4610 ut
827 4505 898 4582 alia
919 4519 1068 4592 taceam,
1094 4531 1176 4610 quae
1201 4507 1240 4582 in
1266 4508 1455 4608 perpaucis
1480 4519 1517 4580 et
1540 4503 1823 4608 compendiariis
1847 4505 1920 4584 bu·

115 4621 169 4717 jus
195 4621 314 4695 aetatis
339 4620 541 4697 annalibus
559 4621 691 4698 frustra
717 4623 929 4744 requireres.
982 4611 984 4619 ¹
1112 4641 1115 4646 '

271 4822 458 4915 Quantum
482 4849 569 4900 vero
594 4825 647 4900 rei
674 4827 730 4902 vis
755 4795 793 4903 el
817 4828 1008 4906 necessitas
1033 4831 1282 4932 postularent
1310 4843 1350 4926 ut
1375 4829 1431 4906 bae
1451 4853 1515 4932 per
1530 4843 1648 4908 totum
1664 4788 1830 4959 Regnum
1843 4825 1921 4904 dia·

115 4959 229 5098 persae
255 4931 387 5068 litteiae
412 4943 722 5047 conquirerentur,
747 4945 814 5022 diu
840 4961 1070 5052 perspectum
1096 4949 1184 5038 tuit,
1211 4947 1327 5052 quod
1335 4948 1485 5080 quidem
1511 4956 1691 5026 testantur
1707 4951 1783 5025 non
1795 4944 1921 5050 publi-
