4404 5960
887 445 891 462 ,
1021 391 1078 459 τ·
1191 348 1271 444 436
1380 393 1438 414 ·-
2144 385 2145 460 r

340 580 417 656 &c
445 572 527 652 lida
553 565 644 647 nod
668 565 751 648 Neo
780 563 858 671 275
886 567 951 648 titt
977 571 1078 648 Cum
1105 569 1365 679 igitur,·sicut
1380 595 1430 649 ex
1444 587 1559 678 parte
1574 566 1806 649 dilectarum
1819 571 2055 662 nobisinchri-

234 757 242 780 ,
339 701 414 764 sto.
443 677 655 762 abbatisse.
683 679 723 756 8<
750 676 985 757 Monialium
1013 678 1246 787 Monasterij
1274 677 1325 759 de
1346 681 1541 778 Wreton,
1569 680 1834 760 Cistcrcicusis
1848 681 1977 766 ordinis
1990 688 2057 769 lin-
2144 695 2145 700 ‘

339 791 522 902 copensis
551 785 720 868 diocesis
747 786 826 865 fuit
854 791 1082 895 expositum
1109 817 1243 872 coram
1270 789 1387 872 nobis
1407 835 1425 852 -
1457 793 1634 899 ipsarum
1663 788 1889 870 Ecclesiam·
1914 796 2058 880 &Mona-

338 903 505 985 stcrium
533 925 722 1007 reparare
751 898 977 1006 inceperint
1005 927 1127 1007 opere
1155 916 1392 1009 sumptuoso
1419 909 1588 1011 propter
1615 897 1729 1010 quod
1750 900 2060 1010 indigentfidcliun

336 1012 606 1096 subuentione
635 1007 846 1118 condigna.
877 1009 1188 1092 Vniuersitatem
1217 1030 1416 1092 uestram·
1443 1039 1656 1120 rogamus·
1684 1013 2060 1096 monemus-&horta-

340 1153 455 1206 mur·
484 1136 661 1202 attente·
688 1118 807 1200 uobis
835 1119 1163 1202 inremissionem
1180 1123 1454 1230 peccaminum
1470 1124 1736 1233 iniungentcs,
1751 1123 1948 1231 quatinus·
1960 1122 1999 1203 de
2010 1125 2061 1206 bo

339 1237 402 1316 nis
428 1232 572 1316 uobis·
600 1259 648 1310 a·
676 1227 754 1312 deo
782 1229 961 1310 collatis·
980 1233 1093 1338 pias·
1120 1231 1406 1312 helemosinas·
1427 1237 1467 1312 &
1495 1250 1610 1340 grata
1637 1233 1720 1312 cis·
1748 1233 1912 1312 caritatis
1930 1234 2063 1316 subsidia

338 1345 529 1455 erogetis,
550 1356 604 1421 rat
631 1367 707 1449 per
733 1338 1037 1421 succensionem
1067 1361 1257 1439 uestram,
1287 1342 1395 1424 dicta
1424 1345 1575 1450 possit·
1602 1343 1905 1450 Monasterium·
1918 1345 2063 1423 etEccle

338 1459 397 1539 sia
424 1450 706 1557 consummarj.
736 1455 776 1530 &
802 1477 894 1556 uos,
923 1479 996 1558 per
1023 1451 1110 1549 hec,
1136 1470 1177 1534 et
1205 1453 1282 1533 alia
1311 1453 1445 1533 bona·
1460 1481 1540 1564 que
1555 1452 1720 1534 domino
1735 1453 1942 1559 inspirante
1962 1451 2065 1532 leceri-

339 1569 409 1664 tis,
438 1565 610 1675 possitis,
640 1559 692 1641 ad
721 1576 857 1640 eterna
887 1560 1091 1643 felicitatis
1119 1561 1265 1671 gaudia
1294 1564 1517 1672 peruenire.
1546 1566 1629 1646 Nos
1649 1563 1754 1644 enim
1783 1562 1832 1644 dc
1847 1561 2065 1650 misericordia

218 1673 222 1681 ’
338 1678 429 1760 dei·
444 1681 499 1756 .&
527 1672 794 1782 auctoritate·
823 1670 964 1752 nobis·
993 1701 1041 1752 a·
1070 1671 1245 1756 domino.
1275 1702 1392 1784 papa.
1422 1669 1631 1760 concessa·
1659 1675 1808 1755 confisi.
1823 1673 2066 1756 omnibusucre

337 1786 636 1898 penitentibus·
665 1787 705 1862 &
732 1779 921 1862 confessis
966 1785 1038 1892 qui
1067 1786 1123 1864 cis
1166 1784 1322 1867 adhoc
1364 1813 1526 1866 manum
1568 1785 1824 1892 porrexerint
1860 1781 2067 1875 adiutricem,

248 1997 249 2000 p
289 1909 293 1914 '
336 1901 510 1981 Centum
537 1894 622 1975 dies
649 1891 700 1974 dc
728 1893 906 1972 iniuncta
922 1894 1030 2001 ¹ipsis
1069 1895 1314 2003 penitentia·
1350 1895 1661 1978 misericorditer
1689 1896 1732 1976 in
1761 1893 1920 1976 domino
1955 1890 2066 1969 relars

337 2035 439 2091 mus.
469 2003 737 2086 Prosentibus.
768 2019 860 2111 post
888 2007 1232 2086 consumationem
1272 2007 1404 2114 operis
1430 2007 1590 2088 minime
1624 2005 1820 2089 ualituris.
1875 2008 1973 2106 Quas
1996 2000 2067 2078 mitti
2144 2095 2145 2100 Ν

288 2160 291 2168 ·
334 2147 412 2229 per
439 2115 690 2228 questuarios
717 2113 891 2199 strictius
905 2159 922 2176 ·
949 2114 1187 2200 inhibemus.
1220 2117 1332 2227 quod
1360 2119 1419 2198 si·
1446 2145 1557 2199 secus
1584 2117 1678 2197 fiat·
1693 2117 1802 2226 ipsas
1816 2141 1943 2195 carcre
1956 2110 2067 2190 unito
2144 2123 2145 2216 ᾗ

336 2230 605 2311 decernentes.
639 2227 788 2304 Datum
817 2223 1024 2306 Calmarie.
1052 2227 1159 2306 XVI.
1189 2229 1278 2312 Kal.
1307 2235 1409 2337 Aug.
1439 2227 1710 2311 pontificatus.
1729 2225 1905 2334 'domini
1933 2221 2067 2304 Clemen·

334 2343 396 2422 tis.
425 2365 540 2450 pape.
568 2337 703 2418 IIII:ti.
734 2363 852 2414 anno.
882 2335 1080 2417 Secundo.

599 2476 723 2538 Smarre
743 2475 871 2557 styclen
892 2475 929 2536 al
945 2469 1065 2556 Sigillet
1085 2475 1187 2558 lainga
1213 2498 1290 2562 quar
1310 2479 1351 2562 pa
1372 2479 1449 2542 rdda
1470 2478 1531 2542 och
1550 2480 1624 2560 'gula
1644 2472 1851 2542 silkesuddar·
1974 2492 1979 2498 “

213 2851 215 2859 p
340 2717 471 2824 520.
755 2743 761 2757 ,
972 2705 1119 2814 1266
1167 2710 1215 2816 a.
1270 2747 1335 2853 17
1385 2710 1566 2819 rur..
1904 2645 2067 2812 cnm

415 2930 493 2995 Part
514 2930 666 3011 Legaten,
688 2928 779 2992 Card.
799 2930 916 2992 Gurnos
936 2928 1075 2996 adsunt
1095 2929 1146 2993 Γᾶν
1166 2929 1311 2993 Abboten
1333 2931 1343 2991 i
1364 2932 1392 2992 Ν
1393 2929 1488 3014 ydola
1508 2941 1554 2992 att
1574 2929 1668 2993 afldso
1687 2931 1751 2992 sina
1770 2930 1905 2993 Mrmlar
1923 2924 2068 2990 ilrdubanr·
2144 2927 2145 2930 ’

319 3015 327 3024 ἱ
446 3013 596 3096 dymin&
1795 3095 1868 3149 ΑΛ
1900 3092 1970 3146 att

499 3231 643 3311 Fnatcr
671 3225 809 3311 Guido
838 3231 1091 3311 miseratione
1120 3230 1281 3333 diuina.
1298 3248 1334 3310 tt
1350 3293 1358 3310 .
1374 3232 1511 3313 Sancti
1539 3231 1745 3313 Laurentii
1768 3233 1812 3309 in
1825 3229 1979 3308 Lucina.
1997 3243 2072 3328 pter

272 3375 276 3390 ¹
332 3342 440 3424 biter
469 3340 713 3437 Cardinalis,
742 3340 961 3449 apostolice
982 3340 1084 3422 sedis
1114 3341 1287 3448 Legatos
1315 3343 1405 3422 viro
1432 3343 1645 3452 religioso.
1672 3341 1861 3436 .abboti,
1876 3327 2073 3420 Noueualis

227 3553 228 3557 Ν
333 3453 606 3533 Cisterciensis
635 3451 806 3549 ordinis,
835 3453 1098 3559 Lincopensis
1140 3449 1326 3546 diocesis,
1354 3453 1522 3534 salutem
1549 3457 1592 3533 in
1620 3452 1796 3533 domino.
1827 3452 1938 3532 Licet
1957 3443 2000 3524 ad
2022 3440 2073 3518 hoc

301 3562 502 3644 'fratrmn
531 3563 790 3643 cisterciensis
818 3562 990 3658 ordinis,
1021 3563 1087 3668 pia
1116 3561 1283 3644 desudet
1310 3565 1500 3665 intentio,
1530 3566 1654 3644 utab
1684 3564 1740 3642 eis
1767 3563 1810 3642 in
1834 3559 1913 3667 hijs
1926 3585 1996 3666 que
2008 3549 2073 3630 laci·

333 3690 422 3771 unt,
451 3670 675 3782 prudenter
704 3689 744 3752 et
772 3673 945 3781 prouida
973 3672 1216 3781 procedatur
1245 3673 1466 3755 secundum
1480 3674 1608 3771 deum,
1627 3691 1666 3753 et
1680 3673 1838 3754 ordinis
1860 3673 2074 3752 honestatem,
2117 3735 2120 3740 .

333 3782 552 3894 aliquando
579 3801 729 3878 tamen,
758 3813 809 3865 ex
837 3782 1081 3863 conditionis
1111 3783 1283 3862 humane
1311 3784 1530 3892 fragilitate
1559 3786 1769 3891 contingit,
1799 3781 1913 3894 quod
1952 3771 2076 3886 quidam

321 3923 382 3978 ex
410 3897 506 4004 ipsis
534 3892 736 3974 excedunt
764 3894 807 3973 in
842 3892 1023 3974 casibus·
1053 3897 1119 3972 in·
1149 3893 1298 4001 quibus
1334 3895 1754 3998 excommunicationis
1783 3892 2029 3975 sententiam·
2051 3891 2078 3958 tl

331 4022 468 4086 notam
499 4003 805 4113 irregularitatis
834 4005 1057 4083 incurrunt.
1087 4003 1170 4081 Nos
1198 4006 1336 4114 itaque
1378 4005 1552 4113 predicti
1592 4006 1744 4086 ordinis
1787 4023 1889 4084 uoto
1923 3993 2079 4091 filius&

331 4118 585 4227 protectione
614 4134 828 4224 patronus,
857 4115 982 4222 ipsius
1010 4111 1240 4210 utilitatem,
1269 4123 1307 4195 8(
1336 4116 1561 4222 profectum
1589 4142 1745 4224 semper
1774 4117 1815 4194 in
1832 4114 2081 4217 meliusquass·

332 4245 539 4308 tunicum
569 4223 645 4306 deo
674 4229 895 4335 poterimus
923 4222 1165 4307 intendimus
1194 4253 1442 4334 promouere.
1484 4225 1592 4306 vnde
1634 4228 1751 4309 uobis
1786 4254 1871 4336 qua
1912 4221 2080 4326 fungimur

333 4339 573 4419 auctoritate
601 4334 872 4430 concedimus,
902 4340 948 4414 rit
976 4336 1082 4445 siqui
1099 4333 1367 4440 deMonachis
1382 4339 1548 4417 uestris·
1563 4343 1600 4416 8r
1616 4338 1848 4418 conuersis·
1863 4333 2081 4415 excesserunt
2144 4407 2145 4410 a

333 4453 377 4530 in
405 4450 560 4529 casibus
588 4449 829 4542 memoratis,
858 4446 932 4526 hac
960 4449 1068 4540 uice,
1096 4474 1187 4525 cum
1217 4446 1365 4528 eisdem
1393 4446 1622 4556 dispensare
1651 4448 1831 4556 possitis,
1876 4451 1917 4524 &
1956 4433 2081 4522 absolu·
2143 4473 2145 4534 f

333 4560 453 4640 tionis
481 4559 716 4639 heneficium
743 4555 961 4666 impertirj,
987 4558 1066 4636 nisi
1081 4601 1099 4616 -
1127 4555 1229 4635 adeo
1244 4558 1378 4662 grauis
1393 4556 1534 4653 suerit,
1549 4576 1590 4638 et
1604 4559 1779 4639 enormis
1793 4583 1987 4648 excessus,
2001 4537 2083 4660 quo<¹
2143 4599 2145 4702 p

332 4667 475 4750 merito
503 4671 602 4763 sint,
630 4667 682 4748 ad
699 4667 832 4749 sedem
848 4666 1107 4774 apostolicam
1122 4662 1362 4748 destinandi.
1393 4668 1536 4748 Datum
1552 4669 1757 4749 Calmarie.
1772 4669 1884 4749 XVI.
1909 4664 1996 4746 Kal.
2009 4663 2083 4758 Aug.
2144 4709 2145 4728 ÷

333 4779 603 4861 Pontificatus.
640 4777 808 4885 dominj.
837 4778 1061 4860 Clementis.
1090 4802 1205 4882 pape.
1235 4777 1370 4857 llllzti.
1401 4806 1520 4861 anno.
1549 4779 1747 4861 Secundo.
2142 4743 2145 4892 l

338 4909 444 5001 netu,
465 4920 498 4982 sd
518 4919 568 4982 val
589 4941 653 4985 som
674 4923 737 4989 alla
752 4921 937 5006 lo'regdende
947 4921 1049 4985 denna
1058 4914 1220 4982 Cardinals
1229 4917 1328 5002 Sigill,
1339 4921 1475 4986 uirttdt
1483 4943 1542 4986 vax
1552 4922 1612 4987 och
1622 4921 1875 5008 hungerplrd'dt
1888 4909 2084 5002 ootrgnttstts
2143 4955 2145 5010 ff
