4368 5950
821 443 1068 606 -1239
1179 539 1240 568 -·

117 705 251 828 gariis,
265 727 463 838 eteontra
478 701 829 838 ecclesiasticamd
879 718 1044 801 rimeres
1059 719 1298 830 libertatem.
1328 720 1656 832 Significantibus
1670 749 1765 806 sane
1780 725 1912 836 Regni

117 828 177 910 tui
205 829 436 938 Episcopis,
464 827 722 926 presbiteris,
749 848 791 913 et
817 832 906 911 aris
933 829 1099 912 Clericis
1114 829 1404 931 intelleximus,
1432 831 1546 962 (prod
1560 850 1607 914 tu
1621 834 1783 919 cosdem
1797 839 1913 924 Pres-

117 940 289 1037 hiteros,
316 956 358 1020 et
385 938 564 1022 Clericos
592 938 895 1050 expeditionum
923 931 1086 1024 tuarum
1114 943 1306 1052 angariis,
1335 958 1377 1028 et
1405 941 1494 1024 ali1s
1514 943 1786 1042 ¹secularibus
1815 967 1910 1030 exa·
2044 949 2045 956 '

116 1052 320 1136 ctionihus
347 1076 561 1161 aggravas,
588 1063 630 1130 et
662 1050 866 1150 molestas,
894 1066 937 1135 et
964 1068 1108 1135 contra
1135 1052 1274 1136 divina
1302 1071 1345 1136 et
1365 1049 1549 1139 'humana
1583 1072 1733 1140 statuta
1767 1058 1812 1139 in
1840 1059 1912 1140 Se-

116 1164 244 1245 culari
273 1161 481 1272 compellis
500 1159 662 1270 'judicic
688 1160 945 1272 respondere.
980 1167 1084 1246 Cum
1112 1180 1246 1246 autern
1274 1165 1351 1248 hec
1379 1165 1520 1246 salutis
1547 1163 1626 1248 tibi
1653 1170 1815 1280 pariant
1844 1166 1915 1252 de·

115 1277 368 1369 trimentum,
396 1287 439 1352 et
464 1271 549 1354 Nos
563 1298 650 1383 quo
677 1275 869 1356 sincerius
883 1292 923 1356 te
937 1275 1158 1386 diligimus,
1173 1303 1222 1359 eo
1237 1275 1430 1358 libentius
1442 1303 1633 1359 revocare
1650 1295 1690 1362 te
1705 1278 1758 1358 ab
1773 1279 1913 1368 huius·

116 1383 228 1468 modi
255 1384 482 1493 cupiamus,
509 1383 773 1468 Serenitatem
800 1387 968 1494 Regiam
995 1413 1182 1496 rogamus
1197 1413 1425 1486 monemus,
1454 1403 1494 1469 et
1521 1387 1731 1472 hortamur
1746 1395 1910 1490 attente,
1973 1458 1976 1469 .

115 1513 318 1609 quatenus
346 1520 397 1574 ne
425 1510 567 1575 contra
594 1509 639 1575 te·
665 1493 766 1577 iram
791 1497 897 1608 eips,
933 1499 1006 1607 qui
1034 1497 1239 1605 transfert
1253 1481 1421 1608 'llegna‚
1463 1515 1506 1580 et
1546 1491 1750 1608 spiritum
1776 1499 1916 1598 aufert,

114 1609 351 1718 Principum
380 1607 596 1717 provocari
624 1603 852 1718 contingat,
881 1591 933 1691 ali
962 1609 1042 1690 hiis·
1068 1597 1204 1691 taliter
1230 1611 1508 1730 conquiescas,
1537 1607 1653 1722 quod
1665 1627 1706 1692 et
1732 1611 1912 1695 divinant
2010 1687 2011 1698 ,

115 1717 263 1802 exinde
291 1718 420 1798 vitare
448 1718 577 1826 possis
606 1716 821 1819 offensam,
849 1736 891 1802 et
917 1721 1002 1802 Nos
1031 1735 1174 1802 contra
1203 1749 1418 1831 personam
1447 1740 1571 1820 tuam,
1600 1735 1797 1839 tanquam
1809 1723 1910 1806 velis
2039 1751 2041 1758 ’

8 1861 13 1880 ·
114 1831 157 1912 in
184 1827 543 1912 ecclesiasticarum
570 1856 836 1937 personarum
864 1828 1055 1925 delectari
1088 1833 1322 1942 gravamine
1357 1861 1442 1914 non
1470 1835 1687 1942 possimus,
1722 1832 1836 1944 quod
1870 1849 1912 1916 te

112 1967 286 2056 gravare
314 1937 460 2022 debeat
488 1941 677 2052 cogitare.
706 1944 857 2024 Datum
885 1941 1076 2025 Laterani
1104 1945 1155 2024 X.
1185 1942 1357 2026 Kalend.
1385 1943 1523 2053 Martij
1549 1947 1672 2026 Anno
1701 1945 1895 2028 Octavo'·

261 2083 314 2168 In
340 2083 474 2222 codem
500 2087 615 2195 ιηᾳίο
640 2092 833 2199 seruatum
859 2105 918 2170 est
948 2091 1067 2186 Duri,
1098 2106 1140 2172 et
1167 2063 1427 2200 Principibus
1449 2091 1587 2198 Regni
1610 2065 1759 2178 Sosic-
1885 2135 1889 2145 ·

120 2363 252 2474 228.
591 2344 594 2350 ’
738 2380 890 2493 1224
937 2319 985 2468 d.
1037 2401 1107 2470 2ο
1154 2362 1323 2470 Febr.²
1390 2452 1393 2458 .
1684 2363 1915 2473 Lateran⁴

196 2573 289 2652 Pari.
310 2584 469 2648 floremus
495 2581 550 2645 tlt
572 2581 621 2651 till
643 2581 775 2666 Kooung
796 2582 876 2648 Erro
898 2585 1049 2649 Esrcssor
1083 2607 1135 2648 om
1158 2584 1358 2650 htrnmandet
1389 2589 1427 2651 a'i
1442 2585 1482 2651 de
1502 2583 1602 2648 under
1636 2583 1910 2668 Bislopsledighe·
2003 2617 2014 2642 ·.

250 2680 341 2734 terna
361 2667 478 2732 sledda
499 2667 670 2752 ingreppea
692 2667 734 2752 pt
754 2667 1010 2752 Domkyrlornas
1030 2669 1274 2754 tillhiirigheter·
1909 2727 1915 2734 .

1362 2785 1394 2840 1².
1413 2796 1441 2840 rt
1459 2778 1506 2853 hl.¹
1522 2783 1578 2838 Aa.
1595 2785 1621 2840 8.
1638 2781 1692 2853 Ep·
1712 2783 1770 2843 toa

546 2941 550 2951 “
677 2919 879 3004 Honorias
906 2925 980 3004 &a
1044 2921 1188 3010 Eidem
1214 2925 1332 3030 Regi.

284 3067 367 3170 Qui
394 3065 555 3177 paravit
585 3065 630 3146 in
647 3064 768 3160 'Celo
783 3061 929 3146 Sedem
955 3091 1084 3164 suam,
1114 3066 1226 3148 etin
1255 3067 1398 3172 Regno
1431 3064 1641 3146 hominum
1676 3059 1913 3146 dominatur

115 3177 304 3287 dignatus
333 3195 393 3258 est
419 3176 681 3257 habitationis
710 3176 799 3256 loca
825 3176 1023 3258 Ecclesias
1052 3174 1241 3261 videlicet
1270 3178 1312 3258 in
1342 3176 1492 3286 quibus
1520 3203 1669 3256 nomen
1697 3174 1911 3261 invocetur

114 3290 244 3397 ipsius
273 3289 380 3367 inter
407 3287 590 3368 homines
618 3288 823 3396 optinere,
851 3314 953 3397 quas
981 3289 1125 3403 utique
1154 3315 1201 3370 ac
1229 3314 1422 3398 personas
1447 3287 1712 3393 ,consistentes
1741 3287 1786 3366 in
1812 3286 1910 3405 ipsis

114 3400 270 3495 cuncti,
299 3399 373 3509 qui
404 3399 636 3486 Christiana
661 3397 909 3508 professione
938 3393 1153 3488 censentur
1191 3396 1347 3499 debent
1381 3425 1458 3508 pro
1487 3397 1649 3480 Christi
1681 3398 1909 3504 reverentia

110 3508 311 3605 revereri,
340 3525 382 3588 et
409 3503 492 3590 iton
519 3507 652 3591 solum
680 3509 732 3614 ab
762 3511 940 3616 ipsarum
969 3509 1129 3618 injuriis
1158 3510 1381 3607 abstinere,
1409 3535 1550 3590 verum
1570 3509 1692 3590 etiam
1712 3507 1799 3590 aliis
1828 3510 1910 3590 suis
2016 3594 2018 3601 ,

109 3619 426 3708 iniuriatoribus
454 3620 637 3717 obviare,
665 3648 757 3716 curn
785 3618 893 3700 idem
921 3620 1106 3709 Christus
1134 3621 1177 3700 in
1206 3647 1344 3704 earum
1370 3619 1563 3701 honorari
1591 3619 1747 3700 honore
1777 3647 1818 3700 se
1846 3646 1910 3713 re-
1940 3701 1947 3718 ,

109 3747 253 3843 putet,
283 3731 393 3812 etin
421 3731 603 3813 molestia
631 3730 845 3813 molestari.
874 3727 940 3811 Ad
968 3747 1147 3812 nostram
1176 3729 1273 3812 san'e
1302 3721 1549 3813 audientiam
1563 3731 1695 3840 Regni
1723 3731 1785 3811 tui
1812 3729 1910 3837 Epi·

108 3842 259 3954 scopis¹
277 3841 576 3943 insinuantibus
603 3859 662 3922 est
691 3839 887 3938 delatum,
914 3841 1026 3950 quod
1055 3836 1292 3925 vacantibus
1320 3869 1460 3924 eorum
1473 3840 1692 3937 'Ecclesiis,
1720 3868 1821 3951 quas
1836 3839 1911 3917 ali·

108 3978 194 4036 eno
221 3970 321 4034 tunc
350 3945 577 4062 indigentes
604 3951 756 4032 auxilio
784 3949 952 4034 deberes
978 3980 1031 4033 ne
1057 3955 1100 4034 in
1134 3954 1253 4036 bonis
1279 3953 1362 4034 suis
1420 3967 1629 4034 aterentur
1657 3947 1912 4060 dispendium

109 4063 343 4162 defensare,
372 4065 481 4147 bona
509 4061 650 4144 eadem
677 4061 876 4144 violenter
904 4091 1092 4174 usurpas,
1121 4083 1162 4146 et
1190 4092 1267 4172 pro
1283 4081 1354 4145 tna
1383 3983 1525 4173 diripis
1540 4063 1767 4158 voluntate,
1796 4059 1910 4170 quod

143 4173 284 4270 uidem¹
309 4193 391 4256 tam
418 4201 582 4255 enorme
610 4174 736 4284 parit,
774 4189 819 4253 ut
848 4173 1021 4283 predicti
1065 4177 1258 4285 Episcopi
1301 4190 1503 4272 asserunt,
1545 4171 1694 4255 eisdem
1723 4171 1910 4252 Ecclesiis

107 4206 404 4372 detrimentum
431 4284 545 4397 quod
572 4285 629 4366 sic
658 4284 777 4366 bonis
820 4281 1022 4366 distractis
1064 4313 1205 4368 eornm
1233 4287 1296 4366 sui
1339 4282 1542 4383 redditus,
1586 4285 1658 4396 qui
1687 4283 1784 4364 alias
1814 4285 1909 4364 satis

106 4415 210 4482 sunt
236 4397 386 4497 exiles,
406 4413 448 4477 et
475 4413 616 4477 tenues
645 4395 917 4478 annullantur.
961 4399 1064 4482 Cum
1100 4415 1235 4478 autern
1274 4397 1351 4478 hec
1393 4397 1517 4504 Regie
1559 4392 1798 4475 Celsitudini
1825 4419 1910 4474 non

107 4510 361 4604 conveniant
388 4535 462 4618 per
489 4535 569 4618 que
612 4503 867 4616 dispendium
902 4506 1041 4616 salutis
1084 4509 1328 4602 incurreres,
1370 4524 1411 4587 et
1439 4505 1585 4616 regalis
1636 4503 1908 4585 munificentia

108 4636 339 4704 notaretur.
397 4619 662 4712 Serenitatem
691 4634 805 4716 tuam
831 4647 1037 4701 monemus
1065 4646 1273 4730 rogamus,
1298 4637 1338 4700 et
1366 4620 1575 4700 hortamur
1602 4632 1771 4712 attente,
1807 4641 1909 4724 qua-
2008 4631 2012 4638 '

107 4749 233 4813 tenus
261 4759 313 4814 ne
341 4743 550 4812 contrata
579 4731 681 4810 iram
711 4729 814 4827 eius,
871 4730 914 4811 ui
943 4731 1136 4812 transfert
1163 4733 1322 4841 Regna,
1350 4746 1391 4810 et
1419 4729 1615 4836 Spiritum
1632 4724 1762 4806 aufert
1790 4729 1909 4807 Prin·

110 4847 253 4956 cipum
282 4845 501 4951 provocari
526 4841 747 4950 contingat,
777 4841 829 4922 ab
888 4842 935 4921 iis
969 4843 1111 4923 taliter
1134 4842 1394 4954 conquiescas
1436 4837 1549 4949 quod
1578 4853 1619 4918 et
1647 4853 1693 4917 tu
1723 4836 1907 4919 divinum

107 4957 244 5066 possis
273 4957 344 5064 qui
372 4951 529 5034 ex'hoc
558 4955 838 5034 concitaretur
860 4951 1064 5035 declinare
1093 4951 1293 5050 furorem,
1322 4944 1467 5032 'et'nos
1501 4965 1698 5032 contrate
1714 4959 1910 5061 tanq'uam

109 5065 474 5150 ecclesiasticorum
503 5065 726 5144 invasorem
754 5062 957 5146 honorum
986 5065 1185 5174 cogitare,
1213 5061 1325 5174 quod
1354 5088 1477 5175 grave
1506 5062 1581 5144 tihi
1610 5061 1798 5142 existeret
1824 5085 1910 5140 non

109 5205 317 5291 cogamur.
348 5177 496 5256 Datum
525 5191 571 5257 ut
600 5175 745 5284 Supra.
