4362 5946
828 524 887 546 -
999 481 1084 562 263*
1185 526 1247 550 ·-

141 703 239 795 rint,
262 699 297 781 si
321 698 456 781 forsan
484 696 648 780 ecclesie
681 697 733 781 ad
769 702 868 810 quas
897 701 1106 806 pertinent
1134 729 1158 780 a
1191 699 1340 783 diuinis
1362 699 1511 809 *officijs
1539 697 1693 782 fuerint
1722 699 1935 787 interdicte

141 818 330 924 ipsosque
359 811 462 914 mori
497 809 731 922 contigerit,
774 808 986 918 sepultura
1028 811 1292 893 ecclesiastica
1335 816 1420 891 non
1463 827 1636 917 negetur
1664 812 1742 894 nisi
1771 813 1936 922 publice

139 921 312 1030 vsurarij
341 939 413 1002 aut
441 922 776 1003 excommunicati
804 923 869 1002 uel
884 923 1124 1028 nominatim
1153 921 1308 1004 fuerint
1337 921 1554 1005 interdicti.
1584 923 1771 1005 volumus
1799 942 1936 1006 autem
2022 1019 2033 1034 Α

140 1051 185 1116 ut
214 1033 346 1114 liceat·
361 1035 418 1114 eis
448 1031 671 1116 confratres
700 1062 794 1114 suos
823 1060 929 1143 quos
957 1034 1215 1115 ecclesiarum
1244 1034 1393 1142 prelati
1420 1032 1532 1143 apud
1548 1035 1733 1116 ecclesias
1748 1065 1839 1116 suas
1854 1065 1939 1121 ma·

138 1146 274 1227 lieiose
304 1173 388 1225 non
416 1145 674 1254 permiserint
702 1145 876 1256 sepeliri.
906 1147 983 1227 nisi
1011 1146 1349 1228 excommunicati
1364 1145 1430 1226 uel
1445 1145 1683 1224 nominatim
1706 1146 1860 1246 suerint
1875 1150 1939 1229 in·
2051 1242 2057 1246 ,

138 1255 300 1337 terdicti
331 1272 402 1337 aut
431 1259 557 1337 eciam
587 1257 750 1366 publice
779 1257 956 1364 usurarij
986 1257 1038 1338 ad
1067 1257 1253 1339 ecclesias
1280 1285 1373 1339 suas
1403 1255 1663 1339 tumulandos
1691 1237 1866 1356 deferre,
1897 1265 1937 1338 8(

135 1367 367 1449 oblaciones
394 1384 477 1448 tam
506 1395 583 1478 pro
612 1369 668 1449 eis
697 1397 820 1479 quum
855 1399 933 1478 pro
971 1369 1058 1477 alijs
1102 1372 1173 1479 qui
1202 1371 1245 1448 in
1274 1397 1414 1451 eorum
1439 1366 1646 1473 cimiterijs
1674 1371 1937 1478 requiescunt

135 1479 336 1560 exhibitas
365 1480 449 1559 sine
478 1479 599 1559 alieni
629 1481 726 1560 iuris
754 1480 981 1590 preiudicio
1010 1481 1193 1563 retinere.
1237 1482 1324 1562 Hoc
1353 1483 1480 1560 eciam
1507 1478 1647 1559 addito
1677 1496 1723 1558 ut
1751 1497 1938 1590 recepto·
2066 1486 2075 1510 '

75 1608 79 1626 '
135 1618 198 1670 res
229 1591 496 1671 fraternitatis
524 1590 701 1672 eiusdem
731 1619 804 1671 seu
833 1594 958 1672 eciam
988 1592 1249 1672 collectarum
1285 1591 1399 1671 saluo
1429 1592 1517 1672 iure
1545 1589 1805 1672 dominorum
1841 1619 1936 1673 suo·

134 1731 227 1782 rum
257 1701 334 1780 sub
364 1703 474 1782 beati
503 1704 679 1811 petri&
706 1719 847 1783 nostra
877 1704 1132 1814 protectione
1162 1704 1396 1785 consistant.
1444 1700 1651 1783 Adicimus
1685 1703 1861 1810 ,insuper
1890 1719 1937 1784 ut

133 1814 244 1922 siqui
273 1815 504 1896 eorumdem
534 1813 704 1894 fratrum
735 1816 807 1923 qui
836 1815 888 1896 ad
917 1813 1077 1896 easdem
1105 1815 1378 1896 fraternitates
1407 1815 1516 1894 missi
1547 1812 1700 1894 fuerint
1729 1812 1794 1892 uel
1818 1814 1938 1894 colle·
1967 1838 1969 1846 ’
2053 1825 2056 1834 ’

6 1987 10 2012 ,
131 1942 220 2006 ctas
251 1924 293 2003 in
323 1925 546 2033 quamlibet
574 1925 796 2023 ciuitatem,
840 1925 1049 2006 castellum
1093 1926 1157 2006 vel
1187 1929 1323 2007 vicum
1352 1925 1594 2006 aduenerint
1621 1925 1654 2004 si
1683 1923 1790 2008 forte
1825 1924 1938 2006 locus

132 2038 221 2146 ipse
252 2062 275 2113 a
305 2035 452 2116 diuinis
480 2035 603 2116 fuerit
632 2035 775 2145 officijs
805 2037 1057 2120 interdictus.
1087 2039 1129 2117 in
1158 2064 1299 2118 eorum
1328 2035 1504 2118 iocondo
1533 2035 1716 2117 aduentu
1743 2035 1865 2116 semel
1893 2063 1937 2116 a·

132 2149 351 2257 pariantur
378 2148 542 2228 ecclesie
571 2151 791 2228 annuatim.
821 2155 861 2228 8(
876 2151 1230 2230 excommunicatis
1245 2155 1284 2229 8(
1306 2148 1545 2229 nominatim
1560 2145 1785 2228 interdictis
1800 2147 1938 2228 eiectis

132 2259 280 2341 diuina
297 2258 353 2338 ibi
369 2260 503 2340 officia
527 2259 796 2340 celebrentur.
826 2259 947 2340 Salua
963 2261 1006 2340 in
1021 2261 1208 2341 omuibus
1224 2259 1468 2370 supradictis
1482 2257 1939 2368 declaracioneconcilij

129 2369 345 2479 generalis.
404 2371 469 2451 Ad
497 2370 687 2452 maiorem
717 2397 883 2481 quoque
911 2387 1043 2452 vestre
1073 2372 1266 2453 mercedis
1290 2372 1496 2452 cumulum
1518 2369 1803 2451 nichilominus
1819 2371 1936 2452 vobis

127 2481 370 2562 mandando
399 2483 645 2592 precipimus
673 2484 864 2595 quatinus
892 2483 999 2563 hanc
1027 2500 1207 2564 nostram
1230 2484 1570 2565 constitucionem
1599 2510 1673 2590 per
1702 2477 1935 2588 parrochias
2005 2477 2010 2487 ’

127 2609 290 2674 vestras
319 2596 504 2675 nunciari
533 2595 711 2704 propriis
740 2595 885 2676 litteris
916 2594 1083 2675 faciatis.
1126 2593 1365 2676 Mandemus
1393 2595 1517 2674 eciam
1532 2610 1578 2673 ut
1592 2593 1699 2702 siqui
1714 2591 1765 2672 de
1781 2593 1937 2698 clericis

126 2704 396 2785 ecclesiarum
425 2705 828 2815 uestrarumprefati
868 2705 1078 2815 hospitalis
1125 2704 1320 2788 fratribus
1363 2734 1455 2786 cum
1490 2704 1657 2785 licencia
1693 2703 1840 2814 prelati
1874 2704 1937 2785 sui

97 2863 100 2870 Δ
124 2833 284 2924 sponte
313 2845 360 2896 ac
388 2819 513 2928 gratis
541 2846 616 2925 per
642 2845 794 2900 annum
812 2818 887 2899 'vel
903 2845 978 2926 per
992 2818 1201 2900 biennium
1224 2819 1482 2900 decreuerint
1497 2815 1664 2898 delinire
1679 2843 1939 3008 neqppqum
2049 2915 2052 2925 Ι
2160 2811 2163 2820 ’

124 2925 405 3036 inpedientur
434 2934 474 3009 8(
502 2930 664 3009 interim
692 2957 765 3010 sua
793 2929 988 3011 beneficia
1017 2929 1082 3010 uel
1102 2929 1399 3010 ecclesiasticos
1414 2925 1596 3009 redditus
1609 2956 1734 3010 nona
1803 2929 1938 3008 ittant.

123 3039 303 3118 Datum.
334 3040 433 3120 VI⁰..
457 3038 561 3148 jdus.
591 3040 786 3124 Octobris
815 3040 1075 3123 Pontificatus
1102 3043 1233 3124 nostri
1260 3069 1368 3121 anno
1396 3041 1565 3146 Quinto.

125 3393 278 3536 262}
561 3469 570 3482 “
792 3437 938 3544 1232
988 3435 1036 3540 d.
1089 3438 1158 3544 28
1210 3439 1319 3544 Jan.
1791 3419 1975 3540 Riati.

213 3653 317 3716 Pefv.
340 3655 520 3721 Garcomm
541 3659 614 3722 {xrs
633 3659 796 3722 Fullmalt
817 3661 866 3720 fiir
887 3647 1285 3741 Bislopen'iSemigallen,
1304 3670 1351 3720 att
1363 3659 1431 3720 till·
1444 3657 1502 3719 och
1516 3657 1626 3718 afsa'tta
1639 3654 1791 3738 Abboter,
1802 3660 1941 3736 Priorer,

273 3738 413 3817 Prester,
435 3742 495 3804 och
519 3743 616 3804 andra
640 3742 785 3824 undeliga
806 3761 968 3825 personer,
990 3739 1133 3804 belriista
1154 3743 1340 3824 Bislcpsval
1362 3741 1420 3804 och
1444 3743 1548 3821 inriga
1569 3739 1601 3799 sd
1625 3740 1674 3800 val
1698 3741 1768 3804 dem
1791 3763 1856 3804 som
1869 3743 1940 3803 Ab·

272 3819 367 3883 boten
388 3825 470 3886 inom
491 3825 530 3888 de
551 3826 677 3908 nyligen
700 3825 851 3886 omvdnda
874 3824 953 3886 eller
975 3831 1056 3887 Eunu
1076 3823 1229 3886 heduisla
1242 3826 1466 3901 Provincerne,
1489 3821 1625 3900 Lilland,
1647 3823 1818 3902 Gothland,
1839 3827 1943 3888 Wen·

210 3913 214 3922 ’
272 3901 349 3981 den,
370 3903 518 3988 Estland,
540 3909 730 3990 Semigallen
754 3908 814 3970 och
836 3905 975 4002 Curland
997 3925 1039 3968 m.
1059 3906 1092 3970 ll.

1376 3985 1410 4041 F.
1432 4003 1462 4040 r:
1483 4003 1540 4042 120.
1558 3989 1614 4041 An.
1632 3967 1657 4040 5.
1674 3985 1726 4060 Ep.
1740 3967 1803 4058 ¹¹7²·

305 4091 527 4200 Gregorius
560 4091 776 4203 Episcopus
806 4093 960 4174 Servus
986 4076 1208 4174 Servorum
1223 4096 1310 4174 Dei.
1340 4093 1569 4189 Venerabili
1591 4089 1763 4172 Fratri.
1786 4152 1795 4170 .
1817 4089 1941 4204 ‚Epi-

339 4233 454 4316 scopo
485 4204 779 4312 Semigallienri
804 4209 1014 4324 apostolice
1043 4205 1156 4285 Sedis
1183 4207 1355 4312 Legata,
1384 4204 1566 4283 Salutem
1594 4206 1665 4282 &a
1919 4213 1924 4229 '

306 4348 407 4427 Cum
437 4349 478 4426 in
507 4349 655 4427 minori
685 4346 817 4445 adhuc
846 4347 980 4429 officio
1010 4347 1254 4428 constitutus
1284 4346 1334 4427 de
1363 4344 1519 4426 credito
1548 4344 1624 4425 tibi
1653 4343 1810 4425 talento
1854 4342 1939 4423 sru·
2027 4359 2034 4382 '

108 4481 237 4545 ctum
275 4457 583 4566 acceptabilem,
613 4475 653 4538 et
683 4457 899 4539 delabere
927 4477 998 4539 tuo
1019 4457 1311 4538 benedictionis
1326 4456 1555 4565 manipulos
1569 4457 1802 4562 reportaris,
1817 4453 1939 4563 digne

108 4574 242 4656 velut
278 4567 409 4650 fidelis
424 4596 562 4650 servus
577 4586 618 4649 et
633 4567 815 4678 prudeus
830 4597 953 4678 supra
970 4569 1161 4650 familiam
1178 4570 1353 4663 Domini,
1376 4571 1442 4648 cui
1460 4567 1596 4648 cibum
1618 4565 1764 4647 debeas
1779 4567 1822 4644 in
1837 4581 1946 4647 tem-r

105 4711 227 4796 pore
263 4681 495 4762 ministrare
533 4683 724 4762 constitui
759 4682 959 4777 meruisti,
1003 4681 1075 4791 qui
1114 4683 1255 4788 utique
1284 4679 1335 4761 de
1363 4682 1491 4788 gratia
1521 4680 1563 4756 in
1595 4679 1784 4786 gratiam,
1816 4692 1865 4770 ¹et
1889 4675 1939 4756 de

103 4798 291 4878 virtute
322 4793 536 4898 proficiens
569 4794 612 4871 in
640 4794 832 4871 virtutem
861 4790 1003 4900 mpndi
1032 4789 1232 4873 desideria
1248 4791 1452 4887 abnuens,
1480 4787 1681 4892 studuisti,
1693 4789 1839 4897 spiritu
1853 4814 1939 4866 am·
2047 4781 2073 4848 ἶ

103 4907 294 4988 bulare.
324 4904 433 4982 Olim
461 4901 661 5014 siquidem
690 4931 843 4983 memor
871 4905 1065 5001 existens,
1095 4901 1207 5015 quod
1237 4902 1395 4982 nullum
1425 4903 1512 4981 Deo
1541 4900 1938 4982 sacrificiumestac·
1986 4940 1990 4949 =

103 5011 318 5127 ceptiuS,
347 5041 466 5124 quam
497 5015 654 5096 lucrum
685 5041 854 5126 querere
884 5015 1126 5114 animarum,
1176 5015 1335 5093 lervorc
1363 5012 1591 5094 devotionis
1634 5039 1843 5107 accensus,
1873 5006 1937 5087 -ad
