4370 5950
997 473 1503 576 -1305‘

310 710 485 812 labilem,
499 716 541 794 et
554 711 588 793 si
602 710 691 792 fieri
706 726 840 820 potest
854 707 1076 790 secundum
1090 711 1333 821 Apostolum
1361 739 1454 792 cum
1483 710 1670 793 omnibus
1700 739 1840 821 pacem
1867 711 2020 810 babeas,
2043 729 2082 807 ut

311 827 501 937 pacificus
529 831 666 905 vocari
681 825 758 903 Dei
773 821 878 901 lilius
888 821 1109 919 merearis,
1124 838 1165 902 te
1180 851 1271 902 eum
1286 823 1428 904 eodem
1442 823 1639 931 Apostolo
1653 837 1810 932 sempe'r
1824 823 1875 906 ad
1903 827 2081 912 anteriora

308 939 578 1048 posteriorum
592 933 742 1014 oblitus
757 928 965 1028 extendas,
983 960 1208 1043 manusque
1223 950 1311 1014 tuas
1329 931 1562 1014 reddensin
1577 934 1771 1043 operibus
1780 935 2017 1033 innocentes,
2030 937 2083 1020 Sic

309 1077 356 1130 ea
387 1049 521 1130 lucere
550 1045 671 1127 facias
700 1070 837 1124 coram
865 1041 1098 1122 hominibus
1126 1044 1179 1125 ad
1207 1040 1393 1127 subditos
1419 1064 1511 1126 tuos
1539 1046 1727 1154 exempla
1741 1045 1942 1128 bonorum
1967 1045 2084 1130 mttlti·

311 1160 462 1269 plicata
476 1154 763 1252 transmittens,
792 1172 840 1235 ut
869 1153 979 1234 Deus
1007 1153 1285 1262 magnificetur
1315 1155 1470 1254 inillis,
1498 1170 1540 1235 et
1568 1155 1733 1238 lucerna
1762 1173 1834 1237 tua
1863 1159 2004 1264 iugiter
2029 1157 2112 1238 su·'

312 1299 385 1382 per
400 1268 689 1357 candelabrum
705 1263 853 1348 ardens
868 1265 1056 1345 omnibus
1072 1264 1375 1348 introeuntibus
1390 1268 1432 1346 in
1448 1264 1613 1349 domum
1628 1259 1792 1348 Domini
1820 1267 1925 1347 viam
1953 1266 2087 1377 absque

314 1379 564 1464 offendiculo
591 1376 761 1489 prebeat
789 1373 1028 1484 expeditam.
1059 1376 1123 1458 Ad
1152 1404 1329 1486 quorum
1357 1404 1528 1485 operum
1543 1376 1690 1458 fortius
1718 1377 1991 1458 fulcimentum
2016 1405 2086 1458 nou

315 1492 447 1573 desint
475 1515 601 1599 opera
629 1489 807 1570 caritatis
836 1486 924 1566 sine
955 1514 1038 1596 qua
1066 1514 1159 1567 eum
1193 1489 1280 1596 ipsa
1302 1489 1446 1570 ceteris
1460 1489 1679 1572 virtutibus
1700 1489 2009 1598 preeminentior
2026 1488 2087 1592 ba·

314 1604 477 1699 beatur,
506 1600 631 1681 nichil
658 1601 825 1680 omnino
854 1595 1035 1678 ereditur
1063 1625 1147 1679 esse
1177 1596 1419 1707 perfectum,
1454 1601 1535 1680 imo
1564 1598 1717 1679 nullam
1745 1601 1894 1680 retinet
1922 1601 2087 1708 operatio

312 1713 558 1806 firmitatem,
587 1712 664 1791 nisi
692 1710 870 1790 caritatis
900 1706 1024 1790 fuerit
1051 1707 1187 1790 radice
1216 1707 1391 1790 subnixa
1434 1711 1547 1790 lnter
1582 1728 1714 1793 cetera
1756 1738 1877 1808 vero,
1922 1737 2000 1818 que
2024 1711 2088 1792 tibi

312 1853 363 1905 ex
377 1823 511 1904 officio
527 1823 735 1902 imminent
750 1817 936 1902 facienda
969 1837 1084 1901 tuum
1111 1821 1164 1900 sit
1199 1818 1376 1903 studium
1420 1820 1592 1930 speciale
1628 1822 1852 1902 Romanam
1891 1821 2087 1902 Ecclesiam

311 1933 478 2015 Matrem
493 1950 606 2012 tuam
635 1928 679 2012 iu
707 1933 914 2026 omnibus,
943 1948 985 2009 et
1013 1957 1087 2038 per
1100 1933 1236 2011 omnia
1265 1933 1452 2027 revereri,
1481 1948 1605 2042 atque
1636 1931 1848 2030 mandata,
1879 1949 1920 2013 et
1947 1932 2095 2014 institu-

311 2046 440 2126 tiones
467 2046 604 2152 ipsius,
632 2061 774 2152 utpote
803 2044 909 2124 inter
938 2067 1077 2122 omnes
1104 2040 1302 2122 Ecclesiae
1324 2069 1374 2125 ex
1388 2040 1524 2122 divina
1543 2043 1778 2151 provisione
1802 2043 2013 2153 primatum
2027 2068 2091 2150 per

318 2158 432 2239 Beati
460 2156 744 2238 Petrimerita
772 2152 1012 2248 obtinentis,
1041 2151 1205 2234 studeas
1233 2151 1567 2261 irrefragabiliter
1587 2153 1817 2236 observare.
1847 2157 1940 2238 Dat.
1968 2157 2086 2236 Perus.

311 2268 371 2350 Vl
374 2327 382 2348 .
413 2263 505 2350 Kal.
530 2263 725 2358 ¹Octobris
754 2269 875 2347 Anno
904 2263 1050 2345 Primo.

290 2599 449 2802 ³107·
955 2663 1099 2803 1198
1147 2652 1196 2763 d.
1244 2635 1438 2764 6001.
1576 2657 1743 2766 Civita
1786 2657 2088 2768 Castellana?
2158 2741 2159 2746 κ

395 2861 488 2943 ildfv.
512 2879 713 2942 tnoemme
733 2875 802 2940 ms
825 2877 1017 2962 uppmaning
1038 2877 1088 2942 till
1120 2877 1329 2962 Kouungarne
1360 2881 1372 2940 i
1404 2877 1532 2961 Sierige
1565 2879 1626 2941 och
1659 2837 1830 2961 Daomerl,
1855 2892 1940 2946 sarm
1971 2876 2091 2942 svente

446 2960 553 3025 Jerlen
574 2969 621 3023 att
642 2959 924 3045 ldmvmlyrkan
945 2962 1005 3026 osli
1026 2961 1066 3025 de
1088 2962 1244 3044 Audelige
1263 2963 1274 3022 i
1296 2962 1427 3044 liorrige
1448 2972 1531 3025 emet
1553 2959 1838 3044 Konuog-Svms.

1507 3073 1975 3150 [namnetensem.

966 3205 1127 3322 Illustri
1151 3209 1259 3318 Regi
1284 3208 1499 3290 Decorum.

476 3346 577 3436 Tam
610 3346 718 3435 Cleri
753 3378 876 3462 quam
901 3348 1048 3459 populi
1079 3351 1383 3461 Norwagiensis·
1407 3341 1906 3465 promerentibuseulpis
1939 3353 2090 3466 permit·

310 3476 420 3547 tente
447 3466 622 3546 Domino
650 3461 854 3550 eredimus
881 3462 1070 3546 accidisse
1098 3461 1213 3572 quod
1241 3490 1369 3573 usque
1397 3459 1499 3544 adeo
1527 3463 1570 3544 in
1598 3493 1671 3548 vos
1699 3473 1903 3549 &totum
1938 3491 2090 3577 reguum

310 3577 540 3684 Norwagiae
568 3575 782 3685 tyrannica
811 3574 929 3655 Sueri
942 3573 1160 3655 erudelitas
1188 3579 1228 3658 &
1255 3571 1446 3656 violentia
1475 3573 1710 3659 detestanda
1739 3579 1960 3686 praevaluit
1994 3595 2038 3660 ut
2056 3581 2093 3656 tr

309 3714 481 3796 regnum
508 3715 583 3769 nee
612 3684 806 3768 electione
833 3685 1077 3794 Principum,
1105 3702 1231 3794 prout
1259 3713 1352 3771 aece
1383 3684 1504 3784 imus,
1533 3712 1610 3768 nec
1626 3690 1783 3770 ratione
1812 3690 2092 3799 sanguinisoe·
2149 3719 2151 3794 ἦ

275 3789 485 3907 'ruperit
515 3804 555 3880 &
582 3798 625 3878 in
653 3798 763 3878 viros
791 3793 1079 3878 ecclesiasticos
1107 3799 1192 3904 ipse
1221 3716 1428 3906 quonddm
1456 3795 1727 3880 ecclesiastico
1769 3792 1893 3907 (sicut
1943 3791 2094 3904 dicim)
2149 3795 2151 3838 ³

199 3911 204 3918 '
310 3907 472 3991 functus
500 3908 636 3992 officio
664 3905 953 4004 debacchetur,
984 3900 1182 3987 Ecclesiae
1208 3906 1439 4016 opprimat„
1455 3906 1652 4014 Clericop.
1674 3928 1962 4020 persequatur,
2004 3907 2094 3999 affli-

307 4037 378 4131 gat
406 4048 615 4130 pauperes,
636 4025 676 4099 ἃ
703 4018 839 4098 saeviat
867 4021 911 4099 in
938 4033 1138 4127 potentes:
1167 4016 1224 4099 ita
1251 4032 1297 4099 ut
1326 4017 1465 4099 divino
1500 4009 1689 4100 credatur
1723 4018 1919 4106 accidisse
1941 4019 2094 4132 judicio,

271 4155 273 4158 ·
307 4148 356 4212 ut
383 4134 455 4243 qui
482 4128 705 4213 seeundum
732 4130 851 4210 etiam
879 4157 991 4210 suam
1018 4130 1280 4212 assertionem
1309 4126 1515 4236 illegitime
1541 4148 1665 4236 natus¹
1688 4130 1740 4212 ad
1769 4157 1908 4228 sacros
1938 4161 2025 4215 non
2042 4131 2093 4218 l·

309 4259 400 4324 erat
440 4244 605 4327 ordines
646 4242 959 4352 promovendus,
1003 4256 1145 4321 contra
1174 4240 1401 4321 sanctiones
1431 4242 1647 4323 canonicas
1675 4259 1906 4350 assumptus
1938 4243 1993 4326 ad
2021 4270 2095 4334 eos,

308 4351 450 4435 fortius
479 4359 523 4438 in
551 4352 642 4439 illos
671 4350 857 4435 desaeviat
884 4355 957 4462 qui
984 4353 1311 4435 inordinatione
1340 4351 1465 4459 ipsius
1493 4367 1644 4432 statuta
1673 4380 1876 4458 canonum
1908 4383 2000 4438 non
2026 4379 2095 4434 scr·

307 4481 466 4545 rarunt.
523 4467 718 4547 Miramur
746 4482 891 4560 autem,
919 4492 1003 4544 non
1033 4462 1083 4544 de
1113 4465 1211 4562 Deo,
1242 4465 1314 4573 qui
1342 4461 1393 4543 ad
1422 4465 1715 4544 correctionem
1743 4479 1923 4546 vestram
1940 4467 2031 4576 ejus
2043 4481 2097 4569 ty·

201 4659 207 4668 ,
308 4574 520 4656 renuidem
547 4576 741 4658 hactenus
770 4572 968 4674 toleravit,
998 4603 1072 4656 nec
1101 4573 1152 4656 de
1181 4578 1283 4684 ipso,
1312 4575 1426 4683 cujus
1454 4576 1620 4684 spiritus
1649 4574 1880 4658 obstinatus
1928 4579 1982 4658 in'
2004 4571 2097 4658 malo

306 4683 456 4765 malum
498 4679 724 4784 dediscere,
754 4704 931 4766 assuetus
960 4685 1178 4796 iniquitati,
1207 4715 1292 4767 non
1321 4702 1476 4794 potest,
1494 4686 1564 4769 sed
1593 4685 1648 4768 de
1673 4685 1736 4766 his
1763 4689 1835 4796 qui
1864 4703 2096 4796 apostatam,

305 4793 552 4902 sacrilegum,
573 4793 862 4880 &nefandum
891 4797 1021 4879 adhue
1050 4798 1171 4879 etiam
1214 4796 1414 4906 sacrilegae
1456 4795 1691 4879 temeritatis
1718 4823 1818 4876 ausu
1850 4818 2097 4911 sequuntur,

305 4911 345 4988 &
373 4905 411 4988 ei
438 4904 621 5014 praebent
648 4905 840 4991 auxilium
868 4913 909 4989 8(
936 4908 1128 5008 favorem,
1157 4911 1282 4992 cuius·
1301 4906 1558 5016 tyrannidem
1587 4907 1778 5017 persequi
1792 4912 1937 5018 potius
1952 4939 2033 5022 pro
2046 4907 2097 4988 via

305 5015 419 5101 ribus
450 5014 703 5102 tenebantur.
760 5017 873 5102 Licet
901 5040 1032 5106 autem
1062 5015 1115 5104 ad
1143 5013 1409 5106 edomandam
1436 5019 1523 5128 ejus
1552 5017 1769 5104 versutiam
1796 5017 2000 5132 frequens
2027 5045 2098 5103 ma·

2124 5585 2133 5935 l
