4368 5950
792 535 855 560 -
974 517 1049 598 199
1160 489 1285 560 -'

118 710 290 794 fideliter
318 707 817 820 astatadstquatinm'jad
846 707 1028 817 predicta
1070 709 1324 818 suscipienda
1366 709 1509 792 vestris
1552 707 1907 790 exhortacionibus

117 823 261 934 populi
289 820 494 930 prepara-ti
511 815 735 931 ‘tamquam
769 821 876 904 bona
919 827 973 902 &=
1000 819 1209 902 fructifera
1227 837 1363 902 terra.
1399 847 1476 928 pro
1512 820 1710 903 uioiorum
1744 817 1907 902 tribolis
1936 797 1965 846 γ

115 935 312 1042 incipiant
339 958 478 1014 semen
502 935 729 1045 ¹germinare
761 933 970 1012 uirtutum.
1001 937 1040 1011 8(
1069 929 1166 1012 dicti
1193 932 1336 1034 fratres
1365 959 1438 1040 per
1466 934 1800 1037 cooperacionem
1835 957 1906 1014 uo·

117 1063 239 1126 stram
276 1043 451 1230 suscepti
487 1044 699 1126 ministerii
735 1070 896 1124 cursum
940 1041 1096 1124 felicius
1135 1041 1426 1126 consumando.
1469 1055 1654 1149 optatum
1696 1059 1906 1151 reportent

115 1157 180 1238 sui
204 1155 355 1236 laboris
400 1169 560 1235 ructum
589 1159 629 1234 8(
655 1155 786 1236 finem.
816 1154 987 1234 salutem
1019 1152 1208 1236 uidelicet
1223 1155 1453 1234 animarum.
1469 1154 1565 1260 quia
1580 1180 1679 1234 uero
1694 1181 1788 1261 sepe
1803 1154 1908 1234 uicis

77 1262 81 1268 ⁶
115 1267 191 1348 sub
220 1265 352 1374 speeie
379 1264 579 1346 uirtutum
608 1265 767 1346 occulte
809 1268 1041 1348 subintrant
1070 1269 1109 1344 8(
1137 1264 1288 1374 angelis
1333 1280 1471 1344 satane
1502 1264 1545 1342 in
1574 1263 1765 1371 angelum
1807 1263 1908 1344 lucis

115 1406 159 1460 se
187 1376 426 1486 plerumque
454 1377 637 1457 simulate
667 1374 939 1456 transformat.
970 1378 1222 1484 presencium
1252 1377 1369 1457 uobis
1398 1374 1905 1456 auctoritate-mandamus.

113 1489 307 1598 quatinus
337 1487 370 1566 si
399 1487 471 1594 qui
499 1486 550 1569 de
579 1485 857 1594 predictorum
887 1485 1061 1574 fratrum
1089 1484 1232 1566 ordine
1261 1513 1302 1565 se
1338 1485 1514 1566 dicentes
1543 1485 1586 1565 in
1614 1484 1798 1591 partibus
1835 1512 1909 1564 ue·
1924 1551 1940 1566 „

34 1609 39 1620 '
115 1600 208 1680 stris
249 1596 551 1706 predioauerint
588 1596 640 1676 ad
669 1615 858 1705 questum
887 1598 1166 1704 pecuniarium
1196 1624 1236 1685 se
1266 1594 1542 1676 conuertenda
1571 1623 1644 1703 per
1673 1594 1786 1704 quod
1815 1594 1909 1675 reli·

111 1711 274 1818 gionem
301 1735 441 1788 eorum
470 1708 543 1818 qui
571 1726 852 1815 paupertatem
880 1707 1048 1816 professi
1079 1726 1173 1788 sunt
1202 1709 1454 1816 contingeret
1477 1704 1672 1812 infamarj.
1702 1732 1788 1788 uos.
1805 1722 1906 1816 tam·

111 1849 233 1930 quam
262 1817 445 1902 falsarios
473 1819 641 1926 capiatis
670 1825 710 1899 8(
737 1818 1040 1928 condempnatis
1061 1817 1232 1900 eosdem.
1263 1820 1422 1899 Datum.
1451 1817 1635 1915 Viterbtr.
1667 1816 1758 1897 111⁰.
1786 1813 1908 1922 ydus.
1993 1893 1997 1900 .

16 1967 25 1986 ,
107 1929 365 2021 Nouembris.
392 1929 655 2011 Pontificatus
683 1930 813 2011 nostri
842 1934 962 2011 Anno
991 1930 1103 2010 11110.

119 2302 247 2465 (79
326 2433 328 2438 ,
389 2301 425 2478 a*
705 2297 893 2463 s1219
941 2315 990 2422 d.
1039 2355 1107 2434 22
1159 2245 1319 2452 Nou
1380 2323 1412 2430 J
1511 2401 1534 2451 „
1675 2267 1905 2423 Viterbo.

185 2539 461 2605 paramonarius
482 2537 536 2599 lll.
565 2537 618 2599 till
641 2537 779 2606 Svenslra
794 2513 1289 2620 “Prosteislopot,att'sltickliga
1312 2525 1429 2598 thanen·
1443 2535 1543 2599 borde
1565 2535 1634 2598 lrdn
1657 2537 1906 2622 Dom-Capitlen
1955 2495 1978 2533 V

242 2624 377 2704 ut'vflljos
399 2622 449 2682 for
470 2629 517 2680 att
538 2622 549 2681 i
570 2621 670 2698 Paris,
691 2620 763 2682 med
784 2620 980 2682 uteslutonde
1001 2621 1039 2681 af
1055 2622 1237 2702 Borgerliga
1257 2621 1348 2700 lagen
1368 2619 1428 2681 och
1449 2618 1787 2704 dirigeVetenslruper‚
1799 2623 1907 2684 stude-

240 2725 275 2766 re
297 2704 499 2799 Theologieu,
520 2701 651 2766 hveruti
672 2702 713 2764 de
733 2703 911 2768 sedermero
929 2703 1032 2766 slulle
1053 2703 1141 2784 gilra
1161 2704 1227 2764 sins
1246 2701 1405 2764 landsmtn
1428 2701 1660 2782 undervisning.

1451 2833 1453 2838 ’
1537 2790 1784 2892 usli-12:195.v

218 2961 222 2970 '
273 2952 395 3062 Quod
413 2951 556 3053 ‚cleriei
576 2955 732 3060 possint
759 2951 917 3054 studere
946 2956 988 3032 in
1016 2953 1219 3060 theologia
1252 2955 1326 3064 per
1355 2956 1533 3060 quinque
1553 2980 1676 3032 annos
1704 2955 1743 3031 8(
1769 2953 1903 3034 nullas

201 3105 224 3160 μ
304 3069 345 3142 in
372 3063 592 3170 legibus&
619 3063 783 3143 ecclesio
810 3069 938 3144 molor
966 3063 1079 3144 debet
1103 3067 1252 3145 'dobere
1283 3064 1484 3164 doctorem
1508 3061 1799 3170 tautologia:

254 3205 481 3305 JHouonrus
509 3204 722 3314 episcopus
749 3233 890 3285 seruus
919 3193 1128 3288 seruorum
1143 3203 1211 3314 dej
1225 3203 1526 3289 venerabilibus
1542 3194 1735 3286 fratribus
1750 3203 1904 3288 arehie-

86 3309 280 3426 piscopis
308 3321 348 3395 8(
376 3315 576 3424 episcopis
609 3332 650 3395 et
678 3313 834 3396 dilectis
863 3315 952 3398 filiis
981 3319 1124 3400 ceteris
1154 3317 1411 3399 ecclesiarum
1435 3316 1601 3421 prelatis
1636 3319 1676 3396 8(
1713 3318 1902 3426 capitulis

83 3457 166 3537 per
217 3429 406 3508 sweeiam
448 3425 695 3508 constitutis*
715 3421 882 3528 salutem
923 3433 964 3536 8(
1008 3421 1270 3538 apostolicam
1299 3424 1621 3527 benedictionem
1652 3427 1790 3536 Supep'
1813 3458 1901 3538 spe·
2021 3475 2023 3478 ·
2140 3445 2144 3448 ’

85 3542 231 3621 culam
263 3535 414 3618 domini
450 3537 543 3618 licet
561 3537 747 3632 ¹inmeriti
780 3537 999 3648 constituti.
1031 3539 1126 3636 dum
1157 3535 1705 3646 diligenter'multo'intuitu
1722 3543 1900 3624 contem·

82 3649 262 3758 plausui
278 3663 443 3758 statum
478 3643 640 3742 ecclesie
679 3647 874 3754 generalis
904 3647 1084 3742 dolemus
1112 3630 1401 3768 plurimisos&
1427 3661 1636 3757 testamur,
1666 3646 1779 3760 quod
1810 3677 1901 3729 cum

81 3758 184 3840 albe
219 3759 306 3839 sint
334 3759 518 3866 regiones
549 3757 601 3838 ad
627 3782 792 3838 messem
821 3757 1043 3865 plurimam
1064 3765 1103 3839 8(
1145 3760 1336 3868 operarii*
1362 3757 1447 3838 siue
1477 3761 1681 3869 perpauci.
1715 3757 1899 3869 plerique

80 3871 240 3982 vigiles
270 3872 342 3980 qui
373 3884 566 3958 tenentur
594 3867 797 3948 'custodire
826 3867 981 3951 domini
1008 3872 1167 3972 vineam¹
1194 3861 1400 3956 dormiunt
1423 3897 1636 3979 sompnum
1659 3897 1786 3950 suum.
1823 3897 1900 3948 nee

77 3983 253 4063 zizania
293 3980 460 4060 nimium
489 3979 764 4086 exeresoeneia
793 3977 836 4059 in
857 3982 1091 4092 manipulos
1120 3979 1171 4062 ad
1201 3977 1518 4080 comburendum
1546 3979 1900 4090 eolliguntquam'·

76 4095 151 4176 uis·
197 4120 251 4173 ea
297 4091 443 4198 iugiter
485 4087 773 4197 ,superseminet
819 4090 1009 4190 inimicus,
1046 4085 1230 4222 Cumque
1277 4088 1426 4170 lacteus
1476 4098 1530 4188 8(
1565 4089 1757 4199 paruulus'
1800 4089 1898 4170 dell·

72 4207 164 4286 ciat
197 4205 248 4283 in
278 4202 440 4310 plateis‚'
474 4203 542 4318 riq
577 4217 637 4280 est
670 4202 745 4309 qui
773 4197 933 4310 lrang'at
961 4230 1106 4312 panem
1134 4201 1318 4310 paruulis
1346 4213 1416 4279 aut
1446 4195 1898 4310 propinet'sioientibus

72 4343 244 4427 aquam
273 4311 474 4422 sapiencie
501 4310 685 4393 salutaris
714 4329 763 4410 eo
792 4311 904 4421 quo'd
940 4311 1098 4394 modica
1127 4329 1185 4393 est
1214 4313 1392 4392 interra
1421 4312 1591 4418 sciencia
1606 4308 1769 4408 domini,
1799 4317 1897 4420 quia

68 4423 264 4537 plurimi
293 4423 405 4503 velut
433 4419 616 4504 illusores
645 4419 716 4504 filii
736 4435 910 4530 'accepta
937 4451 1021 4506 non
1049 4421 1207 4504 modica
1223 4421 1417 4532 porcione
1432 4423 1658 4502 substaneie
1675 4421 1759 4518 iesu
1788 4424 1914 4526 chri·¹

67 4541 140 4620 sti.
177 4549 468 4641 comparatum
497 4534 574 4614 sibi
602 4527 652 4614 de
680 4535 769 4641 ipsa
799 4533 979 4649 siliquas.
1017 4562 1164 4618 vacuas
1193 4551 1232 4616 et
1259 4559 1434 4632 sonoras.
1473 4559 1553 4648 que
1581 4553 1666 4611 non
1695 4545 1840 4614 sanant
1855 4538 1893 4612 8(

65 4681 91 4732 a
127 4651 244 4729 uam
271 4643 468 4724 hauriunt
496 4672 588 4725 cum
616 4644 736 4723 situla
765 4647 1001 4729 samaritana
1031 4645 1081 4728 de
1108 4662 1234 4754 puteo
1262 4645 1326 4724 vel
1363 4655 1542 4744 torrente
1585 4670 1798 4752 aquarum¹
1829 4644 1893 4723 in.-

9 4777 31 4870 j
65 4682 279 4846 fidelium
308 4783 387 4868 que
416 4747 522 4836 sitim
550 4754 728 4862 idropioi'
754 4781 853 4858 ⁸non
895 4757 1077 4854 releuant
1104 4756 1174 4839 sed
1202 4753 1365 4837 irritant
1408 4753 1522 4859 tales
1539 4751 1727 4863 'equidem
1755 4751 1892 4835 ortum

58 4871 332 4956 'conclusum
348 4867 512 4948 ouinon
527 4865 793 4976 communicat
808 4866 962 4966 alienus
982 4865 1062 4949 vbi'
1081 4866 1184 4970 fons
1199 4869 1339 4948 est&
1352 4883 1498 4978 puteus
1527 4890 1723 4972 aquarum
1750 4866 1891 4945 viuen·
1967 4889 1973 4897 ’
2009 4878 2011 4882 ’
2053 4960 2056 4970 ,

60 4986 192 5066 oium
229 4977 459 5090 deserentes
488 5005 533 5060 ao
561 4971 758 5060 fodientes*
786 4969 863 5058 sibi
893 4966 1093 5064 cisternas
1124 4966 1204 5088 q'ue
1240 5004 1384 5088 aquam
1420 4973 1505 5060 non
1539 4973 1750 5086 preualent
1792 5001 1889 5062 con·
1971 5055 1975 5061 .
