4368 5950
859 435 915 464 ...
976 389 1106 507 .'¹73
1217 439 1272 466 ...

166 624 337 704 tentiam
347 613 394 702 'in
407 607 670 700 Later-ariensi
686 622 870 702 Concilio
884 619 1182 728 promulgatam
1198 618 1389 701 adversus
1403 645 1483 716 eos,
1499 621 1572 732 qui
1587 619 1818 704 Sarracenis
1833 647 1962 722 arma,
1978 655 1980 662 ⁴
2047 613 2049 618 ’

166 733 339 830 ferrum,
366 750 407 813 ct
434 733 651 839 lignamina
684 730 874 820 deferunt
897 729 1118 836 galearum,
1136 732 1291 839 quique
1304 732 1348 810 in
1361 733 1538 838 piraticis
1554 731 1865 813 Sarracenorum
1880 735 1964 815 Na·

170 845 291 949 vibus
318 869 455 924 curam
484 842 786 950 gubernationis
814 857 1021 937 exercent,
1052 865 1202 948 eosque
1237 868 1372 924 rerum
1407 869 1569 922 suarum
1604 845 1831 950 privatione
1858 843 1963 924 mul·

168 956 267 1064 tari,
295 973 337 1034 et
364 954 610 1062 capientium
639 979 794 1049 servos,
824 955 867 1031 si·
887 953 995 1060 capti
1023 949 1173 1029 hierint
1201 949 1289 1032 fore
1319 977 1534 1032 censemus.
1584 955 1872 1062 Precipientes,
1913 969 1962 1034 ut·

166 1091 242 1172 per
272 1087 413 1145 omnes
443 1064 573 1143 Vrbes
603 1066 820 1144 maritimas
848 1061 991 1144 diebus
1020 1059 1248 1159 dominicis,
1277 1077 1319 1140 ct
1347 1060 1501 1143 festivis
1533 1061 1764 1146 huiusmodi
1794 1066 1963 1145 Senten-

166 1176 224 1256 tia
268 1175 432 1283 publice
466 1165 694 1254 innovetur.
755 1176 909 1254 Verum
938 1201 1030 1254 cum
1056 1171 1179 1280 longe
1222 1172 1316 1280 plus
1331 1171 1395 1253 ·de
1438 1172 1574 1254 divina
1604 1172 1824 1271 clementia,
1839 1201 1964 1285 quam

168 1285 423 1390 debumana
452 1286 632 1390 potentia
660 1284 861 1368 confidere
899 1281 1133 1379 debeamus,
1169 1297 1333 1391 oportet
1369 1271 1444 1364 n'os
1478 1285 1521 1363 in
1555 1284 1629 1364 tali
1658 1283 1847 1365 conflictu
1879 1311 1964 1368 non

170 1413 251 1475 tam
279 1423 349 1475 cor
380 1395 560 1476 oralibus
588 1397 727 1492 armis,
764 1423 886 1505 quam
929 1393 1208 1502 spiritualibus
1251 1392 1454 1476 dimicare.
1512 1392 1691 1504 Ideoque
1733 1397 1962 1495 statuimus,

169 1521 213 1586 et
241 1424 496 1601 mandbmus,
526 1521 574 1583 ut
601 1505 768 1614 singulis
805 1505 1009 1585 mensibus
1037 1503 1157 1583 semel
1200 1503 1271 1584 fiat
1298 1504 1494 1613 generalis
1536 1505 1740 1612 processio
1782 1531 1962 1587 seorsum

166 1617 366 1712 virorum,
396 1644 444 1696 ac
471 1641 650 1696 seorsum
678 1616 751 1696 ubi
781 1617 866 1696 lieri
893 1615 1046 1729 poterit
1075 1613 1287 1694 mulierum
1316 1618 1358 1695 in
1386 1613 1611 1696 bumilitate
1625 1616 1788 1712 mentis,
1817 1631 1859 1698 et
1872 1644 1963 1697 cor·

165 1722 281 1834 poris
308 1753 402 1807 cum
431 1724 579 1806 devota
608 1727 839 1807 orationum
866 1725 1059 1807 instantia
1088 1725 1397 1832 postulantium,
1426 1742 1473 1804 ut
1501 1725 1724 1806 misericors
1753 1727 1862 1806 Deus
1890 1755 1964 1808 au·
2009 1783 2013 1788 -

167 1833 275 1916 ferat
303 1836 382 1946 boc
410 1863 434 1915 a
462 1833 582 1916 nobis
624 1836 871 1916 confusionis
917 1828 1185 1944 obprobrium
1228 1834 1438 1916 liberando
1480 1852 1629 1916 terram
1656 1833 1782 1916 ¹illam
1809 1837 1852 1916 in
1880 1863 1963 1945 qua

166 1945 367 2027 Vniversa
395 1944 698 2054 Redemptionis
726 1963 865 2028 nostre
908 1947 1161 2026 Sacramenta
1205 1950 1363 2056 peregit
1391 1945 1441 2027 de
1471 1946 1657 2026 manibus
1691 1973 1963 2054 paganorum,

98 2149 103 2170 Ι
167 2057 420 2138 restituendo
448 2084 535 2136 eam
564 2057 616 2138 ad
645 2056 825 2153 laudem,
855 2072 895 2136 et
924 2056 1094 2164 gloriam
1121 2058 1295 2136 nominis
1323 2058 1386 2137 sui
1400 2058 1526 2137 sancti
1549 2057 1704 2166 populo
1719 2056 1961 2138 Christiane.

152 2169 337 2249 ¹Proviso
364 2166 603 2275 prudenter,
631 2183 678 2246 ut
706 2195 863 2275 semper
892 2168 934 2244 in
964 2168 1049 2278 ipsa
1087 2169 1340 2274 processione
1377 2166 1545 2247 verbum
1582 2166 1787 2247 salutifere
1820 2167 1963 2250 Crucis
2026 2163 2030 2169 ’

170 2306 263 2360 cum
292 2277 478 2386 diligenti
507 2276 788 2358 exhortatione
817 2275 975 2386 populo
1004 2295 1278 2385 proponatur,
1322 2279 1499 2358 orationi
1533 2305 1630 2358 vero
1663 2279 1878 2386 jejunium,
1923 2295 1965 2359 et

166 2388 414 2471 helemosina
444 2390 764 2497 coniungantur,
793 2404 840 2466 ut
868 2389 945 2467 hiis
974 2393 1089 2496 quasi
1117 2386 1204 2465 aliis
1247 2387 1421 2483 facilius,
1458 2403 1499 2465 et
1516 2432 1517 2438 κ
1535 2387 1702 2468 celerius
1738 2389 1824 2495 ipsa
1853 2389 1964 2470 volet
2004 2455 2010 2466 .

166 2502 298 2580 oratio
327 2497 379 2578 ad
406 2499 601 2606 piissimas
630 2526 745 2578 aures
775 2500 849 2580 Dei
878 2499 1053 2609 quinos
1088 2498 1301 2578 clementer
1336 2496 1527 2579 exaudiat
1554 2498 1598 2576 in
1626 2512 1807 2606 tempore
1838 2527 1962 2606 opor·

166 2629 281 2692 tuno.
312 2610 488 2717 Singulis
516 2636 680 2719 quoque
709 2608 850 2690 diebus
879 2612 988 2690 intra
1029 2607 1239 2688 missarum
1274 2608 1466 2688 solemnia
1496 2625 1615 2715 post.
1632 2609 1742 2716 pacis
1777 2609 1962 2690 osculum

170 2749 264 2822 eum
292 2722 371 2799 iam
400 2747 477 2826 pro
505 2721 679 2826 peccatis
704 2718 863 2824 ‚mundi
906 2718 1115 2800 offerenda
1157 2718 1221 2798 vel
1261 2717 1452 2798 sumenda
1496 2735 1555 2798 est
1597 2717 1748 2814 hostia'¹
1777 2719 1963 2802 salutaris

168 2857 307 2912 omnes
321 2847 403 2910 tam
417 2832 495 2912 viri
510 2858 632 2938 quam
647 2830 833 2910 mulieres
847 2829 1051 2910 humiliter
1083 2846 1392 2938 prosternantur
1420 2827 1473 2908 ad
1487 2845 1649 2924 terram,
1677 2844 1718 2908 et
1746 2859 1769 2909 a
1798 2829 1964 2912 Clericis

167 2941 350 3023 Psahnus
379 2941 453 3020 iste
484 2943 592 3022 Deus
622 2958 821 3021 venerunt
850 2957 990 3049 gentes
1017 2942 1059 3019 in
1087 2939 1350 3020 hereditatem
1378 2943 1489 3020 tuam
1524 2940 1606 3019 alta
1636 2966 1735 3020 voce
1763 2956 1962 3040 cantetur,

167 3081 254 3161 quo
282 3079 375 3133 cum
402 3051 481 3130 hoc
509 3078 630 3131 versu
658 3049 803 3132 devote
832 3051 946 3131 finito
975 3053 1157 3158 Exurgat
1186 3051 1305 3145 Deus,
1334 3066 1374 3129 et
1405 3048 1649 3158 dissipentur
1678 3050 1827 3130 inimici
1856 3054 1960 3150 eius,

167 3181 208 3242 et
235 3163 390 3269 fugiant
418 3188 442 3238 a
470 3159 573 3242 faeie
602 3162 689 3242 eius
716 3164 788 3272 qui
816 3159 991 3242 oderunt
1021 3189 1124 3240 cum.
1162 3158 1358 3242 Sacerdos
1400 3163 1472 3269 qui
1517 3158 1695 3240 celebrat
1737 3162 1962 3242 orationem

166 3273 284 3353 istam
311 3299 432 3378 super
460 3271 587 3351 altare
616 3270 805 3353 decantet
833 3275 941 3352 Deus
970 3274 1042 3382 qui
1075 3270 1328 3350 ammirabili.
1350 3267 1605 3378 providentia
1647 3287 1793 3351 cuncta
1823 3270 1960 3380 dispo·

165 3382 232 3462 nis
261 3400 301 3462 te
330 3381 566 3490 suppliciter
593 3409 824 3480 exoramus,
853 3400 900 3462 ut
929 3399 1075 3462 terram
1105 3411 1227 3490 quam
1256 3382 1501 3489 Vnigenitus
1536 3380 1642 3460 filius
1670 3397 1764 3461 tuus
1790 3384 1960 3491 proprio

167 3494 374 3601 Sanguine
403 3487 653 3596 consecravit
681 3492 732 3574 de
760 3493 943 3604 manibqs
973 3494 1227 3572 inimicorum
1256 3493 1396 3571 Crucis
1432 3493 1622 3600 eripiens,
1659 3492 1846 3578 restituas
1875 3492 1989 3609 cul-s

51 3681 57 3691 ,
168 3605 230 3683 tui
259 3603 507 3699 Christiano,
536 3620 631 3684 vota
661 3602 840 3684 fidelium
883 3602 935 3686 ad
982 3605 1067 3683 eius
1103 3602 1382 3682 liberationem
1419 3603 1653 3682 instantium
1691 3599 1958 3682 misericordi·

167 3731 232 3794 ter
261 3711 473 3821 dirigendo
501 3715 544 3792 in
573 3715 679 3794 viam
709 3714 858 3794 Salutis
902 3730 1039 3794 eterne
1081 3740 1155 3819 per
1197 3711 1369 3792 eundem
1412 3715 1630 3792 Dominum
1672 3730 1856 3792 nostrum
1885 3728 1959 3792 etc.

166 3827 215 3905 In
245 3823 324 3904 illis
353 3838 487 3904 autem
516 3825 701 3906 Ecclesiis
730 3825 948 3934 inquibus
976 3823 1190 3904 conveniet
1219 3825 1421 3931 processio
1451 3823 1650 3930 generalis
1666 3841 1834 3903 truncus
1852 3829 1958 3902 'con-

167 3963 290 4015 cavus
319 3951 530 4031 statuatur,
561 3935 692 4014 tribus
722 3935 902 4014 clavibus
931 3931 1206 4044 consignatus,
1237 3963 1317 4012 una
1334 3942 1470 4043 'penes
1504 3933 1718 4013 honestum
1734 3931 1956 4038 Presbyte·
2046 4010 2050 4016 .

167 4075 276 4141 rum,
307 4044 382 4126 alia
411 4073 533 4152 penes
562 4045 755 4126 devotum
783 4047 947 4142 laicum,
978 4065 1019 4126 et
1047 4047 1164 4125 tertia
1193 4073 1316 4151 penes
1345 4045 1520 4153 aliquem
1557 4045 1795 4151 Regularem
1829 4040 1957 4122 fideli·

169 4174 230 4236 ter
259 4154 562 4251 conservandis,
593 4157 635 4235 in
665 4185 748 4264 quo
777 4157 940 4252 Clerici,
970 4175 1010 4236 et
1038 4156 1127 4236 laici
1156 4156 1250 4251 viri,
1286 4171 1326 4233 et
1362 4154 1548 4233 mulieres
1574 4153 1839 4233 helemosinas
1866 4181 1957 4232 suas
2048 4223 2057 4236 .
2173 4186 2183 4194 ·

167 4283 327 4376 ponant
355 4268 398 4345 in
427 4283 534 4345 terre
564 4266 706 4346 Sancte
736 4266 957 4349 subsidium
987 4265 1278 4346 convertendas
1307 4263 1528 4344 secuudum
1557 4261 1859 4372 dispositionem
1889 4270 1958 4342 ed·

167 4371 278 4473 rum,
306 4369 455 4487 quibus
482 4376 558 4456 hec
586 4376 708 4458 fuerit
737 4376 967 4458 sollicitudo
996 4379 1212 4480 commissa.
1250 4379 1378 4456 Porro
1406 4403 1528 4483 super
1550 4402 1747 4484 ¹processu
1775 4390 1814 4452 et
1845 4391 1957 4452 tran·

167 4491 248 4571 situ
278 4486 479 4616 modestox
506 4506 546 4566 et
575 4487 760 4570 ordinato
789 4517 970 4598 congruo
1000 4488 1106 4582 loco,
1137 4506 1177 4568 et
1205 4503 1385 4594 tempore
1414 4485 1598 4567 faciendo
1625 4481 1806 4563 nondum
1834 4512 1957 4591 opor·

167 4616 229 4680 tet
257 4597 410 4707 aliquid
439 4596 632 4695 diffinire,
663 4598 792 4679 donec
821 4601 1018 4683 exercitus
1048 4599 1210 4679 Domini
1238 4626 1356 4677 cruce
1386 4598 1577 4703 signetur.
1620 4592 1701 4674 Sed
1730 4611 1827 4672 tunc
1857 4622 1957 4702 pen·

168 4711 264 4792 satis
291 4706 472 4816 undique
501 4710 811 4812 circumstantiis
840 4714 1093 4821 quecumque
1122 4706 1294 4789 vidimus
1323 4723 1528 4815 oportuna
1557 4707 1607 4788 de
1636 4705 1881 4811 prudentum
1896 4705 1957 4781 vi·
2066 4791 2072 4800 ,

167 4849 310 4902 rorum
338 4821 516 4900 Consilio
544 4835 776 4902 statuemus.
821 4821 885 4902 Ad
913 4823 987 4900 hec
1016 4823 1139 4928 igitur
1181 4820 1415 4927 exequenda
1455 4815 1732 4898 Venerabilem
1775 4816 1956 4894 Fratrem

168 4930 432 5014 Ubsalensem
460 4930 817 5040 Archiepiscopum
847 4935 978 5012 virum
1007 4935 1148 5040 utique
1184 4929 1353 5037 probate
1391 4929 1611 5009 honestatis
1639 4944 1679 5007 et
1705 4923 1797 5006 fidei
1826 4925 1955 5033 depuf

168 5058 320 5140 tanam,
348 5042 422 5151 qui
450 5042 583 5124 ascitis
609 5070 742 5126 secum
758 5044 853 5124 viris
883 5040 1084 5151 providis,
1112 5061 1153 5122 et
1181 5039 1359 5118 honestis
1389 5040 1631 5146 auctoritate
1660 5051 1800 5119 nostra
1827 5051 1955 5116 stam·
