4362 5946
955 519 1033 541 ..-
1122 479 1222 563 ,300
1314 525 1389 580 3..

287 702 516 788 dictionem.
543 695 657 780 Jnter
685 710 829 782 cetera.
848 721 929 805 que
957 692 1009 776 ad
1025 707 1029 715 '
1045 695 1172 808 officij
1214 700 1346 809 nostrj
1385 703 1618 784 noscuntur
1647 697 1960 786 sollicitudinem
1987 729 2065 811 per·

274 817 415 899 ,tinere
442 809 494 891 de
521 830 628 891 terre
650 824 786 890 sancte
812 808 978 916 negotio
1005 807 1051 888 in
1078 837 1161 919 qua
1191 811 1394 894 dominus.
1410 830 1548 894 noster
1574 815 1791 895 humanam
1817 810 2069 920 dignatusest

221 963 236 1016 ,v
273 922 450 1034 operarj
465 922 631 1002 salutem
645 935 828 1001 tenemur
842 925 881 1000 8(
897 918 1083 1001 volumus
1098 923 1529 1031 specialitercogitare,
1559 926 1661 1006 Cum
1678 927 1800 1033 igitur
1824 924 1984 1004 Dilecto
1999 925 2069 1005 lilio
2105 927 2110 944 '

275 1036 479 1144 Magistro
494 1033 517 1112 J
518 1033 670 1114 ohanni
684 1030 735 1113 de
749 1030 951 1112 Placentia
965 1034 1391 1146 Acolitc&Copellano
1405 1035 1727 1147 nostro‘quedam
1742 1036 1963 1146 apostolice
1978 1035 2071 1117 sedis

274 1151 327 1236 8(
340 1145 519 1228 eiusdem
547 1160 654 1225 terre
674 1143 840 1252 negotio
869 1145 912 1225 in
937 1142 1105 1252 ¹Suethie
1123 1146 1266 1256 Regno
1281 1147 1767 1231 dracimuscomma‘ttcnda
1793 1147 2072 1236 fraternitatem

286 1273 463 1339 uestram
493 1255 544 1337 de
572 1283 653 1366 qua
682 1255 893 1363 specialem
907 1256 950 1335 in
966 1251 1130 1336 domino
1159 1254 1347 1338 fiduciam
1366 1258 1595 1338 obtinemus
1608 1278 1854 1367 rogamns‘et
1869 1267 2068 1342 monemus

257 1375 260 1381 ’
282 1385 436 1450 attente
450 1395 524 1477 per
539 1366 758 1476 apostolica
774 1367 891 1448 uobis
906 1367 1058 1474 scripta
1074 1365 1319 1448 mandantes.
1344 1371 1536 1479 quatinus
1552 1368 1662 1455 dicto
1677 1371 1870 1479 Magistro
1884 1420 1942 1436 -
1955 1412 2070 1436 —··-

283 1481 449 1562 ecclesie
477 1480 657 1559 Romane
684 1506 731 1558 ac
759 1479 876 1560 nobis
904 1479 948 1558 in
980 1479 1087 1584 ipso,
1116 1507 1237 1589 super
1266 1479 1413 1563 eisdem
1435 1480 1606 1590 negotijs
1621 1498 1790 1592 propter
1811 1484 2068 1565 reuerentiam

283 1589 465 1675 diuinam
493 1591 711 1698 apostolice
746 1589 850 1671 sedis
878 1594 918 1668 8(
946 1604 1129 1701 nostram
1160 1590 1262 1671 illud
1298 1590 1541 1700 impendatis
1576 1595 1788 1674 consilium
1816 1595 2012 1676 auxilium
2037 1601 2070 1676 8(

277 1701 477 1785 fauorem.
507 1703 614 1810 quod
625 1731 696 1783 nos
722 1717 853 1782 vestre
882 1698 1112 1783 deuotionis
1139 1702 1334 1783 affectum·
1353 1703 1498 1783 merito
1527 1704 1716 1815 prosequi
1744 1722 1927 1786 tenemur
1940 1733 1943 1740 ’
1957 1707 2070 1786 actio-

281 1817 404 1898 nibus
432 1812 663 1922 gratiarum.
692 1814 849 1917 Datum
869 1813 1056 1893 Lacerari.
1086 1816 1175 1896 1111.
1204 1816 1309 1896 Non.
1340 1814 1503 1895 Januar.
1535 1815 1796 1898 pontificatus
1825 1816 1968 1926 Nostrj
1998 1821 2070 1898 Ar.

282 1955 334 2010 no
361 1929 512 2010 Primo·
642 2005 645 2011 .

833 2063 1002 2148 Blybullan
1022 2063 1138 2146 biiuges
1156 2066 1169 2126 i
1190 2075 1233 2127 ett
1253 2063 1523 2147 segelgarnssndre.

287 2365 434 2506 310,
553 2334 574 2374 ⁷
796 2461 799 2469 .
909 2378 1059 2489 1244
1106 2359 1155 2468 d.
1203 2382 1276 2493 alr
1322 2365 1471 2470 Mars.
1751 2367 2067 2492 ¹lateran.

364 2583 454 2648 Pafv.
476 2579 672 2644 Innocmms
693 2579 765 2646 Nn
787 2583 865 2645 Bref
879 2581 929 2644 till
956 2574 1145 2644 bke-Bislo
1168 2605 1219 2662 ar,
1246 2585 1412 2668 Bislopar,
1444 2584 1586 2647 Abboter
1605 2583 1666 2648 och
1697 2565 1799 2666 dilige
1829 2586 2069 2677 Presserskapet,

348 2665 351 2677 ’
416 2663 490 2730 med
511 2664 639 2726 bcfallni
687 2675 762 2742 ,att
783 2665 833 2727 va'l
853 2673 1007 2744 emottaga
1028 2663 1089 2725 och
1110 2605 1185 2728 sola
1206 2666 1354 2730 befordra
1375 2666 1435 2729 den
1456 2667 1504 2728 till
1535 2668 1704 2730 latteriers'
1725 2669 1890 2730 unctande
1923 2676 2069 2737 imunade

415 2746 636 2811 Predikare·0
676 2767 730 2826 cn,
751 2767 824 2810 meu
843 2769 897 2809 om
918 2746 1058 2808 deremot
1079 2749 1189 2829 nigre,
1217 2761 1297 2812 tvert
1328 2760 1412 2812 emot
1434 2749 1555 2814 Ordcns
1575 2752 1689 2834 reglon
1711 2753 1925 2818 missbrukade
1946 2759 1991 2818 sin
2011 2767 2069 2819 rit·

301 2829 306 2840 '
414 2829 514 2914 n'gbct
533 2829 584 2894 fiir
604 2829 744 2914 vinnings
763 2829 861 2910 slull,
883 2829 917 2897 sa
936 2827 1035 2896 borde
1056 2828 1096 2896 de
1115 2834 1219 2918 gripes
1239 2831 1301 2897 och
1321 2832 1493 2897 besu-anas
1542 2903 1547 2914 ¹
1758 2919 1792 2972 L
1916 2921 1931 2973 5

1813 2937 1836 2972 t·
1854 2933 1878 2970 Ι.
1901 2937 1913 2974 1
1935 2959 1944 2974 ο

446 3055 715 3137 erocsnrws
745 3053 959 3162 episcopus
987 3081 1127 3134 seruus
1155 3081 1365 3137 seruorum
1401 3048 1477 3133 dei.
1524 3049 1833 3135 Venerabilrbus
1862 3053 2071 3156 fratribus,

212 3158 217 3170 ’
279 3166 605 3276 Archiepiscopis
653 3187 695 3248 et
729 3165 951 3273 Episcopis,
980 3181 1019 3244 et
1039 3165 1220 3268 ‚Dilectis
1263 3163 1354 3270 filijs
1391 3162 1637 3258 Antiatibus,
1682 3165 1906 3262 Prioribus,
1950 3168 2071 3250 Deca-

277 3276 360 3372 nis,
388 3277 717 3374 Archidiaconis‚
745 3274 1123 3384 Archipresbiteris,
1152 3275 1358 3368 Plebanis,
1389 3291 1428 3352 et
1457 3271 1546 3380 alijs
1581 3276 1839 3354 ecclesiarum
1882 3276 2070 3374 Prelatis,

163 3417 167 3425 ’
280 3385 333 3466 ad
362 3417 465 3497 quos
483 3388 615 3468 littere
630 3391 704 3469 iste
734 3387 1008 3495 peruenerint,
1039 3386 1229 3481 Salutem,
1259 3389 1298 3461 8(
1313 3382 1575 3492 apostolicam
1591 3383 1923 3466 benedictionem.
1957 3390 2071 3490 Quo·

276 3497 385 3577 niam
412 3499 667 3580 habundauit
695 3497 897 3607 iniquitas,
926 3503 966 3578 8(
995 3496 1183 3604 refriguit
1196 3497 1342 3577 caritas
1371 3494 1650 3603 plurimorum,
1678 3524 1770 3576 ecce
1792 3495 1977 3578 ordinem
2001 3501 2071 3580 Di·

277 3605 477 3714 lectorum
505 3609 680 3726 filiorum
708 3606 880 3689 fratrum
908 3607 1209 3717 predicatorum
1237 3605 1424 3687 dominus
1447 3607 1665 3688 suscitauit.
1694 3607 1766 3715 qui
1780 3635 1864 3688 non
1889 3637 1970 3718 que
1998 3638 2072 3690 sua

275 3736 337 3801 set
364 3749 445 3832 que
474 3737 567 3801 sunt
596 3719 735 3800 christi
763 3736 991 3826 querentes,
1020 3736 1103 3798 tarn
1131 3734 1272 3798 eontra
1309 3713 1578 3825 profligandas
1606 3715 1782 3813 hereses,
1822 3746 1945 3828 qnam
1975 3748 2073 3802 con-

276 3847 341 3913 tra
371 3850 502 3942 pestes
530 3831 626 3912 alias
654 3827 881 3910 mortiferas
909 3829 1167 3936 extirpandas
1185 3857 1236 3909 se
1251 3827 1491 3909 dedicarunt
1506 3828 1843 3936 euangeliqationi
1861 3829 1978 3914 uerbi
2007 3829 2074 3914 dei

275 3943 321 4023 in
349 3943 576 4025 abiectione
604 3940 835 4022 uoluntarie
865 3941 1125 4046 paupertatis.
1155 3941 1239 4020 Nos
1268 3940 1391 4046 igitur
1407 3967 1544 4018 eorum
1561 3955 1743 4019 sanctum
1759 3943 2015 4050 propositum
2030 3949 2073 4025 8(

273 4055 542 4136 necessarium
571 4052 835 4134 ministerium
864 4047 1003 4131 fauore
1032 4048 1224 4130 beniuolo
1240 4065 1532 4159 prosequentes
1548 4049 1798 4131 uniuersitati
1815 4069 1947 4134 uestre
1962 4055 2074 4164 ipsos

274 4162 495 4248 affectuose
523 4161 710 4248 duximus
739 4157 1087 4248 commendandos.
1125 4163 1329 4242 caritatem
1365 4177 1539 4240 uestram
1568 4177 1755 4268 rogantes
1784 4163 2074 4246 &exhortan-

274 4291 338 4356 tes
362 4278 406 4356 in
437 4275 602 4358 domino
630 4305 677 4368 ac
706 4302 779 4384 per
808 4271 1030 4381 apostolica
1059 4274 1176 4354 uobis
1212 4274 1363 4380 scripta
1398 4270 1643 4352 mandantes
1680 4275 1876 4382 quatinus·
1899 4274 2073 4358 dilectos

274 4382 379 4468 lilios
408 4387 554 4469 fratres
568 4451 570 4456 .
583 4383 737 4467 ordinis
765 4383 972 4466 memorati
1007 4410 1083 4490 pro
1125 4386 1350 4465 reuerentia
1393 4380 1532 4462 diuina
1561 4385 1600 4462 8(
1629 4399 1767 4464 nostra
1795 4383 1861 4478 ad.
1890 4386 2075 4468 officium

274 4497 521 4605 predicandi,
542 4495 595 4579 ad
623 4495 738 4609 quod
763 4512 859 4576 sunt
887 4523 936 4576 cx
965 4494 1216 4602 professione
1244 4494 1307 4574 sui
1344 4491 1499 4573 ordinis
1536 4491 1722 4602 deputati
1757 4494 1934 4604 benigne
1971 4501 2075 4580 reci·

274 4633 373 4716 pere
402 4609 639 4716 procuretis.
671 4635 717 4688 ac
746 4606 920 4716 populos
949 4603 1068 4684 uobis
1097 4606 1337 4699 commissos,
1367 4617 1491 4683 uter
1520 4630 1590 4684 ore
1633 4611 1814 4713 ipsorum
1857 4610 1976 4691 uerbi
2004 4608 2078 4692 dei

273 4743 411 4800 semen
439 4716 586 4802 deuote
614 4719 835 4825 suscipiant
863 4730 1146 4796 ammonentes.
1174 4716 1217 4794 i'n
1244 4716 1325 4793 suis
1352 4713 1410 4793 cis
1439 4714 1740 4796 necessitatibus
1755 4715 1979 4800 liberaliter
2006 4749 2075 4801 as·

271 4831 433 4911 sistatis.
463 4858 538 4910 nec
567 4828 791 4940 impediatis
819 4852 904 4937 quo
932 4827 1063 4906 minus
1091 4824 1151 4906 illi
1179 4826 1251 4935 qui
1279 4822 1331 4904 ad
1367 4849 1507 4906 eorum
1542 4824 1858 4934 predicationem
1893 4857 2076 4912 accesse-

88 4953 91 4964 '
211 5024 215 5030 ,
274 4941 373 5038 rint,
402 4955 501 5020 tunc
529 4968 669 5022 eorum
698 4937 975 5022 sacerdotibus
1003 4936 1164 5018 ualeant
1192 4935 1385 5017 confiteri.
1415 4937 1609 5048 quatinus
1643 4935 1697 5018 ad
1732 4939 1916 5048 predicta
1944 4929 2076 5025 susci·

270 5045 425 5164 pienda
452 5052 598 5138 uestris
624 5049 971 5136 exhortationibus
998 5049 1143 5161 populi
1170 5050 1390 5161 preparati,
1419 5065 1625 5161 tamquam
1658 5047 1768 5134 hona
1794 5078 1841 5134 ae
1853 5050 2073 5136 fructifera
