4382 5964
652 574 655 582 ’
799 527 1040 652 -163ι
1158 612 1290 634 -·

109 791 417 882 condicionibus
457 789 624 890 annexis
659 789 774 902 quod
804 787 855 873 de
883 787 1028 873 annuis
1055 788 1234 898 ipsarum
1262 785 1532 899 prouentibus
1565 787 1794 876 deducatur
1820 792 1905 900 pri·

95 923 189 990 moi
207 920 407 1018 quantum
446 899 603 1000 sufficit
625 900 679 986 ad
720 899 979 997 offerendum
1006 900 1097 1011 ipso
1125 895 1191 980 die
1220 901 1485 986 anniuersarii
1506 903 1599 987 mei
1623 899 1770 988 deinde
1796 901 1907 988 vita·

64 1039 68 1048 ·
106 1015 177 1101 riis
213 1017 285 1128 qtri
329 1013 478 1127 vigiliis
506 1029 547 1096 et
563 1013 692 1097 misse
718 1012 977 1098 interfuerint
1005 1028 1047 1093 et
1073 1010 1296 1096 scolaribus
1360 1012 1578 1124 suparibus
1606 1014 1772 1100 dimidia
1800 1041 1906 1123 mar·

105 1127 181 1212 cha
195 1125 455 1212 denariorum
473 1121 595 1208 detur
610 1126 826 1210 Canonicis
840 1124 894 1210 ad
909 1126 1126 1233 pitanciam
1138 1123 1302 1224 marcha
1344 1125 1576 1233 enariorum
1590 1133 1631 1210 et
1646 1125 1812 1211 decano.
1826 1123 1905 1208 sub

103 1239 218 1322 cuius
245 1238 509 1323 ordinacione
537 1233 647 1320 dicta
660 1235 770 1322 bona
785 1265 871 1322 csse
898 1234 1004 1319 volo.
1033 1261 1111 1348 pro
1129 1233 1269 1319 labore
1283 1263 1369 1319 suo.
1398 1237 1559 1320 marcha
1575 1236 1838 1324 denariorum
1852 1239 1904 1320 si·

103 1350 252 1437 militer
294 1349 524 1462 deponetur
557 1347 766 1434 residuum
796 1376 895 1434 vero
924 1346 1031 1454 inter
1058 1347 1276 1430 cononicus
1303 1362 1384 1428 tam
1418 1347 1641 1433 residentes
1669 1377 1793 1462 quam
1821 1374 1905 1433 non

102 1461 335 1546 residentes.
374 1464 447 1574 qui
489 1459 635 1574 vigiliis
664 1479 706 1546 et
732 1463 849 1546 misse
878 1455 1150 1542 interfuerint.
1186 1457 1395 1576 diuidatur
1422 1460 1526 1544 Jtem
1553 1459 1607 1545 ad
1628 1461 1755 1546 altare
1782 1461 1904 1544 beate
1973 1546 1977 1552 ,

103 1573 274 1686 virginis
300 1573 343 1655 in
371 1573 537 1658 ecclesia
568 1593 801 1658 memorata.
829 1572 921 1683 lego
949 1571 1102 1653 curiam
1115 1596 1244 1652 meam
1272 1571 1326 1652 in·
1343 1567 1594 1680 birkaeryth.
1624 1599 1716 1656 cum
1744 1575 1919 1657 estimo·-

81 1685 232 1784 soione.
269 1685 385 1767 silua.
412 1699 456 1766 et
484 1683 676 1780 omnibus
703 1685 966 1796 pertinenciis
993 1683 1076 1766 suis
1104 1684 1210 1763 Jtem
1237 1683 1335 1795 quia
1363 1683 1602 1770 venerabilis
1660 1704 1746 1768 ater
1773 1685 1904 1770 domi·

105 1791 183 1880 nus
223 1793 436 1904 johannes*
460 1794 668 1880 lundensis
708 1795 1035 1906 archiepiscopus
1083 1811 1243 1879 tenetur
1284 1791 1382 1879 mihi
1421 1794 1566 1904 viginti
1637 1823 1710 1890 uas
1749 1821 1904 1880 mareas

104 1909 262 2019 argenti
290 1908 397 2017 puri.
431 1909 536 1990 sicut
564 1909 608 1988 in
635 1909 718 1992 suis
745 1906 983 2020 patentibus
1018 1905 1162 1989 litteris
1190 1905 1433 1989 continetur.
1481 1905 1742 1990 medietatem
1779 1908 1903 1990 huius

1 2081 5 2088 -
103 2020 277 2130 pecunie
304 2019 397 2129 lego
425 2019 692 2129 episcopatui.
728 2036 770 2102 et
798 2019 852 2103 de
878 2017 1107 2100 medietate·
1123 2017 1251 2127 partis
1277 2015 1449 2102 residue.
1479 2012 1644 2104 confero
1675 2035 1785 2102 terre
1810 2039 1937 2102 san··

102 2145 167 2214 cte
194 2149 289 2216 octo
316 2129 502 2222 marchas
521 2155 627 2242 pura
646 2148 697 2214 et
730 2130 899 2215 domino
912 2127 1074 2211 nicolao
1102 2125 1331 2233 bassabaeck
1344 2131 1618 2214 concanonico
1633 2158 1721 2213 meo
1749 2143 1791 2212 et
1805 2157 1905 2213 con·
1987 2179 1994 2194 =
2053 2140 2063 2212 ἰ

99 2242 214 2326 socio
243 2255 325 2324 tres
353 2240 536 2326 marchas
566 2240 674 2372 :puri
714 2244 818 2324 Jtem
860 2239 1055 2352 predicto
1080 2241 1344 2369 episcopatui.
1392 2241 1558 2324 racione
1584 2239 1791 2324 bonorum
1817 2241 1904 2334 eius
1978 2260 1982 2272 '
2023 2314 2027 2328 ,

74 2369 191 2466 'que
205 2348 284 2436 diu
312 2351 534 2436 habueram
562 2370 669 2450 mter
696 2381 840 2436 manus
874 2353 966 2461 lego
995 2354 1131 2434 omnia
1158 2367 1200 2436 et
1227 2349 1387 2461 singula
1416 2379 1497 2463 que
1518 2350 1707 2483 possideo
1733 2357 1777 2434 in
1804 2352 1902 2434 wir·
2043 2361 2080 2430 ’.

101 2463 222 2575 liugn
268 2465 372 2575 Jtem
416 2462 470 2556 ad
509 2481 771 2574 augmentum
814 2462 1048 2548 reddituum
1082 2461 1134 2546 de
1174 2462 1441 2573 howesthorp
1489 2490 1563 2575 qu1
1604 2481 1700 2548 sunt
1727 2462 1781 2546 ad
1807 2491 1903 2548 vsus

101 2599 327 2688 pauperum
355 2574 572 2661 scolarium
616 2573 813 2688 deputati.
865 2573 1029 2658 confero
1063 2574 1172 2657 bona
1200 2575 1244 2656 in
1261 2596 1263 2604 ’
1278 2571 1446 2684 treoghe
1488 2603 1570 2686 que
1596 2575 1673 2658 emi
1701 2574 1753 2659 de
1780 2572 1903 2657 olauo

55 2699 59 2704 ’
102 2685 216 2771 dicto
243 2685 347 2771 wale
375 2715 452 2798 pro
480 2703 644 2774 eentum
676 2689 751 2770 XL
780 2688 926 2770 marcis
968 2684 1229 2770 denariorum
1262 2685 1373 2766 bona
1414 2686 1583 2798 insuper
1617 2689 1661 2769 in
1688 2687 1903 2799 saeresleph
1952 2727 1960 2738 ’

35 2831 39 2844 ·
102 2826 185 2910 que
213 2799 293 2882 emi
309 2824 400 2907 ¹pro
430 2798 504 2887 XL
532 2799 705 2885 marchis
746 2800 895 2883 vsualis
922 2815 1095 2882 monete.
1130 2796 1181 2879 de
1203 2794 1370 2880 domino
1384 2797 1533 2908 stigoto
1569 2798 1777 2911 quondam
1804 2825 1901 2883 con·
1967 2849 1970 2856 ,

102 2912 302 2994 canonico
332 2935 434 2994 uteo.
463 2919 612 3000 terram
646 2912 772 2995 eciam
807 2939 930 3022 quam
958 2913 1035 2992 emi
1062 2908 1215 2992 ibidem
1243 2938 1320 3018 pro
1347 2909 1470 2992 XIIII
1499 2911 1670 3004 marchis
1711 2909 1900 2993 denario-

102 3049 195 3104 rum
232 3022 448 3133 Equiciunr
492 3049 660 3135 quoquc
687 3051 821 3106 meum
848 3020 962 3136 quod
989 3022 1120 3104 habeo
1154 3022 1199 3106 in
1234 3019 1345 3108 dieto
1385 3019 1665 3132 howesthorp.
1697 3019 1902 3131 predictis

11 3149 17 3157 '
99 3130 244 3216 adicio.
278 3149 325 3214 vt
352 3133 527 3244 proinde
554 3133 648 3244 plus
675 3132 870 3225 mercedis
898 3151 939 3216 et
967 3135 1123 3246 premii.
1159 3139 1326 3215 merear'
1341 3129 1450 3242 apud
1493 3131 1615 3215 deum
1666 3135 1776 3224 item,
1798 3157 1917 3242 qua··
2051 3133 2055 3140 ’

99 3239 286 3326 drentem
313 3260 432 3328 terre¹
457 3273 580 3357 quam
608 3245 741 3330 habeo
768 3247 812 3330 in
839 3243 1112 3356 wighethorp.
1142 3273 1235 3328 cum
1263 3245 1460 3357 pomerio.
1488 3245 1560 3329 vbi
1580 3244 1732 3348 residet
1756 3254 1901 3328 conra-
1957 3255 1962 3260 “

92 3353 179 3471 'dus
215 3355 309 3466 lego
337 3356 401 3440 ad·
424 3383 600 3442 mensam
643 3359 859 3468 presbiteri
887 3360 933 3440 in
959 3355 1151 3465 hdrtystee
1177 3357 1255 3439 sub
1283 3357 1359 3438 hac
1394 3353 1535 3442 forma.
1577 3375 1623 3440 vt
1650 3363 1762 3438 omni
1790 3382 1900 3438 anno

45 3497 51 3507 ’
97 3483 234 3550 teneat
254 3526 258 3541 .
275 3467 597 3550 anniuersarium
639 3473 778 3554 matms
828 3497 915 3552 mee
956 3470 1109 3551 scilicet
1150 3468 1194 3549 in
1232 3467 1392 3578 vigiliis.
1433 3468 1553 3550 missa
1593 3487 1635 3552 et
1675 3462 1898 3556 offerenda.
1990 3461 2020 3569 Ἰ
2120 3539 2122 3546 ,

97 3581 200 3662 Jtem
229 3598 379 3665 terram
419 3607 544 3692 quam
586 3580 721 3668 habeo
735 3584 792 3664 in
820 3581 1029 3688 berhingae
1070 3578 1236 3664 confero
1278 3605 1413 3662 mense
1454 3567 1672 3689 presbiteri
1698 3581 1743 3660 in
1770 3575 1900 3662 saxel-

95 3689 224 3798 torph
257 3692 364 3772 Jtem
404 3707 561 3801 septem
600 3692 713 3774 festis
740 3693 785 3774 in
813 3693 940 3776 choro
968 3690 1158 3777 lundensi
1205 3719 1296 3802 per·
1315 3689 1524 3774 dominum
1551 3691 1743 3801 jacobum
1784 3689 1900 3771 insti·

94 3803 207 3885 tutis.
244 3831 267 3884 a
298 3829 410 3911 pono
451 3818 602 3886 terram
630 3805 675 3886 in
704 3803 873 3915 billinge
900 3832 993 3886 eum
1022 3803 1276 3886 estimacione
1303 3818 1345 3884 et
1373 3800 1561 3886 domibus
1588 3801 1758 3908 ibidem.
1774 3828 1898 3912 quam

96 3912 224 3997 habui
279 3914 528 4000 easmundo
564 3941 638 4024 per
681 3916 1046 4005 commutacionem
1071 3931 1179 3996 terre
1207 3916 1252 3998 in
1279 3913 1383 4024 raby
1402 3912 1503 3997 litle.
1542 3915 1649 3996 Jtem
1675 3912 1899 3996 branthooi
1929 4007 1931 4012 y

7 4115 9 4120 ,
54 4063 56 4066 ’
99 4025 281 4111 diacono
311 4025 461 4114 elerico
502 4053 603 4118 meo.
641 4030 795 4111 curiam
822 4055 952 4116 meam
979 4030 1023 4109 in
1050 4025 1308 4136 loehothorp.
1344 4053 1437 4109 cum
1462 4023 1597 4108 medio
1613 4051 1750 4109 manso
1778 4040 1899 4106 terre.

98 4137 356 4222 estimacione
384 4155 427 4222 et
451 4135 646 4228 domibus
673 4156 714 4222 et
743 4143 888 4226 ceteris
953 4141 1181 4221 ertinenciis
1209 4141 1301 4222 suis.
1330 4154 1371 4220 et
1397 4137 1526 4245 pratis
1553 4135 1599 4218 in
1625 4133 1896 4231 winterhothe

96 4277 222 4360 quam
247 4249 437 4342 videlicet
478 4251 632 4336 curiam
660 4253 740 4334 emi
787 4251 838 4333 de
878 4168 1015 4334 viihne
1057 4249 1284 4362 guretbs'un
1326 4249 1370 4328 in
1411 4275 1493 4357 qua
1528 4247 1678 4332 residet
1704 4247 1898 4334 hanutus

71 4363 189 4470 -lego
216 4361 305 4443 iure
333 4379 533 4472 perpetuo
560 4361 855 4470 possidendam.
882 4366 987 4446 Jtcm
1014 4363 1165 4446 andree
1192 4359 1366 4443 diacono
1396 4357 1548 4442 librum
1583 4359 1824 4443 decretalem
1853 4373 1929 4458 et

11 4519 16 4526 ,
97 4471 253 4555 curiam
281 4499 408 4556 uteam
450 4473 495 4556 in
521 4472 707 4585 vlfstorp.
742 4501 834 4556 cum
869 4476 1126 4558 estimacione
1154 4490 1196 4556 et
1215 4471 1366 4554 ‘ceteris
1401 4468 1531 4554 eidem
1571 4474 1683 4562 curie
1710 4470 1896 4553 adiacen-

96 4581 209 4665 tibus
234 4583 342 4663 Jtcm
369 4577 547 4664 Curiam
562 4611 693 4667 meam
721 4586 764 4667 io
789 4585 898 4668 bara
940 4589 984 4670 in
1011 4614 1094 4696 qua
1122 4581 1274 4666 residet
1313 4575 1611 4666 eskillus'cum
1638 4583 1896 4666 estimacione

96 4712 140 4777 et
165 4707 275 4775 terra
305 4691 521 4775 adiacente.
548 4695 640 4804 lego
668 4697 828 4778 nicolao
856 4696 967 4780 dicto
997 4695 1077 4779 bels
1113 4696 1217 4776 Jtcm
1246 4692 1412 4776 domino
1444 4692 1569 4777 thord
1611 4695 1734 4780 thaat.
1760 4719 1894 4775 meum
1977 4711 2009 4772 .'

96 4805 205 4901 Idem
220 4803 314 4886 cuni
335 4805 511 4884 tentorio
540 4821 582 4886 et
610 4808 735 4888 eciam
751 4807 980 4890 summario.
996 4807 1156 4888 valente
1171 4804 1224 4886 ad
1237 4807 1370 4914 minus
1383 4804 1423 4886 X
1437 4807 1621 4888 marchas
1635 4805 1895 4887 denariorum
2108 4885 2112 4894 ,

2 4977 7 4986 .
94 4918 203 4999 Item
229 4943 377 5024 magno
411 4912 522 4997 'dieto
550 4929 631 4994 aest.
668 4936 851 5026 cognato,
885 4947 985 5001 meo.
1022 4919 1225 5029 equicium
1259 4943 1390 4999 meum
1448 4914 1533 5000 uod
1573 4917 1706 5000 babeo
1733 4918 1778 4998 in
1805 4922 1895 4996 sax·
1937 4991 1942 4998 ,
2078 4977 2090 4996 ,

29 5065 33 5070 ·
94 5028 222 5137 thorp
250 5027 463 5109 Fratribus
496 5023 824 5137 predicatorihus
837 5027 994 5113 Lundis
1018 5031 1202 5140 quinque
1215 4946 1451 5110 marchas}

93 5137 321 5222 minoribus
350 5135 500 5222 iiridem
533 5137 714 5249 quinque
742 5165 897 5224 marcas
932 5139 1121 5224 Claustro
1154 5137 1517 5225 sanctimonialium
1545 5139 1682 5225 lundis
1723 5141 1762 5223 ΙΙ
1788 5166 1894 5223 mar·

1453 5029 1685 5113 enariorum
1698 5028 1894 5111 fratribus
1964 5115 1970 5120 ,
2090 5067 2092 5075 ·
