4370 5950
811 640 870 662 ...
983 601 1058 700 139
1167 585 1229 664 ni

1 839 7 850 ·
117 836 187 890 um
217 811 433 916 generalis,
462 797 773 893 munimen'suae
802 815 1064 921 protectionis
1092 813 1295 918 indulget,
1323 818 1364 894 &
1390 803 1524 898 fideles
1553 815 1607 899 ad
1634 793 1918 903 defensionem·

116 945 258 1000 eorum
291 921 522 1002 salubribus
551 923 713 1002 monitis
741 923 997 1024 exhortatur,
1027 951 1079 1004 ne
1108 927 1141 1004 si
1169 951 1300 1032 nuper
1333 930 1535 1007 conversis
1567 946 1755 1036 negatum
1783 929 1906 1010 fuerit

116 1027 363 1111 defensionis
390 1031 601 1128 auxilium,
630 1032 691 1112 vel
720 1033 762 1112 in
791 1035 941 1142 primos
970 1051 1226 1113 revertantur
1253 1062 1428 1133 errores,
1464 1037 1529 1114 vel
1557 1063 1624 1116 eos
1651 1039 1790 1116 saltem
1818 1063 1904 1145 pos·

116 1140 247 1220 niteat
275 1139 500 1221 credidisse.
547 1144 783 1248 Accepimus
824 1145 928 1222 enim
956 1142 1067 1252 quod
1097 1171 1187 1224 eum
1216 1146 1332 1224 bonae
1373 1147 1571 1226 memoriae
1598 1145 1650 1224 Μ.
1682 1148 1914 1255 Episcopus⁴

70 1343 75 1350 ,
115 1248 369 1354 Livoniensis
398 1249 535 1330 fuisset
563 1253 811 1358 provinciam
848 1254 1128 1333 Livoniensem
1170 1255 1388 1360 ingressus,
1417 1257 1460 1335 in
1488 1255 1613 1336 verbo
1654 1255 1817 1334 Domini
1846 1259 1903 1336 la·

116 1383 219 1438 xans
245 1358 540 1465 praedicationis
568 1387 648 1440 suae
675 1362 774 1441 retia
801 1363 844 1440 in
873 1377 1098 1469 capturam,
1137 1363 1243 1441 inter
1275 1366 1448 1472 populos
1477 1364 1689 1459 barbaros,
1731 1367 1803 1472 qui
1829 1365 1903 1443 ho-

116 1493 258 1546 norem
289 1472 376 1550 Deo
392 1465 585 1549 ¹debitum
614 1470 852 1550 animalibus
881 1469 1026 1565 brutis,
1055 1471 1267 1551 arboribus
1301 1472 1522 1569 frondosis,
1565 1475 1681 1581 aquis
1709 1472 1902 1580 limpidis,-

117 1569 345 1684 r'irentibus
372 1577 529 1676 herbis,
557 1585 596 1659 &
623 1581 830 1687 spiritibus
844 1581 1056 1660 immundis
1071 1581 1327 1687 impendunt,
1360 1609 1487 1692 usque
1500 1580 1604 1661 adeo
1616 1584 1790 1662 Domino
1805 1609 1901 1662 con-

117 1683 288 1768 cedente
317 1687 508 1793 profecit,
537 1705 584 1767 ut
611 1689 759 1769 multos
788 1717 811 1766 a
838 1690 920 1766 suis
952 1689 1158 1769 erroribus
1178 1707 1386 1771 revocatos
1407 1693 1723 1800 adagnitionem
1751 1690 1901 1800 perdu-

116 1809 226 1876 ceret
253 1797 454 1894 veritatis,
482 1814 523 1876 et
551 1800 654 1877 sacri
682 1798 933 1905 baptismatis
976 1797 1093 1886 unda*
1114 1816 1296 1896 renatos,
1338 1800 1533 1881 doctrinis
1568 1801 1812 1879 salutaribus
1839 1802 1914 1880 inw

115 1905 320 1985 formaret.
379 1907 531 1987 Verum
559 1909 742 1986 inimicus
770 1907 907 2000 homo,
938 1911 1014 2014 qui·
1037 1924 1228 2016 tanquam·
1257 1911 1321 1990 leo
1348 1911 1522 2016 rugiens,
1539 1911 1683 1991 circuit
1716 1935 1901 2017 quaerens

115 2041 237 2124 quem
265 2013 452 2110 devoret,
482 2015 665 2097 invidens
694 2017 945 2095 conversioni
988 2043 1127 2096 eorum
1155 2020 1307 2124 pariter
1335 2023 1374 2097 ὃς
1402 2020 1540 2113 saluti,
1584 2020 1903 2124 persecutionem

115 2125 818 2234 paganorum,circumadjacentium
847 2126 888 2202 in
917 2153 985 2204 eos
1014 2126 1164 2233 iniquis
1191 2127 1520 2235 suggestionibus
1542 2128 1749 2220 excitavit,
1786 2127 1900 2232 cupi·

115 2237 270 2312 entium
299 2259 366 2311 eos
396 2232 529 2314 delere
557 2234 607 2314 de
636 2251 762 2328 terra,
792 2239 831 2310 ἃ
861 2231 912 2311 de
940 2233 1226 2339 partibusillis
1250 2239 1466 2316 Christiani
1480 2229 1653 2316 nominis
1669 2237 1899 2314 memoriam

113 2341 290 2422 abolere.
335 2344 395 2422 Ne
423 2345 546 2451 igitur
573 2361 719 2427 nostrae
746 2343 999 2448 negligentiae
1041 2344 1171 2421 valeat
1190 2371 1195 2382 ·
1214 2346 1403 2449 imputari
1422 2347 1464 2421 ·si
1492 2345 1533 2423 hi
1562 2346 1633 2452 qui
1662 2344 1741 2450 jam
1770 2341 1899 2422 credi·

112 2449 284 2545 derunt,
315 2467 425 2529 retro
459 2471 654 2559 cogantur
683 2452 810 2545 abire,
841 2477 916 2530 nec
944 2470 1182 2558 praesumant
1210 2454 1335 2560 aliqui
1363 2453 1481 2532 fidem
1504 2469 1680 2531 nostram
1708 2454 1898 2558 recipere,

111 2561 145 2639 si
174 2561 237 2638 illi
264 2561 336 2666 qui
364 2559 443 2666 jam
481 2577 739 2669 receperunt,
771 2589 793 2638 a
822 2587 1071 2666 paganorum
1108 2562 1333 2640 incursibus
1375 2562 1638 2643 remanserint
1679 2559 1874 2638 indefensi
1885 2588 1900 2662 ;ι

111 2667 415 2748 universitatem
444 2690 614 2751 vestram
644 2693 849 2748 monemus
878 2673 917 2746 &
946 2670 1203 2749 exhortamur
1231 2673 1441 2767 attentius,
1469 2673 1512 2749 in
1541 2671 1811 2753 remissionem
1825 2695 1896 2748 vo·

111 2777 173 2858 bis
204 2784 479 2886 peccaminum
507 2778 783 2886 injungentes,
811 2792 1008 2886 quatenus
1037 2784 1113 2859 nisi
1141 2781 1288 2887 pagani
1316 2782 1423 2859 circa
1453 2779 1742 2858 Livoniensem·
1760 2777 1897 2856 Eccle-

108 2889 212 2966 siam
242 2881 453 2968 cobstituti
481 2917 570 2968 cum
594 2889 828 2984 Christianis
855 2903 1016 2994 treugas
1043 2891 1143 2978 inire
1172 2889 1393 2983 voluerint,
1422 2895 1467 2967 &2
1489 2890 1608 2970 initas
1624 2883 1895 2978 observarint,

110 2995 163 3076 ad
193 2995 466 3077 defensionem
494 2997 809 3077 Christianorum
836 2998 1031 3103 quisunt
1059 3001 1101 3076 in
1131 2999 1313 3103 partibus
1341 2997 1418 3077 illis
1445 3013 1633 3104 potenter
1662 3002 1700 3076 &
1726 2993 1896 3072 viriliter

108 3107 151 3187 in
181 3107 349 3184 nomine
367 3107 452 3185 'Dei
479 3105 726 3186 exercituum
754 3103 980 3212 assurgatis.
1009 3107 1091 3184 Nos
1120 3122 1253 3185 autem
1281 3106 1466 3186 omnibus
1481 3104 1531 3184 de
1545 3097 1728 3212 partibus
1755 3103 1897 3182 vestris
2013 3184 2020 3203 ,
2119 3157 2122 3168 ·

108 3215 185 3323 qui
222 3232 453 3296 sanctorum
481 3216 617 3294 limina
648 3216 810 3296 visitare
842 3229 1059 3310 voverunt,
1096 3217 1349 3321 praesentium
1375 3216 1613 3296 auctoritate
1641 3209 1897 3292 concedimus

107 3339 155 3404 ut
185 3325 232 3403 in
261 3327 345 3403 voti
371 3326 684 3404 commutatione
715 3324 863 3418 emissi,
892 3324 935 3400 in
963 3322 1233 3404 defensionem
1261 3325 1510 3403 Livoniensis
1529 3321 1714 3402 Ecclesiae
1729 3318 1780 3399 ad
1802 3347 1896 3426 par-

105 3447 168 3513 tes
197 3433 291 3512 illas
319 3462 395 3540 pro
423 3435 646 3514 reverentia
675 3433 845 3512 nominis
870 3432 1092 3540 ,Christiani
1128 3431 1360 3539 procedant.
1416 3434 1566 3513 Omnes
1606 3429 1803 3538 siquidem
1824 3430 1897 3537 qui

104 3539 161 3622 ad
192 3540 487 3624 defendendam
515 3543 796 3622 Livoniensem
825 3541 1109 3620 Ecclesiam&
1138 3542 1384 3622 Christianos
1412 3540 1559 3650 inillis
1588 3539 1771 3645 partibus
1799 3563 1896 3616 con·

104 3639 280 3730 stitutds
307 3651 447 3734 divino
476 3651 561 3731 zelo
590 3651 769 3731 succensi
798 3650 988 3730 duxerint
1021 3649 1329 3745 transeundum,
1371 3650 1446 3729 sub
1486 3647 1593 3728 beati
1621 3648 1729 3726 Petri
1757 3651 1795 3726 a
1821 3671 1894 3723 no-

98 3776 193 3856 stra
225 3764 482 3870 protectione
511 3761 760 3867 suscipimus,
790 3763 830 3837 &
857 3759 914 3837 eis
943 3759 1151 3866 apostolici
1178 3759 1395 3868 patrocinij
1437 3757 1675 3838 beneficium
1715 3754 1895 3861 imperti·

101 3889 211 3952 mur.
272 3871 420 3951 Datum
448 3871 638 3949 Laterani
666 3870 725 3949 Ill
753 3869 891 3948 Nonas
919 3868 1120 3948 Octobris.

283 3981 336 4062 In
361 3981 523 4060 eundem
550 3980 706 4075 modum
746 3983 940 4059 universa
975 3978 1125 4058 Christi
1158 3978 1350 4086 fidelibus
1383 3981 1424 4056 iu
1452 3975 1619 4058 Solacia
1660 3973 1897 4054 constitutis.
1971 3975 1974 3982 ’

103 4091 159 4170 In
188 4091 359 4172 eundem
391 4091 549 4172 modum
576 4093 772 4172 universis
800 4087 952 4170 Christi
961 4087 1158 4194 ‘fidelibus
1184 4107 1298 4170 trans
1326 4087 1486 4170 Albium
1512 4088 1741 4198 constitutis

114 4247 255 4348 115.
930 4277 1097 4346 1200.
1224 4259 1226 4266 ’

89 4391 94 4400 ’
191 4393 334 4473 Kooung
354 4392 495 4455 Susanna
518 4395 571 4454 tls
592 4393 682 4474 gdfva
703 4393 741 4454 af
756 4377 932 4453 hemmanet
958 4391 1067 4474 Sunby
1088 4391 1128 4475 pt
1150 4391 1279 4453 blunsiin
1313 4389 1360 4450 till
1381 4369 1484 4471 gemla
1513 4386 1630 4471 Upsala
1659 4381 1775 4466 lryrlra,
1811 4380 1898 4442 fistet
2014 4415 2018 4424 ι

250 4474 344 4534 deraf
359 4475 439 4535 dock
460 4476 509 4538 fiir
530 4476 624 4537 Alsuii
642 4473 830 4556 Kungsgbrd
850 4472 1006 4552 behtllen
1028 4481 1106 4534 sumt
1127 4473 1175 4534 till
1194 4472 1373 4534 Kanilerne
1402 4469 1555 4532 dersttdcs
1576 4469 1614 4529 af
1628 4465 1806 4528 hemmoni
1826 4462 1897 4542 Up-

251 4557 332 4632 sala,
363 4557 539 4637 Gor-ratung
559 4555 620 4620 och
646 4557 876 4640 Scarpaloster3
907 4553 978 4616 med
1010 4555 1177 4618 srikallelse
1208 4555 1258 4616 lb'r
1287 4553 1518 4634 Prosterslapet
1549 4549 1619 4612 frfn
1648 4546 1831 4626 intamning
1850 4543 1898 4608 till

249 4637 396 4718 verldslig
417 4637 547 4700 domstol
568 4637 629 4700 och
650 4639 719 4700 frio
741 4635 997 4719 erlaggandetaf
1011 4637 1074 4699 alla
1094 4635 1208 4719 Kongl.
1228 4633 1395 4717 utslplder.
1477 4721 1481 4734 ι
1560 4713 1628 4779 Μ
1656 4725 1672 4762 Ι
1700 4723 1723 4761 n
1743 4705 1805 4762 h,
1854 4727 1858 4736 ¹

98 4905 104 4917 ,
282 4817 328 4895 In
356 4816 517 4896 nomine
559 4817 693 4898 sancte
738 4822 779 4896 δι
820 4815 1030 4897 indiuidua
1078 4815 1269 4895 trinitatis
1309 4813 1449 4891 Amen.
1490 4808 1624 4888 karuli
1664 4809 1768 4915 regis
1795 4803 1900 4886 filius
2005 4905 2014 4914 ³

98 4923 382 5011 ⁸swmtcrrsntts
411 4926 475 5004 dei
504 4928 635 5032 gratia
662 4927 735 5006 'rex
763 4951 954 5008 sueorum
968 4941 1048 5004 tam
1066 4924 1235 5030 posteris
1263 4949 1383 5030 quam
1411 4945 1520 4997 nunc
1542 4915 1780 5024 degentibus
1808 4939 1899 4992 san·

97 5053 167 5118 cte
200 5035 348 5113 matris
377 5033 541 5114 ecclesie
568 5034 659 5114 filiis
687 5036 730 5112 in
750 5061 857 5113 uero
886 5035 1052 5114 salutari
1079 5033 1258 5132 salutem,
1288 5029 1490 5132 Quoniam
1510 5027 1698 5110 memoria
1725 5025 1901 5103 humana

98 5144 247 5228 labilis
278 5158 346 5222 est.
379 5144 537 5252 scriptis
565 5171 614 5225 ca
640 5169 721 5253 que
748 5137 799 5221 de
827 5145 1015 5223 memoria
1044 5139 1126 5222 labi
1163 5166 1249 5220 non
1289 5135 1440 5220 debent
1475 5133 1753 5234 commendare
1776 5153 1901 5240 ‘opor-
