4362 5946
777 410 850 512 ¹¹-
963 451 1042 534 303
1156 485 1211 558 7·-

112 663 208 752 r'ent.
250 669 417 752 'Uerum
444 669 541 779 quia
583 669 946 777 postmodum—‘per
979 670 1189 778 <praedam-
1211 669 1308 755 alias
1350 669 1504 752 litteras
1534 671 1652 754 uobis
1681 687 1723 754 ct
1749 676 1899 768 eisdem

86 779 296 862 ,fratribus
343 779 564 862 districtius
592 779 780 863 duximus
810 779 1087 862 inhibendum.
1124 808 1175 860 ne
1205 796 1299 860 ante
1327 807 1479 861 annum
1514 785 1769 890 probationis
1813 785 1896 870 ela·

109 905 219 1002 psum
247 893 318 1002 qui
346 908 407 973 est
431 894 606 973 mxime
635 894 680 972 in
707 889 932 972 subsidium
957 889 1190 1004 fragilitatis
1225 891 1401 972 humane
1414 893 1655 1001 regulariter
1672 897 1895 997 institutus,

108 1031 344 1114 quemquam
374 1001 425 1084 ad
453 1003 744 1114 professionem
772 999 1003 1085 uestrorum
1031 1003 1223 1086 ordinum
1252 1004 1538 1112 presumeretis
1551 1007 1829 1116 reciperaseu
1843 1010 1897 1093 ad

106 1116 457 1212 renunciationem,
486 1114 612 1196 seculi
628 1113 865 1210 faciendam,
895 1141 969 1195 nec
997 1117 1263 1196 constitutum
1291 1116 1334 1194 in
1348 1114 1592 1222 probatione
1607 1121 1809 1201 nouitium
1823 1121 1897 1202 ali-

106 1242 298 1338 quatenus
313 1226 520 1335 impedire.
548 1227 767 1336 quominus
800 1225 907 1306 infra
936 1225 1111 1307 eundem
1139 1253 1291 1308 annum
1320 1223 1574 1334 probationis
1602 1227 1655 1310 ad
1683 1229 1804 1312 aliam
1831 1261 1897 1315 re·

106 1338 292 1446 ligionem
320 1367 442 1447 qnam
470 1336 619 1436 mallet,
647 1337 839 1419 transiret
879 1339 985 1418 sicut
1027 1337 1178 1420 desua
1220 1333 1459 1447 procedeoet
1501 1337 1629 1421 libera
1672 1341 1896 1433 uoluntate.

105 1477 184 1530 non
212 1447 468 1531 obstantibus
496 1467 646 1531 statuto
675 1451 882 1530 contrario
914 1447 1060 1558 siquod
1079 1478 1105 1530 a
1135 1450 1252 1531 uobis
1281 1465 1384 1530 essct
1411 1446 1577 1547 editum,
1609 1452 1722 1562 qnod
1736 1455 1897 1536 irritum

105 1559 355 1642 decreuimus
384 1579 424 1642 et
452 1557 588 1658 inane,
617 1561 682 1641 uel
711 1559 913 1669 aliquibus
941 1561 1085 1642 litteris
1119 1588 1144 1639 a
1171 1558 1266 1641 sede
1308 1559 1531 1670 apostoliea
1561 1563 1794 1671 impetratis,
1818 1587 1897 1647 sett

104 1676 219 1754 etiam
246 1671 526 1780 impetrandis,
553 1701 635 1782 que
664 1670 714 1754 de
737 1673 938 1780 premissis
970 1699 1200 1780 expressam
1227 1699 1311 1752 non
1341 1669 1521 1754 facerent
1548 1675 1896 1759 mentiammetsi

102 1781 203 1864 forte
227 1799 371 1863 contra
399 1781 632 1866 huiusmodi
659 1801 838 1864 nostram
870 1782 1154 1870 inhibitionem
1183 1809 1425 1894 quemquam
1449 1811 1523 1865 uos
1544 1785 1610 1864 uel
1628 1781 1732 1867 dicti
1749 1785 1916 1892 frames

101 1895 345 2003 reciperetis,
373 1895 447 2004 qui
475 1895 609 1976 taliter
637 1905 824 2002 receptus
838 1894 1029 1976 existeret
1058 1894 1289 1976 nullatenus
1315 1910 1453 1974 uestro
1467 1912 1570 1976 esset
1585 1925 1660 1978 nec
1675 1890 1897 1980 eorundem

101 2006 274 2088 fratrum
304 2004 439 2088 ordini
467 2006 686 2116 obligatus,
714 2033 870 2116 uosque
899 2033 946 2086 ac
974 2007 1052 2116 ipsi
1080 2035 1127 2087 ac
1155 2005 1388 2114 receptione
1413 2008 1693 2118 quorumlibet
1721 2009 1772 2091 ad
1801 2037 1912 2121 pro,

99 2117 313 2200 iussionem
341 2116 542 2209 dictorum
570 2116 763 2200 ordinum
790 2118 930 2198 essetis
958 2119 1047 2226 ipso
1076 2115 1184 2199 facto
1212 2119 1395 2226 suspensi
1424 2135 1465 2199 et
1492 2119 1659 2248 irmuper
1688 2149 1793 2232 pena
1827 2121 1897 2203 dc-

98 2231 248 2339 beretis
277 2230 408 2311 subici
435 2258 518 2340 que
544 2229 739 2310 fratribus
769 2231 951 2338 ipsorum
978 2229 1170 2311 ordinum
1201 2254 1278 2338 pro
1306 2229 1438 2337 culpis
1462 2228 1595 2339 infligi
1637 2227 1898 2339 monialibus

99 2343 327 2423 consueuit.
355 2369 428 2422 nos
458 2341 571 2451 quod
600 2339 651 2422 de
679 2340 869 2449 obligatis
898 2338 1090 2421 ord-inum
1119 2339 1397 2449 predictorum
1421 2339 1594 2421 fratrum
1622 2343 1665 2422 in
1695 2344 1899 2453 premissis

98 2454 252 2534 nostris
283 2451 457 2534 diximus
483 2453 647 2549 litteris,
679 2480 731 2533 ne
760 2455 868 2560 ipsos
897 2453 1077 2561 recipere
1092 2453 1343 2561 presumatis,
1358 2451 1587 2550 staurando,
1602 2469 1650 2533 ut
1659 2453 1900 2538 lmiusmodi

96 2581 404 2674 presumptores
433 2565 522 2672 ipso
551 2563 659 2644 facto
687 2567 930 2644 sententiam
958 2563 1383 2647 excommunicationis
1409 2564 1633 2645 inmirrant.
1647 2566 1700 2648 de
1710 2565 1792 2648 illis
1803 2583 1900 2649 tan·

95 2692 182 2756 tum
212 2675 386 2784 intelligi
415 2675 615 2771 uolumus,
645 2701 747 2784 quos
763 2692 855 2784 post
883 2673 1112 2784 predictum
1127 2691 1278 2755 annum
1294 2673 1743 2790 probationiselapsum
1758 2705 1900 2760 eorum

94 2812 178 2866 esse
209 2786 438 2868 constiterit
453 2785 587 2867 ordini
617 2786 826 2893 obligatos.
857 2786 967 2868 Nulli
997 2813 1095 2894 ergo
1114 2793 1185 2868 &c
1201 2804 1337 2868 nostro
1350 2786 1637 2870 declarationis
1649 2795 1724 2871 &a
1748 2791 1898 2871 Datum

94 2897 207 3008 apud
238 2897 458 2978 Ciuitatem
487 2897 753 2980 Castellanam
782 2899 881 2980 Vlll
910 2897 1001 2982 Kal.
1032 2897 1584 3008 Julij2.Pontilloatus1rnnstrj
1611 2902 1732 2983 Anno
1747 2902 1893 2982 Primo.

578 3037 746 3122 lllybullan
766 3039 884 3121 benger
905 3039 1015 3103 infida
1035 3039 1097 3102 och
1123 3041 1196 3122 gula
1217 3038 1431 3111 sillestrddara

98 3283 239 3412 314.
284 3301 290 3375 ὲ
736 3294 885 3409 1244
928 3278 982 3397 'd
1028 3294 1104 3407 nn
1151 3182 1270 3384 Jun.x
1750 3277 1898 3398 Saba.

38 3493 42 3500 '
170 3507 254 3570 um
276 3503 430 3568 umus·
450 3505 461 3566 i
482 3503 558 3566 osu
578 3479 748 3583 gramm
764 3502 804 3584 ps
826 3499 976 3582 nagaum
995 3501 1006 3565 a
1027 3499 1159 3572 semu
1180 3500 1292 3564 mun
1309 3498 1541 3570 summae
1561 3499 1679 3566 rsus
1698 3501 1832 3583 uos«,
1849 3506 1899 3566 ss

227 3587 357 3650 nullm
377 3586 568 3670 brude1·sbap
589 3586 653 3648 hun
673 3585 776 3650 blifvit
798 3587 930 3665 integer·
1131 3629 1134 3644 .
1299 3623 1331 3652 ,ι
1378 3627 1397 3652 ‚f
1470 3687 1473 3694 Ι
1514 3624 1572 3722 ,Α
1601 3667 1617 3720 3
1644 3637 1750 3726 ΜΗ

267 3799 469 3886 Nouerint
497 3803 674 3883 vniuersi
703 3803 899 3911 presentis
927 3803 1174 3908 inspectores
1208 3815 1290 3880 tam
1332 3802 1484 3909 posteri
1526 3830 1649 3912 quam
1691 3818 1896 3909 presentes

116 3918 208 4002 uod
240 3919 333 4024 Ego
348 3914 572 4002 ¹nicholaus
596 3913 747 3996 ¹vlfonis
776 3914 974 4022 presbiter
1003 3927 1043 3991 et
1071 3912 1292 3992 canonicus
1321 3912 1363 3991 in
1399 3911 1486 4010 oslo
1515 3913 1565 3994 de
1595 3913 1713 3996 bonis
1748 3913 1898 3994 miliia

85 3948 177 4118 deo.
197 4029 364 4112 collatis
395 4025 533 4108 condo
571 4043 619 4108 et·
646 4025 777 4106 offero
813 4025 1068 4106 monasterio:
1100 4022 1205 4120 Saba
1244 4042 1289 4105 et
1332 4025 1555 4120 consensui,
1594 4020 1744 4104 ibidem
1769 4023 1898 4124 bona

87 4171 180 4228 nea
210 4143 261 4222 in
290 4137 479 4247 lllagdum
509 4138 555 4225 in
580 4137 773 4246 parochia
813 4136 967 4216 resulta
1009 4163 1101 4215 cum
1130 4136 1235 4242 agris
1276 4137 1406 4242 pratis
1433 4147 1474 4214 et
1498 4135 1613 4216 siluis
1641 4135 1896 4229 etompibrtt

83 4252 361 4365 pertinenciis
390 4265 589 4357 perpetuo
618 4246 861 4358 possidenda
890 4275 981 4326 cum
1010 4273 1211 4326 consensu
1239 4247 1347 4326 mici
1375 4245 1511 4326 fratris
1539 4247 1616 4326 mei
1644 4242 1788 4331 dilecti
1799 4245 1897 4329 ,lau·'

84 4367 221 4448 rencii
251 4361 402 4445 vitonis
432 4388 509 4467 pro
537 4362 666 4441 salute
695 4360 824 4438 anime
854 4387 937 4440 mee
966 4375 1006 4436 et
1036 4359 1345 4464 qifflgenitorum
1371 4385 1554 4437 meorum
1597 4357 1669 4463 qui
1698 4354 1758 4434 ibi
1777 4359 1893 4437 sunt*

81 4477 254 4558 humati
283 4473 517 4580 et·plurirni
545 4471 596 4552 de
624 4500 711 4552 mea
741 4473 984 4580 cognatione
1013 4496 1188 4578 quorum
1216 4469 1354 4568 anime
1370 4469 1411 4548 in
1428 4468 1564 4552 christi
1586 4493 1705 4574 pasce
1733 4468 1892 4574 requie-

78 4605 207 4670 scant
238 4613 355 4666 nuno
384 4601 424 4663 et
440 4585 753 4692 jmperpetuum.
785 4585 836 4662 Jn
865 4582 979 4661 cuius
1008 4579 1293 4661 testimonium.
1324 4579 1507 4687 Sigillum
1521 4605 1663 4659 meum.
1695 4605 1773 4656 vna
1802 4603 1901 4678 cum
1934 4671 1944 4680 ι
2064 4595 2066 4600 ·

80 4701 238 4810 Sigillo
273 4693 445 4806 predicti
486 4693 624 4776 fratris
653 4724 730 4801 meq
760 4694 953 4776 laurencii
981 4692 1126 4772 vlfonis
1151 4707 1216 4786 ast
1244 4718 1484 4800 appensum,
1519 4688 1659 4784 datum
1686 4688 1740 4782 in,
1759 4685 1895 4795 predi,-

80 4831 153 4894 cto
186 4807 442 4892 Monasterio
472 4806 599 4904 Saba,
628 4807 725 4915 Jpso
755 4806 819 4886 die
848 4805 1072 4884 natiuitatis
1100 4804 1236 4882 Sancti
1272 4802 1465 4881 lobannis
1493 4801 1685 4908 baptiste,
1727 4796 1894 4909 quando

81 4951 164 5036 ego
190 4948 298 5014 curn
326 4920 507 5027 predicto
536 4916 658 4997 fratre
690 4945 777 4996 meo
807 4917 944 5024 accepi
972 4913 1260 4995 fraternitatem
1289 4941 1381 5002 cum
1396 4909 1588 5019 predictis
1603 4909 1795 4994 fratribus
1809 4915 1895 5024 dna

80 5065 140 5116 no
174 5032 341 5114 domini
366 5031 611 5110 lll⁰CC'XL'
635 5045 788 5138 quarto
815 5025 881 5106 die
910 5053 994 5137 quo
1022 5053 1157 5131 supra.
1198 5095 1200 5098 .
1819 5073 1829 5090 .

418 5172 561 5254 Sigillen:
587 5193 611 5232 r.
633 5170 808 5248 bortsallet3
836 5191 907 5233 men
928 5160 1243 5253 pmgamentsfemsan
1264 5184 1356 5248 qvam
1379 5185 1406 5228 2.
1427 5163 1584 5230 osladadt.
