4382 5964
801 455 1422 594 †,'-ess-

307 730 580 838 “mem
609 744 813 838 utentes
841 723 975 838 agna
1002 738 1153 828 rostro.
1173 748 1255 818 vna
1286 747 1392 825 eumz
1416 720 1558 831 sigillis
1587 719 1801 834 predlilecti
1819 715 1958 806 frans·
1972 732 2074 834 ...a

121 899 123 908 ,
229 915 232 920 .
308 838 514 928 domicelli
539 839 748 922 Benedicti
777 841 902 921 Ducis
929 829 1120 949 finiendis
1148 841 1190 917 &
1216 834 1511 920 venerabilium
1553 851 1717 942 patrum
1760 833 2072 926 dominorumll

308 953 534 1065 upsalensis
574 949 879 1061 archiepiscopi
911 949 963 1032 rt.
990 948 1277 1058 strengncnsis.
1307 953 1347 1031 sst
1373 950 1416 1030 Ρ.
1445 945 1672 1029 arosiensis.
1715 937 2009 1058 Episcoporum
2041 980 2073 1036 ae
2147 943 2148 948 Ν

306 1060 1424 1262 uetustissimismmm
1450 1057 2074 1274 essentessent

308 1288 446 1375 oholai
469 1282 727 1398 Inginrundrc
752 1313 840 1368 sun.
867 1284 1036 1376 fecimus
1063 1281 1320 1368 communiri.
1341 1283 1497 1380 ,Datum
1511 1278 1689 1383 Sundbi
1717 1307 1827 1364 anno
1841 1281 1991 1366 domini
2011 1284 2075 1370 tt.-

203 1407 226 1480 ἶ
308 1399 597 1485 uu·.1.xxx·.
627 1398 785 1510 qtrinto.
813 1398 854 1480 X
881 1393 962 1480 kat.
991 1394 1244 1508 septembris.

379 1536 510 1626 sigilles
529 1541 591 1605 Neo
616 1558 643 1634 t,
663 1511 694 1620 a,
715 1537 747 1622 d,
768 1539 800 1621 8,
820 1559 852 1626 9,
878 1557 914 1603 ro
935 1536 1061 1616 ssknas3
1083 1537 1121 1601 sl
1136 1535 1176 1600 de
1197 1537 1297 1620 dirige
1316 1533 1339 1616 4
1359 1543 1414 1599 ιω
1434 1531 1518 1598 blott
1539 1531 1669 1620 stycken
1688 1553 1769 1620 φιν
1787 1534 1829 1623 pt
1850 1537 1942 1621 grint
1959 1535 2032 1601 eur.

226 1776 451 1886 sm.
579 1797 584 1802 ·
941 1769 1092 1879 1285
1139 1765 1190 1878 e.
1237 1761 1311 1879 23
1358 1767 1505 1918 Aug.

392 1997 589 2064 Testamenta
609 1992 647 2058 ai
662 1994 806 2060 Decanus
826 1993 837 2057 i
859 1989 950 2057 Lund
970 1991 1013 2078 pa
1033 1991 1215 2076 fastigheter
1234 1991 1296 2056 och
1317 1993 1439 2057 Idsdren
1461 1991 1511 2058 till
1532 1991 1677 2076 andelign
1696 1991 1902 2076 mruttningar
1921 2013 1961 2055 m
1979 2011 2014 2056 rr.

529 2119 547 2158 Α
586 2105 590 2113 ’
1027 2171 1030 2179 ,
1114 2157 1117 2164 .
1825 2105 1858 2166 Β.
1879 2125 1903 2165 ts
1924 2107 1980 2178 aad.

451 2201 611 2328 'Soper
637 2213 746 2297 bonis
773 2217 817 2293 in
842 2208 1048 2324 breltdorp.
1078 2237 1154 2322 quc
1181 2207 1299 2330 laudet
1326 2211 1510 2296 decanus.

469 2357 529 2467 ¹Jtt
555 2357 719 2441 nomine
748 2353 876 2466 p'atris
904 2368 947 2436 et
974 2352 1047 2456 fili-i
1072 2361 1127 2438 et·
1142 2353 1308 2464 spiritus
1335 2355 1467 2439 sancti
1494 2362 1636 2439 Arnen.
1664 2355 1879 2438 Vniuersis
1906 2369 2077 2465 presentes

174 2559 177 2570 ,
211 2542 216 2557 .
302 2473 466 2556 litteras
493 2471 737 2581 inspecturis
765 2468 818 2551 .B.
844 2460 1021 2548 decanus
1051 2461 1258 2550 lundensis
1286 2467 1329 2548 in
1358 2464 1526 2550 domino
1553 2469 1735 2552 salutem
1763 2470 1939 2551 Nouerit
1952 2466 2079 2548 raino

184 2652 192 2673 .
310 2588 407 2669 sitas
441 2597 577 2668 restra
609 2578 723 2691 quod
755 2607 833 2691 ego
867 2577 963 2659 licet
1004 2605 1100 2688 eger
1148 2604 1321 2688 corpore
1356 2606 1479 2662 sanus
1517 2595 1655 2662 tamen
1697 2595 1843 2662 mente.
1893 2579 2024 2660 volens
2044 2573 2080 2658 ad

310 2699 504 2780 maiorem
531 2689 816 2776 certitudinem
844 2705 886 2772 et
913 2689 1110 2772 cautelam
1140 2717 1268 2772 meam
1295 2688 1547 2774 voluntatem
1563 2684 1984 2778 vltimamdeclarare.
2011 2716 2078 2796 pre

310 2837 403 2892 sens
430 2804 629 2916 seriptum
656 2829 788 2886 meum
817 2799 912 2886 volo
940 2829 1025 2884 esse
1061 2817 1347 2884 testamentum
1390 2801 1442 2885 Jn
1486 2801 1626 2914 primis
1661 2804 1789 2914 igitur
1817 2803 1863 2884 in
1891 2797 2079 2884 remedium

309 2922 443 3003 anime
471 2943 558 3000 mee
585 2931 628 3000 et
653 2915 823 3008 salutem
863 2913 954 3023 lego
983 2911 1183 2998 debonis
1210 2929 1252 2996 et
1281 2913 1404 2998 rebus
1432 2915 1529 2996 mihi
1558 2943 1583 2996 a
1611 2912 1691 2998 deo
1719 2915 1933 2997 concessis.
1962 2931 2078 2993 terrm

341 3059 435 3114 uam
448 3029 580 3113 habeo
594 3027 639 3110 in
652 3026 870 3136 binlthorp.
900 3027 1136 3108 instructam
1152 3055 1245 3106 cum
1265 3025 1375 3108 XIII.
1405 3028 1550 3108 marcis
1565 3026 1826 3110 denariorum
1843 3025 2004 3108 ecclesie
2015 3023 2080 3104 lun·

309 3061 437 3226 densi.
466 3137 526 3251 jta
553 3133 668 3250 quod
695 3138 852 3220 fructus
880 3131 975 3220 inde
1002 3137 1215 3220 annuatim
1235 3139 1535 3248 prouenientes.
1564 3137 1700 3220 taliter
1728 3136 2027 3221 distribuantur.
2039 3135 2080 3261 ri·¹

310 3253 458 3370 delicet
486 3247 640 3332 fabrice
669 3246 775 3333 dicte
804 3248 968 3332 ecclesie
998 3247 1165 3332 dimidia
1208 3275 1344 3331 marca
1369 3251 1587 3332 Canonicis
1615 3265 1751 3351 autem
1780 3264 1822 3331 ct
1851 3249 2010 3330 vicariis
2030 3273 2081 3356 qu

309 3362 460 3474 vigiliis
488 3375 531 3444 et
557 3359 685 3445 missis
712 3361 938 3444 animarum
967 3360 1011 3442 in
1040 3362 1318 3442 anniuersario
1346 3386 1435 3442 meo
1469 3359 1741 3448 interfuerint.
1771 3359 1942 3443 dimidia
1970 3384 2079 3464 marm

126 3567 128 3575 ,
254 3489 264 3510 “
310 3476 363 3561 ad
391 3470 657 3557 offerendum.
685 3470 766 3556 due
795 3499 866 3554 ore
894 3489 942 3557 et
963 3471 1212 3583 pauperibus
1244 3471 1478 3556 scolaribus.
1508 3475 1559 3556 II.
1589 3500 1661 3556 ore
1689 3475 1792 3554 Jtem
1807 3470 1860 3553 ad
1894 3471 2080 3553 recreatio-

309 3616 404 3672 nem
432 3585 721 3670 canonicorum
762 3582 913 3668 ibidem
941 3582 1082 3666 eodem
1116 3582 1182 3665 dic
1225 3580 1392 3666 dimidia
1434 3611 1579 3668 marco
1620 3578 1951 3693 predicatoribus
1990 3582 2080 3666 etim

162 3752 166 3760 -
310 3699 448 3782 lundis
474 3699 525 3779 II.
555 3723 626 3778 ore
653 3711 696 3778 et
721 3694 917 3777 iratribus
946 3694 1170 3779 minoribus
1205 3698 1377 3797 tanturn.
1407 3698 1594 3778 Decanus
1622 3713 1757 3778 autem
1786 3695 1996 3778 lundensis
2030 3691 2082 3802 qui

309 3839 388 3924 pro
416 3824 599 3922 tempore
635 3807 759 3890 luerit
786 3797 909 3918 quern
936 3804 1140 3888 dictorum
1168 3804 1372 3889 bonorum
1400 3807 1495 3890 volo
1538 3835 1624 3910 esse
1666 3823 1985 3918 procuratorem.
2010 3802 2084 3885 resi·

182 3935 184 3939 ’
306 3923 438 4008 duum
466 3918 667 4032 percipiat
707 3920 814 4002 Item
852 3915 1032 4028 singulis.
1062 3919 1113 3999 V.
1143 3916 1340 4001 alteribus
1381 3918 1643 4004 inferioribus
1685 3918 1897 4002 lundensis
1940 3915 2084 4000 ecclesie.

309 4036 404 4144 lego
418 4036 456 4114 II
472 4059 564 4116 oras
579 4029 840 4114 denariorum
853 4045 895 4113 et
909 4028 1143 4141 presbiteris
1171 4030 1341 4140 singulis
1363 4029 1514 4114 ibidem
1530 4047 1701 4114 tanturn.
1732 4029 1848 4114 beate
1862 4031 2085 4134 mariemag·

310 4145 454 4230 dalene
467 4145 511 4226 in
522 4141 667 4252 cripta.
683 4145 734 4224 II.
763 4169 930 4228 mareas.
951 4142 1177 4253 presbitero
1191 4141 1355 4225 ibidem.
1384 4143 1437 4224 II.
1454 4170 1547 4230 oras
1560 4142 1833 4231 denariorum.
1849 4159 1959 4224 terre
1973 4152 2085 4224 sancte

190 4287 194 4298 ·
227 4269 232 4282 ‘
310 4287 388 4372 pro
415 4255 699 4365 redempcione
725 4256 857 4342 erucis
872 4279 957 4336 mee
972 4253 1051 4335 XII
1079 4251 1202 4339 llbras
1217 4252 1527 4338 thuronensium
1548 4255 1760 4364 nigrorum
1776 4253 1954 4337 Ecclesic
1982 4249 2086 4332 omni·

275 4374 381 4455 'um
415 4384 650 4466 sanctornm,
695 4364 841 4449 lundis.
869 4364 921 4448 II.
954 4391 1109 4446 marces
1149 4362 1411 4448 denariorum
1459 4364 1840 4451 Sanctimonielibus
1881 4363 2017 4448 lundis
2050 4357 2089 4443 II.
2145 4456 2146 4465 p

310 4507 465 4564 marcas
479 4476 740 4562 denariorum
752 4473 922 4560 Cuidam
938 4477 1099 4559 moniali
1114 4474 1266 4561 ibidem
1293 4471 1400 4560 dicte
1414 4493 1529 4562 aettae.
1545 4504 1720 4560 marcam
1736 4475 1997 4563 denariorum
2010 4471 2088 4556 ilre-

309 4589 444 4684 tribus
457 4585 858 4674 minoribnsibidem.
873 4585 1040 4670 bibliam
1056 4615 1196 4670 meam.
1212 4588 1401 4698 hospitali
1415 4593 1545 4674 sancti
1573 4592 1739 4701 spiritus
1768 4587 1979 4673 dimidiam
2006 4611 2089 4668 mar·

308 4698 607 4810 cambospitali
621 4701 876 4811 leprosorum
890 4697 1098 4781 dimidiam
1114 4727 1301 4783 marcam.
1316 4701 1484 4810 singulis
1498 4700 1673 4800 ecclesiis
1688 4698 2012 4813 parrochialibus
2019 4696 2088 4778 Iun·

310 4815 384 4904 dis.
414 4811 465 4896 II.
493 4831 596 4894 oras.
631 4810 803 4924 singulis
830 4810 1064 4920 presbiteris
1090 4827 1251 4898 tantum
1289 4813 1465 4906 Ecclesie
1507 4811 1695 4925 stangby.
1723 4813 1776 4897 II.
1805 4839 1973 4896 marcas.
2002 4809 2087 4894 vica·

310 4931 374 5010 rio
406 4919 570 5010 ibide'tn.
599 4949 785 5008 marcam.
816 4921 994 5006 Ecclesia
1034 4923 1233 5034 hwitinge
1260 4941 1394 5019 norm.
1423 4925 1564 5012 IIII:or
1592 4951 1755 5008 marcas.
1774 4920 1867 5024 den.
1895 4943 1940 5008 et
1972 4941 2092 5004 omnes.

234 5069 235 5074 ‘
310 5039 456 5128 domus
482 5063 584 5152 quas
611 5035 800 5148 possideo
826 5033 870 5118 in
896 5031 1137 5122 eiusfundu
1171 5035 1399 5148 presbitero
1414 5035 1576 5124 ibidem.
1605 5036 1831 5121 sorcocium
1853 5028 2005 5118 'meum
2031 5030 2088 5114 mi·
2147 5117 2148 5120 γ

262 5157 267 5164 ’
309 5151 441 5236 mistro
468 5147 633 5234 ecclesie
660 5147 821 5232 ibidem.
857 5173 1030 5230 marcam
1066 5147 1245 5257 Singulis
1279 5146 1456 5232 eeclesiis
1483 5150 1528 5233 in
1556 5147 1744 5260 hartsgre
1780 5147 1906 5232 haeret
1930 5149 1986 5238 IL
2012 5163 2087 5228 oras
2147 5199 2148 5214 .
