4404 5960
1022 461 1438 560 ...490-

329 682 512 796 Christus
538 681 624 793 ipse
652 677 879 792 composuit
907 672 947 764 et
974 683 1178 792 symbolo,
1207 681 1320 796 quod
1348 672 1579 780 veneranda
1611 698 1653 764 et
1667 685 1832 796 provida
1845 691 2056 801 antiquorum

327 799 568 880 Sanctorum
596 797 761 895 Petrum
788 795 1008 874 auctoritas
1036 823 1127 876 cum
1154 797 1279 876 multa
1293 795 1541 890 maturitate,
1555 822 1601 875 ac
1616 799 1834 878 attentione
1847 798 2056 887 aderuditio-

325 935 419 990 nem
447 922 487 987 et
514 907 817 988 instructionem
845 903 1023 985 fidelium
1051 907 1301 1015 compilavit,
1335 925 1377 988 et
1403 907 1447 985 in
1476 907 1695 1016 quostiam
1709 925 1792 991 tota
1806 907 1890 990 fidei
1904 912 2057 998 catholice

314 1017 523 1131 professio
538 1019 803 1111 continetur,
831 1041 915 1096 non
943 1043 984 1096 es
1016 1018 1168 1098 veritus
1194 1015 1390 1126 quasdam
1418 1019 1704 1115 correctiones,
1734 1019 1848 1098 immo
1865 1015 2058 1104 veriuscor

324 1130 536 1241 ruptiones
562 1154 786 1237 apponere,
816 1142 858 1205 et
878 1127 990 1237 quod
1010 1145 1070 1208 est
1082 1125 1377 1236 dampnabilius
1394 1127 1631 1210 Sacerdotes
1645 1145 1715 1209 tue
1729 1131 1897 1210 Dioeesis
1910 1135 1971 1242 qui
1983 1151 2055 1216 tuuc

325 1240 379 1322 ad
407 1236 617 1348 Synodum
634 1254 916 1334 convenerant,
932 1234 1136 1346 adjuvare,
1152 1236 1265 1348 quod
1280 1241 1398 1318 Pater
1412 1255 1567 1334 noster,
1583 1257 1623 1320 et
1638 1238 1771 1320 Credo
1785 1243 1824 1320 in
1835 1270 1949 1321 unum
1962 1245 2058 1326 Deum

323 1350 546 1434 secundum
573 1369 662 1431 tuas
675 1348 943 1430 correctiones
958 1351 1196 1456 reciperent,
1213 1376 1388 1460 suosque
1404 1351 1696 1457 parrochianos
1712 1348 1763 1430 de
1777 1351 2060 1442 hoc‘instruercnt
2143 1354 2146 1362 ’

324 1481 368 1544 et
398 1461 589 1544 docerent
601 1461 872 1542 correctiones
899 1457 1077 1555 easdem,
1094 1477 1134 1539 et
1148 1463 1246 1569 quia
1260 1459 1359 1541 dicti
1374 1460 1607 1543 Sacerdotes
1622 1461 1698 1540 hoc
1713 1460 1840 1541 facere
1855 1467 1995 1572 penitus
2007 1492 2059 1544 no·

292 1647 297 1657 e
324 1573 502 1668 luerunt,
515 1570 705 1665 dicentes,
733 1568 844 1680 quod
872 1570 915 1648 in
929 1570 1095 1652 heresim
1113 1573 1289 1680 populus
1305 1570 1507 1652 laberetur
1520 1573 1636 1681 quasi
1650 1569 1835 1653 fidelibus
1848 1572 2060 1670 alianrfiden,

237 1777 239 1780 ,
316 1712 445 1794 quam
473 1680 684 1762 Catholica
711 1696 821 1760 tenet
848 1680 1024 1761 Ecclesia
1053 1682 1328 1788 predicarent,
1355 1701 1402 1762 tu
1434 1681 1626 1762 dubitans
1654 1709 1705 1761 ne
1733 1681 1774 1762 id
1796 1681 1844 1764 ad
1864 1684 2061 1763 audientiam

223 1841 227 1848 -
324 1793 440 1876 Sedis
467 1793 687 1901 apostolice
715 1788 962 1900 perveniret,
992 1795 1195 1874 extorsisti
1225 1792 1275 1872 ab
1317 1791 1464 1873 eisdem
1495 1792 1779 1874 Sacerdotibus
1819 1793 2061 1902 juramentum,

323 1903 686 2016 quod'numquam
714 1916 866 1980 tantam
895 1917 1007 1981 tuam
1036 1903 1291 1983 insolentiam
1327 1904 1464 1998 alicui,
1507 1902 1570 1983 vel
1614 1904 1819 2012 aliquibus
1867 1906 2060 1997 revelarent,

323 2014 437 2126 quod
465 2016 499 2094 si
529 2015 696 2094 veritate
724 2011 902 2109 fulcitur,
932 2040 1016 2091 non
1044 2030 1155 2093 caret
1183 2014 1327 2121 procul
1356 2011 1482 2092 dubio
1511 2014 1702 2121 scrupulo
1730 2015 1899 2095 heretice
1925 2016 2058 2124 pravita·
2146 2089 2147 2092 ,

321 2129 385 2208 tis.
416 2124 479 2207 Ad
509 2121 786 2231 hecquatita·
813 2124 931 2203 nobis
960 2124 1181 2230 apostolice
1209 2123 1303 2206 Sedi
1340 2122 1535 2204 obediens
1562 2141 1604 2204 et
1633 2124 1805 2225 devotus
1846 2125 2015 2218 extiteris,
2034 2138 2060 2202 et

322 2239 486 2332 existas,
516 2260 724 2344 processus
753 2232 1030 2341 dampnabiles
1060 2251 1199 2342 perte
1228 2234 1323 2313 olim
1365 2234 1493 2314 habiti
1522 2236 1565 2313 in
1593 2233 1872 2342 Burglanensis
1897 2255 1933 2318 et
1960 2235 2060 2314 Arusi-

297 2350 427 2430 'ensis
455 2347 724 2426 Ecclesiarum
765 2362 863 2424 tune
904 2346 1134 2425 vacantium
1176 2346 1367 2454 negotiis,
1410 2343 1461 2424 ad
1503 2372 1675 2454 quarum
1718 2346 1880 2426 alteram
1918 2344 2061 2426 videlicet

320 2457 633 2568 Burglanensem
661 2453 863 2565 quendam
891 2453 1060 2536 Elavum
1086 2456 1252 2536 diversis
1285 2471 1325 2535 et
1347 2457 1578 2536 enormibus
1594 2457 1830 2538 criminibus
1844 2458 1999 2566 graviter
2007 2451 2060 2536 dil·

320 2568 532 2668 famatum,
561 2583 700 2649 contra
731 2565 936 2647 decretum
965 2583 1005 2645 et
1034 2565 1267 2647 mandatum
1296 2562 1474 2674 ejusdem
1504 2565 1637 2662 Sedis,
1680 2565 1733 2647 ad
1777 2566 1965 2677 reliquam
1994 2590 2061 2647 vem

319 2675 576 2764 Arusiensem
603 2676 790 2758 videlicet
817 2675 1050 2756 Arnfastum
1078 2677 1332 2756 manufestum
1363 2675 1535 2783 predicti
1558 2679 1677 2785 Regis
1693 2679 1802 2757 Erici
1817 2679 2058 2762 adversarium,

319 2810 465 2906 utpote
508 2791 581 2900 qui
623 2803 778 2896 patrem
806 2789 929 2895 ipsius
958 2787 1076 2895 Regis
1104 2813 1262 2868 veneno
1302 2787 1450 2868 dicitur
1490 2789 1724 2895 peremisse,
1764 2789 1961 2896 pendente
1983 2781 2060 2892 apud

319 2902 503 2986 eamdem
533 2899 677 2982 Sedem
715 2898 921 2979 electionis
963 2900 1126 3006 negotio
1161 2897 1212 2977 de
1264 2896 1496 2977 Venerabili
1537 2899 1678 2978 Fratre
1720 2917 1863 2980 nost-ro
1914 2899 2060 2978 Thuccne

317 3015 527 3096 Arusiensi
561 3011 765 3118 Episcopo
793 3010 1033 3090 consecrasti
1063 3007 1112 3090 de
1142 3008 1252 3089 facto
1282 3009 1324 3086 in
1354 3009 1575 3117 Episcopos
1611 3011 1731 3088 immo
1770 3015 1905 3092 verius
1942 3033 2062 3089 execra-

318 3127 399 3221 sti·,-
419 3151 492 3203 nec
520 3147 605 3203 non
632 3137 673 3202 et
701 3135 954 3228 contemptus
981 3119 1198 3212 notabiles,
1242 3119 1446 3228 fastusque
1475 3117 1688 3226 superbos,
1719 3149 1825 3229 quos
1860 3124 1958 3202 circa
1992 3115 2062 3198 dile·

318 3250 430 3320 etum
472 3231 598 3312 filium
640 3231 875 3340 Magistrum
917 3228 1138 3310 Geraldum
1166 3231 1364 3312 Nuntium
1406 3228 1513 3308 dicte
1544 3228 1656 3310 Sedis
1684 3233 1727 3312 in
1761 3234 1886 3314 Dacia
1926 3253 2063 3339 presun-

316 3361 465 3458 ptuose
499 3343 615 3423 nimis
657 3357 698 3422 et
740 3340 1053 3449 dampnabiliter
1088 3339 1317 3437 ostendisti,
1360 3344 1612 3421 contumacia
1655 3366 1821 3452 quoque
1850 3335 2063 3426 detestabilis,

318 3461 363 3539 in
396 3486 476 3567 qua
511 3457 656 3536 citatus
692 3480 765 3561 per
800 3449 984 3533 eumdem
1028 3453 1224 3532 Nuntium
1276 3451 1517 3531 auctoritate
1559 3469 1708 3548 nostra,
1752 3471 1800 3533 ut
1843 3449 2063 3563 personaliter

195 3593 203 3608 ‘
317 3568 370 3652 ad
399 3567 640 3678 presentiam
675 3583 853 3646 nostram
897 3561 1125 3660 accederes,
1168 3579 1209 3641 et
1251 3591 1324 3672 per
1366 3581 1533 3642 annum¹
1558 3582 1597 3643 et
1639 3563 1812 3674 amplius
1854 3575 2062 3674 expectatus,

317 3674 646 3787 contempnendo
675 3673 727 3754 ad
762 3702 835 3756 nos
874 3675 1010 3754 venire
1045 3673 1249 3756 obstinata
1292 3689 1424 3754 mente
1471 3672 1704 3781 perduras,
1727 3677 1933 3757 manifeste
1970 3667 2064 3752 decla·

317 3809 431 3889 rant,
460 3806 501 3870 et
529 3791 622 3869 licet
650 3785 755 3868 idem
784 3788 961 3868 Nuntius
991 3792 1033 3867 in
1062 3806 1101 3869 te
1144 3788 1224 3865 tuis
1260 3786 1390 3894 culpis
1432 3787 1686 3894 exigentibus
1729 3778 2066 3868 excommunicatio

316 3905 379 3984 nis
420 3902 656 3983 sententiam
699 3900 777 3979 rite
812 3899 1048 3977 auctoritate
1092 3896 1313 4005 apostolica
1354 3897 1638 4004 promulgarit,
1682 3914 1728 3976 tu
1770 3915 1906 3979 tamen
1945 3915 2066 3976 escon

313 4014 627 4096 municationem
662 4006 894 4118 hujusmodi
928 4007 1198 4116 vilipendens,
1241 4006 1470 4116 pontificale
1508 4008 1686 4088 officium
1736 4035 1938 4103 exercere,
1977 4021 2065 4108 teque

245 4167 250 4176 ·
315 4126 464 4209 divinis
493 4123 634 4204 officiis
661 4123 928 4200 irreverenter
957 4121 1138 4236 ingerere
1173 4147 1257 4200 nou
1299 4119 1464 4212 veneria,
1508 4120 1707 4199 inanime
1750 4135 1820 4201 tue
1860 4112 2066 4228 periculum,

315 4238 584 4350 plurimorum
611 4229 866 4327 scandalum,
896 4247 937 4311 et
963 4230 1223 4312 ecclesiastice
1252 4228 1463 4336 discipline
1499 4247 1787 4337 contemptum.
1845 4232 1927 4310 Hec
1954 4241 1989 4306 et
2012 4219 2067 4299 alla

346 4377 438 4429 uam
467 4346 586 4455 plura
616 4343 754 4451 gravia
781 4361 821 4422 et
848 4343 1027 4421 enormia
1056 4343 1295 4422 commisisse
1324 4341 1535 4436 hactenuS,
1565 4359 1605 4422 et
1631 4340 1761 4421 adhue
1778 4341 2014 4424 committere
2026 4332 2069 4408 in·

315 4379 546 4540 desinenter
575 4454 778 4548 assereris,
806 4481 885 4561 que
914 4454 1133 4560 apostolice
1164 4453 1421 4534 correctionis
1465 4452 1574 4546 lima,
1604 4468 1644 4530 et
1673 4451 1809 4532 debite
1852 4444 2066 4532 animadver·
2112 4477 2116 4490 ·

315 4570 440 4650 sionis
467 4583 691 4664 noscuntur
720 4561 900 4669 indigere
929 4591 1112 4644 censura.
1158 4567 1240 4644 Nos
1269 4564 1392 4669 igitur⁴
1419 4564 1627 4671 cupientes
1667 4563 1778 4642 finali
1807 4564 1978 4644 Ecclesie
2001 4573 2069 4662 pre·
2141 4617 2142 4620 ,

314 4680 422 4763 dicte
449 4683 584 4774 ruine,
617 4693 740 4786 prout
768 4692 948 4782 tenemur
977 4701 1186 4770 occurere,
1214 4688 1255 4754 et
1282 4690 1478 4779 quantum
1507 4675 1549 4752 in
1578 4674 1695 4754 nobis
1709 4692 1768 4755 est
1785 4675 1968 4756 exolvere
1992 4667 2070 4746 citet

229 4863 232 4870 .
314 4791 424 4886 illam
451 4785 574 4869 idad
600 4785 713 4898 quod
743 4811 817 4865 nos
845 4783 1002 4894 obligat
1023 4786 1161 4894 jugum
1192 4781 1410 4888 apostolice
1425 4783 1650 4879 servitutis,
1680 4785 1774 4866 licet
1804 4814 1825 4864 a
1856 4803 1897 4866 te
1914 4795 2069 4886 tanquam

314 4895 514 4982 aVillico
541 4895 749 4980 diffamato
777 4913 847 4977 tue
879 4896 1138 4976 villicationis
1165 4895 1325 5002 exigere
1354 4896 1551 4976 rationem
1579 4897 1743 5004 cognita
1772 4895 1820 4977 de
1851 4897 1928 4976 hiis
1954 4886 2069 4970 verita·
2118 4892 2123 4922 '

312 5029 353 5095 te
381 5033 607 5119 possemus,
636 5009 743 5089 illius
770 5025 905 5091 tamen
934 5021 1144 5116 sequentes
1182 5007 1427 5115 exemplum,
1470 5009 1548 5116 qui
1581 5010 1781 5087 neminem
1832 5007 1922 5087 vult
1950 4997 2069 5112 perires

312 5121 506 5237 quoniam
532 5148 556 5201 a
584 5136 624 5201 te
651 5121 775 5230 ipsius
805 5119 980 5203 Ecclesie
1007 5116 1201 5228 panditur
1230 5145 1347 5201 omne
1362 5119 1529 5218 malum,
1558 5119 1868 5202 Fraternitatein
1890 5133 2069 5198 tuamne
