4368 5950
1001 359 1457 474 -1&-,

197 635 204 648 ’
301 612 384 702 sive
412 638 484 723 per
511 628 678 706 terram,
708 635 954 720 quocunque
982 609 1104 689 modo
1138 611 1342 718 poteritis,
1387 608 1438 694 ad
1474 609 1608 690 sedem
1650 607 1913 717 apostolicam
1954 611 2077 692 venire
2177 619 2179 624 ’

302 755 380 835 pro
406 722 562 803 viribus
590 719 791 801 laboretis.
849 720 1064 826 Speremus
1092 720 1199 822 enim
1229 721 1272 801 in
1303 721 1478 800 Domino
1504 719 1619 828 quod
1648 719 1808 801 interim
1838 719 1904 800 ille
1932 722 2081 829 quipo-

301 851 435 916 tenter
458 834 632 939 imperat
661 832 790 911 ventis
819 833 859 911 8r
888 830 1010 926 mari,
1032 827 1246 910 *frementis
1275 829 1369 911 freti
1398 827 1547 910 fluetus
1575 828 1750 925 sedabit,
1778 844 1826 909 nt
1849 830 1927 912 fiat
1952 845 2080 938 optata

300 941 573 1054 tranquillitas
601 940 903 1049 navigantibus,
933 944 973 1019 8(
1000 939 1184 1020 inimicos
1213 939 1379 1022 reducet
1408 939 1459 1020 ad
1496 967 1652 1048 pacem,
1689 956 1736 1020 ut
1763 939 1833 1018 liat
1862 939 1939 1020 iter
1969 967 2079 1049 agen·

300 1055 411 1136 tibus
446 1053 511 1132 via
539 1065 639 1132 tuta.
669 1049 866 1146 adhaec,
894 1050 1087 1160 quoniam
1116 1051 1342 1132 consimiles
1371 1049 1526 1131 litteras
1553 1050 1776 1131 venerabili
1803 1048 1920 1129 fratri
1947 1065 2079 1132 nostro

298 1163 617 1270 Arebiepiscopo
645 1162 821 1241 misimus
854 1161 1083 1268 Vpsalensi‚
1111 1159 1358 1242 fraternitati
1379 1175 1467 1262 vture
1482 1187 1559 1269 per
1571 1160 1793 1269 apostolica
1809 1158 1964 1269 'scripta
1978 1189 2079 1244 man·

298 1275 440 1358 damus
472 1289 675 1381 quatenus
702 1272 740 1350 ei
774 1274 814 1350 &
849 1266 1114 1380 suffraganeis
1150 1271 1237 1378 ejus
1273 1271 1453 1352 districte
1496 1271 1705 1380 praecipias
1740 1285 1787 1350 ut
1822 1298 1949 1380 usque
1986 1299 2079 1380 prae·

299 1383 454 1468 dictum
480 1385 697 1464 terminum
738 1409 986 1491 quocunqne
1021 1381 1143 1462 modo
1179 1382 1362 1489 poterint
1404 1379 1747 1491 adapostolicam
1781 1378 1917 1461 sedern
1947 1385 2079 1474 venire

298 1523 376 1606 pro
403 1493 559 1576 viribus
585 1490 807 1574 elaborent.
835 1493 941 1574 Sane
968 1492 1083 1602 quia,
1111 1508 1158 1578 ut
1190 1495 1350 1588 asseris,
1379 1490 1432 1573 ad
1460 1493 1594 1573 crucis
1608 1492 1817 1600 negotium
1845 1519 2080 1598 promoven·

159 1633 163 1641 ’
298 1605 398 1690 dom
425 1604 503 1686 tibi
535 1629 620 1683 non
649 1601 798 1684 sufficit
825 1604 1079 1685 evectionum
1106 1629 1298 1684 numerus
1323 1605 1473 1683 ‘nostris
1501 1603 1647 1686 litteris
1673 1601 1923 1708 designatus,
1953 1606 1992 1682 &
2019 1631 2079 1692 us÷

297 1744 378 1827 que
405 1713 456 1797 ad
484 1711 728 1796 tricesimum
756 1740 968 1794 numerum
997 1712 1176 1821 postulas
1206 1713 1406 1794 licentiam
1434 1711 1510 1795 tibi
1537 1711 1646 1808 dari,
1674 1739 1749 1792 nos
1775 1711 1853 1794 hoe
1882 1727 1961 1792 tuae
1989 1740 2080 1794 con·

296 1827 474 1908 scientia
502 1823 691 1906 duximus
723 1822 1074 1919 committendum,
1103 1840 1150 1903 ut
1177 1835 1311 1932 super'
1329 1824 1407 1903 hoc
1435 1819 1633 1930 procedas
1660 1822 1765 1902 sieut
1788 1820 1937 1902 videris
1964 1851 2079 1932 expe-
2166 1902 2168 1910 ,

297 1934 396 2018 dire.
423 1935 490 2014 Tu
517 1932 713 2044 denique,
742 1932 869 2014 frater
897 1933 1228 2041 archiepiscope,
1256 1939 1330 2014 &e
1376 1934 1525 2010 Datum
1567 1933 1704 2014 Romae
1745 1931 1855 2042 apud
1898 1949 2077 2014 sanetum

296 2049 460 2127 Petrum
488 2045 559 2124 IX.
589 2043 682 2125 Kal.
708 2044 862 2151 Martii,
891 2043 1151 2152 pontificatus
1179 2047 1308 2125 nostri
1338 2068 1446 2122 anno
1475 2042 1739 2124 sexodecimo.
1987 2057 1994 2064 “

175 2375 178 2385 ‹
309 2436 433 2538 155.
710 2390 759 2410 ’ἱ
933 2433 1081 2535 1215
1128 2429 1178 2533 d.
1234 2471 1252 2533 1
1305 2432 1452 2533 Mars.
1892 2431 2075 2576 Hargh.

380 2617 618 2681 irie-Diehnen
639 2617 650 2677 i
672 2615 844 2698 Linhiiping
865 2615 1015 2678 Sicanos
1036 2589 1217 2678 testameote
1239 2617 1286 2678 till
1309 2614 1495 2698 Linkb'pings
1516 2617 1714 2700 Domlryrla‚
1738 2620 1786 2680 till
1813 2619 1876 2682 alle
1896 2619 2076 2684 klosteroeh

318 2717 326 2732 ’
428 2701 607 2783 Hospiteler
635 2701 720 2759 inorn
748 2717 865 2758 samma
887 2697 969 2773 etih,
990 2697 1040 2759 till
1061 2698 1158 2778 ohgr-a
1179 2699 1352 2772 Prestmitn‚
1373 2699 1541 2778 sltgtingar
1561 2699 1618 2761 ocb
1642 2701 1767 2782 tjenere,
1789 2701 1854 2762 dels
1876 2701 1915 2783 pt
1937 2700 2079 2766 hemman
2121 2739 2122 2742 =

430 2782 491 2845 och
512 2779 698 2865 trgenheter,
718 2778 994 2863 dels'pa'Sillvcr,
1016 2782 1193 2863 penniogar,
1215 2779 1337 2860 bdelcr,
1360 2779 1621 2862 lltdeepersedlar
1641 2803 1681 2842 m.
1702 2803 1742 2842 m.
1769 2861 1790 2914 B
1817 2863 1831 2912 ³
1928 2866 1946 2917 b

1792 2898 1798 2912 .
1838 2863 1905 2929 ²9l·
1949 2901 1956 2916 .

457 2997 504 3074 ln
531 2993 694 3074 nomine
723 2991 879 3100 dominj
905 3011 1020 3074 amen
1049 2995 1170 3074 Anno
1205 2993 1499 3074 incarnacionis
1528 2996 1704 3080 eiusdem
1747 2995 1960 3076 Millesinro
2002 2998 2075 3079 du·

292 3107 510 3188 centesimo
539 3102 864 3206 Quintodecimo·
883 3103 974 3184 Kal.
1004 3103 1145 3211 Mar-cij
1174 3123 1249 3212 ego
1277 3099 1490 3212 Sigtradus
1523 3105 1830 3188 archidiaconns
1867 3105 2076 3215 lincopen-

264 3218 342 3317 ,si's
369 3215 614 3296 constitutus
641 3217 685 3294 in
714 3213 844 3323 hargh
870 3240 991 3292 sanus
1020 3225 1154 3294 mente
1169 3213 1263 3294 lieet
1290 3213 1434 3295 debilis
1449 3243 1619 3321 corpore
1633 3233 1917 3297 testamentum
1945 3245 2077 3302 meum

288 3325 422 3410 condo
450 3331 490 3405 ἃ
518 3325 623 3406 facio
649 3326 694 3404 in
720 3323 832 3406 hunc
860 3323 1024 3404 modum
1052 3326 1100 3416 ln
1128 3328 1267 3432 primis
1297 3322 1388 3432 lego
1418 3322 1583 3405 domino
1605 3354 1693 3407 meo
1708 3325 1934 3435 lincopensi
1951 3355 2075 3409 vnum

289 3463 358 3520 vas
385 3456 621 3544 argenteum
650 3433 888 3516 deauratum
924 3439 963 3515 81
997 3433 1100 3515 duos
1147 3435 1284 3515 libros·
1309 3432 1495 3515 videlicet
1529 3434 1738 3546 legendam
1772 3441 2003 3519 sanctorum
2037 3443 2076 3520 &

288 3575 414 3630 unum
443 3545 592 3626 librum
619 3545 694 3653 qui
721 3564 889 3626 vocatur
918 3573 1070 3626 summa
1097 3544 1358 3654 prouincialis
1387 3545 1488 3626 ltem
1516 3548 1681 3628 ecclesie
1710 3547 1933 3656 lincopensi
1963 3547 2074 3660 apud

287 3685 410 3770 quarn
449 3656 549 3735 mihi
567 3655 848 3761 sepulturam
889 3653 997 3764 eligo
1038 3653 1129 3764 lego
1163 3658 1316 3739 curiam
1340 3684 1490 3740 ‚meam
1532 3657 1697 3768 arlcgba
1738 3659 1855 3739 sitam
1891 3663 1934 3740 in
1978 3661 2072 3742 wist

288 3797 380 3854 cum
407 3765 594 3847 omnibus
623 3766 882 3870 pertinenciis
911 3766 993 3845 suis
1021 3766 1237 3848 mobilibus
1267 3773 1307 3846 &
1336 3766 1610 3849 immobilibus
1657 3785 1793 3876 preter
1828 3770 1932 3852 duos
1961 3770 2073 3858 eolo·

165 3976 170 3986 f
288 3897 406 3965 natus
433 3875 592 3958 scilicet
611 3869 801 3980 apaldaas
830 3880 869 3952 8r
895 3873 1056 3980 haghan
1083 3903 1186 3983 quos
1217 3876 1271 3957 do
1297 3875 1455 3953 famulis
1485 3880 1581 3988 meis
1610 3879 1754 3960 Boceio
1769 3879 1956 3962 videlicet
1970 3881 2072 3991 hag·

283 3993 366 4074 ban
394 3995 434 4069 8<
460 3987 581 4084 siaro
613 3976 802 4089 apaldaas
831 4009 907 4089 pro
921 3982 1070 4091 quibus
1085 3983 1235 4090 prediis
1252 3984 1429 4065 refundo
1449 3986 1479 4101 ¹)
1495 3987 1546 4072 od
1562 3985 1745 4070 redditus
1760 3988 1944 4097 predicte
1958 3995 2073 4074 curie

158 4095 173 4106 ’
284 4105 418 4187 locum
447 4097 563 4180 vnius
593 4090 815 4199 molendini
841 4094 963 4172 situm
992 4094 1098 4172 eirca
1126 4093 1312 4174 stamsrid
1340 4123 1461 4202 super
1491 4116 1583 4208 qno,
1601 4098 1679 4181 fuit
1715 4103 1926 4182 contencio
1963 4105 2072 4184 inter

281 4242 344 4296 me
372 4230 414 4294 et
441 4207 648 4293 dominum
678 4229 867 4309 magnum
896 4201 1096 4282 hethasun
1124 4204 1180 4286 ita
1210 4220 1342 4284 tamen
1384 4208 1496 4317 quod
1535 4207 1675 4313 eadem
1718 4211 1831 4291 curia
1876 4210 2072 4321 dignitati

283 4323 632 4407 archidiaconatus
659 4312 866 4394 subiaceat
901 4312 943 4392 in
985 4312 1148 4395 ecclesia
1191 4314 1418 4422 supradicta
1460 4313 1536 4396 hac
1579 4319 1865 4402 nichilominus
1913 4323 2072 4404 adiecta

280 4435 517 4516 condicione
546 4442 592 4506 ut
620 4421 927 4503 archidiaconus
955 4425 1027 4532 qni
1055 4454 1131 4533 pro
1161 4442 1341 4534 tempore
1370 4425 1492 4508 fuerit
1518 4431 1681 4518 racione
1710 4429 1817 4512 dicte
1845 4435 1957 4513 curie
1986 4436 2072 4514 sin·

280 4544 385 4656 gulis
427 4538 658 4652 septimanis
699 4560 833 4612 vnam.
861 4535 1018 4614 missam
1059 4565 1135 4643 pro
1178 4534 1380 4618 defunctis
1424 4533 1608 4621 teneatur
1650 4541 1694 4620 in
1722 4559 1964 4650 perpetuum
1994 4571 2071 4652 per

279 4681 327 4738 sew
341 4653 416 4734 uel
453 4683 527 4762 per
561 4649 682 4754 alium
717 4644 849 4725 facere
884 4642 1078 4753 celebrarj
1113 4648 1265 4728 Verum
1299 4650 1333 4729 si
1374 4668 1556 4732 cessante
1598 4652 1886 4761 impedimento
1917 4653 2068 4764 legitti-

278 4792 346 4848 mo
372 4764 553 4873 predicta
579 4756 764 4842 condicio
791 4752 1009 4862 adimpleta
1038 4783 1121 4840 non
1148 4755 1272 4838 fuerit
1306 4757 1356 4841 er
1396 4776 1497 4842 tunc
1538 4761 1760 4872 predictam
1800 4765 1955 4845 curiam
1997 4793 2067 4845 or·

277 4872 481 4979 dinocionj
521 4870 677 4980 dominj
719 4865 915 4977 prepositj
964 4863 1118 4948 domini
1164 4869 1316 4979 stenarj
1364 4867 1520 4979 dominj
1573 4872 1788 4964 Wimundi
1836 4868 2066 4957 Canonico·

279 5019 549 5045 ----

361 5057 386 5130 ι)
408 5050 514 5120 Deera,
535 5043 819 5124 &acuendorum
828 5047 936 5107 noun
945 5043 1264 5128 mpttmdeorfflar
1276 5043 1491 5126 asserebam,
1501 5047 1543 5110 J).
1556 5044 1688 5119 32533„
1700 5047 1808 5130 bufert
1817 5050 1877 5112 ltu
1888 5043 2066 5113 refundent.
