4370 5950
1476 387 1485 422 t

758 450 883 518 ‘'i-i
999 443 1074 536 153
1184 495 1244 548 ε·-
1346 481 1354 496 “

138 672 260 781 saluti
289 675 534 770 consuleret,
563 676 630 756 cui
658 675 778 778 etiam
809 697 949 772 omnes
979 687 1062 750 tarn
1090 671 1295 769 Monachi,
1324 701 1444 781 quam
1472 670 1652 758 Abbates
1680 671 1787 782 nigri
1815 669 1925 778 ordi·

136 783 199 863 nis
228 783 508 865 universaliter
537 784 763 868 obedirent.
795 784 896 862 Cum
925 783 1049 890 igitur
1078 783 1321 862 universitas
1351 782 1529 891 Capituli
1557 783 1756 893 generalis
1783 783 1930 863 Mona«

136 895 306 974 sterium
339 896 518 976 omnium
547 897 789 977 Sanctorum
816 891 1044 988 Lundense,
1074 892 1208 972 locum
1237 893 1289 975 ad
1316 893 1643 975 conveniendum
1655 895 1860 1006 elegerint,
1884 911 1925 974 et

138 1001 325 1113 ejusdem
352 1006 550 1088 Abbatem
579 1005 750 1088 Cenobii
780 1005 857 1085 sibi
885 1003 1131 1112 profecerint
1166 1008 1207 1084 in
1251 1021 1466 1101 rectorem,
1502 1003 1568 1084 ad‘
1583 1001 1794 1087 comunem
1822 1006 1955 1112 petia·
1990 1027 1993 1039 ¹

134 1118 521 1226 tionem'ipsorum,
551 1115 665 1225 quod
694 1117 745 1197 ab
776 1109 831 1194 eis
860 1142 982 1221 super
1010 1113 1089 1194 hoc
1125 1112 1275 1196 sactum
1303 1114 1437 1200 fuerat
1466 1114 1726 1211 confirmasti,
1756 1145 1779 1195 a
1808 1117 1926 1196 nobis

133 1226 343 1310 humiliter
373 1228 585 1336 postulans
613 1243 653 1307 et
682 1227 844 1321 devote,
874 1240 920 1302 ut
950 1223 1210 1332 dignaremur
1240 1226 1345 1308 idem
1374 1224 1603 1333 apostolico.
1624 1227 1844 1306 munimine
1860 1256 1926 1308 ro-

39 1435 41 1449 *
140 1339 296 1420 horare.
328 1340 442 1419 Licet
470 1355 605 1419 autem
634 1355 720 1418 turn
750 1353 921 1444 propter
950 1335 1125 1416 Ecclesia
1161 1339 1425 1432 honestatem,
1461 1353 1547 1416 tum
1568 1355 1744 1444 =propter
1772 1338 1931 1445 suppli:
1994 1429 1999 1442 ,
2076 1383 2078 1396 =

137 1477 205 1530 ces
234 1477 375 1556 preces
401 1469 509 1544 tuas,
538 1477 638 1559 quas
666 1477 716 1528 ex
743 1449 897 1528 sincera
927 1448 1149 1546 intentione
1180 1448 1421 1557 procedere,
1449 1444 1565 1555 quod
1581 1447 1752 1554 provide
1780 1447 1927 1529 factum
2011 1442 2019 1458 ’

138 1574 202 1640 cst
233 1563 277 1640 in
306 1561 383 1640 hac
411 1576 527 1668 parte
556 1559 726 1638 velimus
756 1559 923 1636 firmiter
952 1555 1178 1656 observari,
1201 1560 1311 1668 ·quia
1341 1571 1475 1646 tamen
1503 1560 1546 1638 in
1574 1557 1722 1638 talibus
1736 1548 1930 1640 institutis

140 1672 279 1780 aliqua
308 1669 357 1751 de
386 1699 495 1751 novo
524 1687 824 1764 consueverunt
855 1693 1077 1774 emergere,
1107 1697 1187 1777 que
1215 1668 1384 1758 suadere
1413 1685 1575 1775 possent
1604 1667 1761 1777 aliquid
1787 1669 1933 1748 immu-¹

135 1782 313 1863 tandum
341 1781 544 1875 volumus,
574 1797 615 1859 et
642 1778 876 1858 mandamus
918 1794 963 1856 ut
992 1778 1194 1860 institutio
1230 1797 1444 1860 memorata
1478 1779 1686 1888 usquead
1714 1777 1930 1889 quadricu-
1985 1829 1989 1838 ι

138 1895 257 1972 nium
286 1893 577 1975 inviolabiliter
620 1888 878 1983 observetur,
921 1886 1027 1985 infra
1063 1889 1177 1998 quod
1208 1891 1382 1996 spatium
1417 1891 1496 1968 nisi
1524 1909 1718 1998 appareat
1759 1889 1929 1999 aliquid,

139 2003 256 2112 qnod
284 2031 371 2083 earn
399 2002 565 2085 suadeat
591 1998 880 2080 immutandam
907 2025 956 2078 ex
985 2015 1083 2084 tunc
1112 2003 1349 2088 auctoritate
1379 2000 1600 2114 apostolica
1622 2006 1760 2088 secure
1782 2000 1933 2108 poterit
2039 1999 2044 2010 ’
2090 2080 2094 2098 ,

140 2115 383 2211 confirmari.
443 2117 536 2196 Dat.
565 2111 654 2190 XV.
685 2109 775 2194 Kal.
806 2111 838 2196 F
841 2109 924 2206 ebr.
1011 2183 1059 2202 ,,.
1118 2229 1120 2244 Ι

155 2506 284 2610 126.
633 2441 635 2446 Ι
680 2425 682 2428 Ι
758 2419 769 2479 2.
833 2505 982 2634 1206
1029 2505 1200 2656 d.,.¹;1‚9
1247 2506 1355 2610 Jan.

227 2727 322 2789 Pssv.
355 2729 554 2790 lurocuurrvs
585 2727 654 2789 ltus
682 2724 763 2787 Svar
789 2725 968 2809 pisamma
990 2711 1168 2790 lete-Bist.
1190 2726 1347 2805 cabillon,
1370 2745 1422 2790 om
1442 2724 1627 2791 bekrtstclse
1648 2726 1689 2813 pt
1711 2725 1807 2809 adgra
1828 2719 1932 2787 afho-

279 2831 351 2871 nom
376 2810 484 2892 gjorda
510 2809 650 2890 stadgar,
670 2815 717 2867 att
743 2807 829 2868 desse
850 2809 898 2869 vtl
922 2809 989 2885 icke
1011 2821 1087 2871 utan
1108 2811 1268 2891 undantag
1288 2809 1391 2873 luade
1426 2808 1597 2888 stadiustas,
1626 2811 1755 2874 emadan
1777 2808 1817 2870 de
1846 2806 1935 2868 deri-

279 2912 389 2974 genom
410 2893 498 2954 torde
518 2890 622 2952 blifra
642 2890 741 2950 salsam
762 2911 799 2950 en
821 2891 934 2952 allmtn
955 2891 1007 2974 lag
1027 2893 1171 2970 masadda,
1194 2913 1264 2955 meu
1285 2902 1331 2954 stt
1352 2894 1391 2955 de
1411 2895 1496 2955 iuom
1514 2891 1777 2977 brie-Riskepens
1808 2887 1936 2952 omrtde

279 2975 380 3037 slulle
404 2995 480 3037 vara
501 2973 651 3055 gtllaude.

1129 3175 1136 3184 ,
1394 3121 1472 3188 Εἰς
1492 3138 1531 3177 ιο.
1564 3122 1620 3176 Aa.
1639 3121 1663 3177 8.
1682 3088 1734 3190 Ep.
1748 3077 1805 3191 eqo
1827 3099 1842 3154 s

439 3212 690 3304 Innocentius
715 3219 935 3336 Episcopus
962 3223 1114 3306 Seruus
1141 3224 1361 3304 Servorum
1389 3227 1476 3338 Dei.
1506 3222 1658 3305 Eidem.

288 3328 535 3430 Benedictus*
556 3349 676 3442 Deus,
706 3377 729 3427 a
758 3378 842 3460 quo
857 3351 964 3446 bona
980 3369 1125 3432 cuncta
1141 3349 1389 3460 procedunt,
1403 3351 1475 3460 qui
1490 3352 1813 3458 sicutscientiam
1828 3351 1941 3432 sicet

136 3460 279 3540 zelum
293 3461 369 3540 tibi
390 3460 579 3567 dignatus
607 3476 667 3538 est
695 3461 914 3568 impartiri,
943 3476 990 3540 ut
1017 3478 1221 3571 tamquam
1249 3463 1313 3542 vir
1341 3460 1536 3571 providus
1568 3480 1609 3544 ct
1623 3462 1813 3544 honestus
1828 3460 1881 3542 ad
1896 3489 1942 3542 ea

136 3572 300 3680 dirigas
328 3572 453 3652 aciem
467 3587 535 3651 tue
549 3570 720 3666 mentis,
740 3599 820 3680 que
836 3572 1025 3652 Sanctam
1040 3571 1242 3654 illustrant
1256 3574 1494 3669 Ecclesiam,
1510 3589 1549 3652 et
1564 3600 1653 3656 eam
1669 3573 1823 3656 faciunt
1838 3576 1944 3654 inter

136 3680 290 3764 mundi
306 3683 489 3763 tenebras
516 3681 685 3762 radiare.
744 3683 793 3760 ln
810 3697 948 3762 nostra
963 3711 1057 3764 sane
1072 3684 1273 3792 presentia
1289 3682 1554 3793 quarumdam
1569 3685 1868 3768 institutionum
1883 3701 1942 3765 te·
2038 3783 2044 3793 s
2163 3769 2165 3776 ,

135 3821 237 3890 nor,
254 3821 354 3902 quas
369 3791 419 3873 ad
449 3791 759 3901 propagandum
784 3791 972 3874 decorem
1001 3793 1264 3881 ecclesiastice
1292 3791 1513 3878 honestatis
1542 3793 1681 3877 fecisse
1710 3794 1941 3892 dinosceris,

48 3922 53 3938 '
135 3905 286 3987 extitit
301 3905 501 3999 recitatus,
517 3904 559 3982 in
575 3903 722 4013 quibus
736 3903 850 4014 juxta
866 3903 1115 3994 diversitates
1130 3905 1312 3985 locorum
1327 3901 1367 3987 ct
1381 3932 1538 3988 morum
1567 3909 1693 4008 multa
1721 3908 1825 3986 sicut
1852 3914 1943 4014 spess

135 4032 266 4098 ratur
295 4013 492 4122 indigenis
522 4011 696 4094 salubria
723 4015 907 4095 statuisti.
965 4017 1077 4099 Licet
1105 4034 1237 4096 autem
1265 4046 1315 4102 ex
1343 4036 1458 4124 parte
1485 4033 1555 4097 tua
1587 4018 1706 4102 nobis
1721 4013 1799 4095 fuit
1812 4015 1944 4096 hunri-

25 4145 28 4152 ’
101 4119 112 4130 ⁶
137 4130 247 4209 liter
282 4125 572 4234 supplicatum,
601 4139 647 4203 ut
677 4126 949 4207 institutiones
978 4126 1066 4210 illas
1094 4123 1408 4212 confirmationis
1437 4128 1656 4235 apostolice
1685 4123 1942 4234 dignaremur
1989 4186 2002 4220 ,

134 4238 372 4320 munimine
400 4236 612 4332 roborare,
643 4261 692 4313 ne
721 4250 854 4315 tamen
881 4263 956 4344 per
984 4238 1326 4320 confirmationem
1354 4235 1583 4319 huiusmodi
1603 4236 1667 4347 jus
1681 4264 1853 4318 comune
1867 4253 1944 4317 sta-

136 4368 269 4430 tuere
312 4346 558 4442 videremur,
602 4371 667 4425 eas
710 4372 794 4424 non
837 4330 1025 4430 duximus
1068 4347 1119 4428 ad
1156 4347 1352 4428 cautelam
1385 4347 1611 4456 specialiter
1638 4347 1941 4430 confirmandas.

136 4461 308 4541 Verum
367 4461 540 4546 uoniam¹
558 4484 604 4538 ex
634 4457 883 4538 'instituentis
912 4459 1146 4572 prudentia,
1179 4461 1455 4558 institutorum
1482 4460 1746 4568 presumimus
1759 4458 1944 4542 honesta·

134 4587 255 4666 tem,
284 4484 470 4651 voiumus
498 4585 537 4648 et
566 4565 817 4664 mandamus,
846 4585 893 4652 ut
921 4581 968 4651 ea
996 4599 1076 4681 que
1105 4597 1178 4679 per
1207 4587 1247 4652 te
1263 4567 1433 4680 provida
1447 4584 1542 4650 sunt
1563 4568 1852 4654 deliberatione
1864 4581 1945 4670 sta·
2070 4587 2071 4597 ‘

132 4702 262 4778 tuta,
300 4681 419 4759 facias
454 4681 694 4760 auctoritate
728 4696 865 4761 nostra
896 4681 937 4760 in
967 4681 1176 4792 provincia
1206 4695 1276 4762 tua
1305 4681 1592 4782 inviolabiliter
1620 4681 1836 4764 observari.
1866 4682 1963 4764 Da?
2045 4695 2047 4703 ¹

132 4813 242 4877 tum
271 4791 403 4871 XIIII.
431 4787 590 4873 kalend.
620 4787 838 4874 Februarii.
897 4794 900 4803 ’
1401 4805 1402 4810 ¹

294 4934 343 4992 riv.
360 4933 439 5004 Delii.
477 5003 483 5014 .
796 4965 800 4973 ι
1513 4919 1521 4929 “’
1691 4927 1744 4978 ,20
1829 5013 1831 5018 ,
