4370 5950
806 407 1196 511 ..39-

122 627 269 710 dientiae
295 629 447 720 virtute
489 651 608 706 nemo
649 625 737 704 Deo
771 621 950 732 perfecte
979 638 1115 731 potest
1129 623 1322 732 placere,
1351 639 1422 706 aut
1450 610 1668 736 acceptum¹
1687 627 1904 728 seruitium

118 737 296 835 reddere,
330 745 406 846 p‘er
440 734 674 843 Apostolica
702 733 819 816 robis
854 737 1005 842 scripta
1040 732 1314 849 praecipiendo
1342 736 1577 820 mandamus
1605 745 1645 819 8(
1671 737 1903 821 mandando

118 850 380 959 precipimus,
416 848 607 958 quatinus
635 845 858 926 venerabili
884 845 1005 926 fraui
1032 849 1175 930 nostro
1217 845 1364 927 Coloni
1406 849 1608 957 Episcopo
1646 865 1812 947 ,vestroe
1847 852 1901 930 si·

117 977 178 1042 cut
204 958 321 1039 bonae
350 959 551 1048 memoriae
579 957 719 1037 Giloni
734 957 1020 1066 praedecessori
1034 970 1109 1038 suo·
1122 956 1260 1038 fecisse
1275 957 1499 1054 noscimini,
1516 961 1787 1042 omnimodam
1800 961 1900 1042 obe·
2019 1037 2027 1056 ,

115 1069 299 1155 dientiam
336 1076 376 1150 8(
410 1067 680 1149 reuerentiam
709 1066 974 1175 impendatis,
1003 1072 1043 1146 8(
1071 1068 1114 1146 in
1141 1068 1202 1148 his
1231 1095 1321 1176 quae
1351 1068 1427 1147 Dei
1454 1086 1568 1166 sunt,
1597 1075 1636 1149 8(
1665 1069 1717 1151 ad
1746 1088 1900 1152 vestra·

42 1245 49 1263 .
115 1211 195 1263 rum
232 1183 455 1288 animarum
489 1194 675 1287 spectant
703 1178 891 1274 salutem,
919 1179 1082 1260 monitis
1112 1183 1152 1258 8(
1179 1175 1378 1260 mandatis
1407 1179 1492 1263 eius
1518 1179 1727 1282 humiliter
1755 1208 1899 1288 parere

114 1295 273 1389 curetis,
302 1297 341 1371 8(
364 1291 406 1398 ,εἰ
434 1288 485 1369 de
514 1289 676 1397 iustitijs
702 1291 783 1368 suis
811 1288 980 1398 integre,
1008 1294 1048 1368 8(
1075 1288 1256 1397 plenarie
1271 1286 1568 1398 respondeatis:
1583 1293 1641 1370 ita
1655 1288 1776 1402 quod,
1789 1281 1911 1401 apud¹

16 1455 19 1460 ,
115 1405 235 1484 Deum
264 1430 341 1510 pro
369 1399 595 1480 humilitate
624 1407 664 1480 8(
692 1396 922 1482 obedientia
952 1415 1087 1481 vestra
1115 1417 1374 1508 peecatorum
1416 1417 1643 1500 vestrorum
1668 1404 1826 1482 reniam
1861 1409 1900 1484 8(

114 1515 276 1623 gloriam
310 1511 476 1592 valeatis
510 1512 749 1618 promereri·
769 1526 968 1592 aeternam.
1032 1511 1075 1592 Si
1110 1514 1183 1622 qui
1212 1527 1350 1596 autem
1374 1528 1555 1595 vestrum
1581 1515 1620 1598 ci
1645 1529 1901 1597 contumaces

114 1626 169 1712 rel
199 1622 368 1704 rebelles
396 1621 623 1719 extiterint,
653 1622 892 1723 sententiam
920 1649 1042 1732 quam
1071 1617 1178 1702 idem
1206 1623 1429 1732 Episcopus
1459 1640 1630 1734 propter
1658 1625 1731 1706 hos
1760 1624 1803 1711 iu
1832 1651 1900 1704 eos

111 1733 400 1841 rationabiliter
434 1731 594 1822 tulerit,
630 1751 795 1812 auctore
832 1733 1007 1815 Domino
1035 1750 1165 1814 ratam
1193 1740 1231 1816 8(
1259 1734 1414 1816 firmam
1441 1733 1690 1820 habebimus.
1750 1737 1902 1821 Datum

110 1844 263 1928 'l'uscul
292 1843 382 1927 XV.
409 1839 569 1925 kalend.
598 1843 743 1924 Octob.

112 2234 195 2339 62.
323 2169 326 2177 ι
612 2160 1457 2377 1167·--1178,d.8Nov.¹
1624 2237 1897 2344 Benevem.

181 2437 274 2520 rur.
310 2455 497 2519 namn
527 2456 604 2518 uns
629 2454 708 2517 aru
725 2453 777 2517 rur
804 2451 926 2538 uptun
945 2455 1016 2516 sen
1033 2455 1106 2520 mea
1126 2454 1299 2540 running
1319 2437 1367 2519 aa
1387 2437 1556 2540 agarenae
1575 2439 1681 2538 araga
1695 2445 1838 2539 „330st
1860 2479 1898 2521 r..
1939 2433 1946 2439 ’

231 2540 308 2602 hans
329 2539 440 2604 Prclat
462 2539 511 2600 ldr
532 2537 683 2619 verldslig
704 2537 849 2614 domatol,
870 2535 953 2598 heht
972 2537 1061 2602 deses
1080 2540 1163 2604 hdra
1182 2539 1282 2604 under
1302 2537 1553 2627 ime-bidopen
1574 2542 1586 2602 i
1607 2539 1738 2624 Uprala
1760 2477 1895 2607 raviller

236 2622 305 2686 tter
327 2628 361 2682 tr
381 2622 474 2704 ingen
494 2640 594 2686 annau
614 2629 651 2682 tn
673 2619 809 2682 Pdfrens
829 2619 902 2681 dom
924 2620 1142 2684 underkastad.

1595 2737 1632 2807 Δ(
1650 2745 1672 2810 l·
1688 2752 1713 2806 ⁸}
1734 2753 1758 2790 ¹·

264 2861 506 2956 husmnnnn
535 2871 747 2978 episcopus
776 2879 915 2952 seruus
956 2899 1167 2954 seruorum
1211 2871 1290 2980 dcj.
1363 2875 1541 2956 Dilecsis
1565 2872 1656 2954 filiis
1698 2872 1896 2953 rnlucrsis

101 2983 321 3092 rpsalensis
371 2983 552 3066 ecclesie
594 2980 881 3089 parrochianis.
932 2982 1110 3064 salutem.
1164 2989 1203 3066 8(
1243 2982 1510 3093 *apostolicam
1558 2981 1896 3068 benedictionem·
2036 3044 2039 3052 ν

100 3095 340 3202 suggestum
355 3115 429 3176 est
453 3095 581 3175 nobis.
612 3092 937 3200 &quorundam
965 3093 1160 3175 relatione
1174 3111 1466 3176 monstratum.
1494 3094 1616 3204 'quod
1637 3092 1808 3203 quidam
1823 3120 1896 3174 (ιε-ι.

99 3221 225 3285 strum
269 3205 468 3288 diabolica
511 3205 693 3284 suasione
714 3202 926 3310 'commoti
965 3203 1159 3286 aduersus
1189 3205 1445 3288 ecclesiarum
1476 3205 1653 3314 prelatos
1673 3207 1894 3312 'insurgere

13 3391 14 3394 .
100 3318 401 3398 consueuerint.
432 3323 471 3397 8(
498 3315 658 3396 diuersa
686 3323 742 3393 eis
771 3313 935 3393 crimina
966 3315 1200 3397 obicientes.
1230 3317 1339 3426 ipsos
1366 3343 1488 3424 super
1515 3318 1576 3396 his
1605 3315 1800 3398 laicorum
1830 3315 1897 3394 iun

97 3425 203 3507 dicio
247 3443 365 3507 stare.
395 3429 505 3508 soliti
534 3443 627 3505 sunt
654 3426 878 3506 cohercere.
937 3425 1044 3506 vnde
1072 3455 1198 3536 quum
1226 3449 1290 3508 res
1305 3430 1419 3507 ntra
1448 3426 1634 3508 omnibus
1662 3424 1886 3507 uideretur.
1980 3472 1983 3490 ·

96 3539 130 3617 si
160 3539 248 3618 ouis
277 3555 483 3644 pastorem
506 3562 627 3617 suum
655 3527 838 3643 iugulare
866 3533 1044 3638 deberet.
1075 3555 1146 3616 aut
1174 3539 1219 3618 in·
1246 3565 1345 3618 eom-z
1372 3539 1610 3618 sententiani
1631 3535 1893 3644 'dampnatio-

94 3649 160 3727 nis
186 3647 383 3755 profeme.
412 3641 669 3729 r'nir'r'ersitati
697 3662 832 3726 uestro
864 3673 936 3753 per
953 3647 1187 3754 ‘apostolica
1216 3652 1368 3758 scripta
1395 3649 1641 3730 mandamus.
1656 3663 1892 3758 atquepree
1949 3745 1953 3758 ζ

93 3759 276 3866 cipimus.
305 3762 511 3868 squatinns
553 3758 649 3837 talia
677 3753 865 3837 decetero·
890 3756 933 3835 in
964 3759 1185 3838 animarum
1214 3776 1439 3839 uestrarum
1469 3751 1694 3870 periculum
1721 3757 1890 3837 nullate·

92 3895 171 3950 nus
198 3872 455 3978 attemptetis.
484 3866 554 3950 sed
583 3868 805 3952 uenerabili
832 3865 950 3946 {ratri
975 3888 1117 3958 nostro
1152 3870 1189 3949 S.
1225 3871 1531 3979 archiepiscopo
1573 3888 1720 3950 uestro.
1765 3893 1894 3976 quern

92 4007 170 4058 nos
184 3981 239 4060 ob
253 3981 422 4060 salutem
452 3986 491 4061 8(
519 3978 746 4088 proiectum
775 3995 954 4058 uestrum
983 3979 1034 4060 ad
1064 3997 1201 4088 partes
1228 3981 1315 4060 illas
1344 3981 1576 4062 direximus.
1606 3981 1711 4061 sicut
1726 3977 1892 4084 patri&-

24 4151 28 4160 .
93 4092 246 4196 pastori
275 4111 434 4179 uestros
454 4090 630 4171 debitam
656 4092 698 4168 in
726 4087 916 4168 omnibus
944 4088 1215 4170 obedientiam
1244 4097 1283 4171 8(
1312 4094 1576 4184 reuerentiam
1598 4090 1804 4170 humiliter
1813 4114 1894 4170 cxr·
1997 4124 2000 4132 ’

91 4199 277 4283 hilreatis
295 4209 582 4298 -ncceumaut'
601 4200 724 4280 alium
752 4198 973 4308 quemlibet
1001 4201 1164 4283 ecclesie
1195 4203 1395 4309 prelatum
1411 4231 1546 4283 coram
1562 4201 1672 4283 laicis
1683 4205 1883 4280 'acousaro

87 4337 168 4390 seu
181 4309 230 4389 ad
243 4313 421 4393 seculare
450 4312 640 4393 iudicium
670 4310 840 4392 trahere.
870 4314 1117 4418 presumatis.
1176 4311 1579 4426 Jamdiotisiquident
1594 4310 1885 4418 archiepiscopi

85 4445 265 4528 persona
292 4422 443 4504 nullius
471 4423 645 4504 examini
683 4427 689 4438 '
702 4439 958 4529 preterquam
980 4423 1170 4504 llomani
1213 4424 1412 4533 pontilicis
1436 4427 1503 4491 '-
1531 4423 1665 4534 (resur
1706 4426 1723 4500 i
1762 4419 1883 4530 orig.)
2021 4463 2028 4484 ι

85 4532 273 4612 noscitur
302 4535 521 4615 subiacere.
578 4537 715 4635 Quare
743 4530 858 4642 quod
887 4533 1008 4642 alicuj
1037 4538 1133 4641 regi.
1164 4562 1236 4615 seu
1263 4537 1439 4645 principi
1454 4535 1605 4615 licitum
1627 4537 1883 4642 nequaquam

82 4643 238 4722 existit.
270 4643 390 4724 uobis
418 4674 500 4727 non
529 4643 683 4726 debetis
710 4664 850 4724 contra
881 4644 1047 4724 salutem
1077 4665 1251 4726 uestram
1267 4645 1517 4755 aliquatenus
1531 4670 1737 4752 usurpare.
1754 4671 1881 4752 quum

80 4752 237 4832 exinde
265 4759 550 4863 omiipotentis
579 4754 645 4861 dej
674 4753 987 4860 indignationem
1007 4831 1011 4840 ,
1018 4759 1193 4863 possetis
1208 4785 1296 4845 uon
1319 4755 1769 4864 immeritoplurimum
1797 4754 1880 4833 for-

82 4859 254 4942 midare.
314 4867 464 4944 Datum
493 4867 710 4946 Beneuenti
739 4866 803 4943 Vl.
840 4865 951 4946 Jdus.
981 4865 1234 4946 Nouembris.

306 5006 477 5091 Blybullan
497 5006 657 5090 hangende
677 5008 689 5069 i
710 5016 756 5070 ett
777 5005 885 5069 oblekt
903 5010 1002 5092 mire,
1023 5007 1083 5070 likt
1103 5007 1160 5070 rdr
1183 5005 1244 5069 tide
1263 5005 1433 5087 segelgarn.
1454 5006 1494 5072 Se
1515 5007 1646 5088 Tabai.
1700 5065 1703 5079 .

228 5121 274 5175 (υ.
291 5121 414 5192 neptem.
1236 5149 1238 5155 ·
1702 5113 1744 5166 ¹²
