4362 5946
851 539 908 560 ...
970 513 1101 600 '271
1217 497 1303 562 ...W

161 726 327 792 vestram
356 738 546 821 rogamus
575 715 615 792 8(
642 713 858 802 hortamur
882 728 1035 794 attente
1062 739 1137 822 per
1157 710 1379 824 apostoliea
1394 715 1544 823 scripta
1559 714 1799 818 mandantes
1812 719 1947 828 quati·
2034 737 2035 742 '

160 849 233 902 nus
260 849 382 930 super
410 821 487 903 hoc
514 825 571 904 sic
599 821 728 905 eidem
757 823 949 933 episcopo
977 839 1139 932 gratum
1165 821 1388 907 subsidium
1423 826 1597 932 erogetis
1624 842 1671 908 ut
1697 842 1831 909 uestre
1846 827 1947 912 libe·

156 930 558 1014 ralitatis-adiutorio
584 935 866 1046 subsequente.
895 961 999 1044 opus
1031 953 1113 1016 tam
1141 936 1255 1044 pium
1282 937 1323 1016 8(
1350 931 1554 1016 laudabile
1579 951 1769 1044 optatum
1786 941 1945 1020 sorcia-

157 1061 222 1125 tur
245 1041 452 1134 effectum
496 1071 650 1154 uosque
679 1045 840 1153 possitis
868 1059 952 1125 tam
978 1062 1162 1127 nostrum
1191 1073 1314 1159 quam
1356 1045 1503 1154 prelati
1530 1048 1655 1128 uestri
1689 1046 1870 1131 fauorem
1906 1054 1946 1131 8(

152 1153 326 1344 praciam
355 1181 430 1264 per
457 1153 531 1234 hec
560 1160 601 1235 8(
628 1153 707 1235 alia
736 1155 894 1270 pietatis
923 1181 1047 1265 opera
1076 1159 1299 1266 promereri
1326 1160 1367 1236 8(
1395 1154 1585 1237 meritum
1605 1161 1800 1268 consequi
1827 1163 1945 1241 retri-

68 1377 71 1380 .
182 1265 336 1346 ucionis
364 1281 502 1347 eterne
536 1269 686 1348 Datum
715 1268 887 1377 anagnie
924 1268 1059 1348 Illlzto
1101 1268 1204 1349 Non.
1247 1265 1481 1352 nouembris
1522 1267 1784 1354 pontificatus
1812 1272 1944 1380 nostri

151 1401 256 1455 anno
289 1393 416 1458 sexto.

54 1691 58 1698 ’
151 1661 286 1806 273.
439 1603 442 1613 i
699 1703 703 1708 ·
803 1663 949 1770 1232
999 1661 1048 1767 d.
1099 1661 1306 1774 a'Nov.
1696 1665 1941 1836 *Anagnis
2048 1775 2052 1780 ,

225 1881 319 1945 psa.
339 1883 517 1946 Graccum
539 1884 608 1950 nes
629 1885 708 1948 Bref
721 1885 769 1948 till
789 1882 942 1966 Bialopen
962 1883 974 1945 i
994 1881 1185 1968 Linlb'ping,
1207 1883 1351 1946 Abboten
1371 1884 1382 1945 i
1402 1885 1546 1950 Alvastra
1566 1882 1627 1948 och
1653 1883 1784 1947 Prosten
1803 1885 1815 1946 i
1840 1882 1943 1950 stem

279 1967 387 2047 uirgo,
409 1965 543 2029 rdrande
563 1967 679 2049 llagan
700 1968 738 2028 al
753 1967 861 2028 stiftets
881 1964 1083 2049 Presterskap
1103 1975 1151 2026 att
1171 1965 1322 2048 aakiffige
1343 1967 1382 2029 af
1396 1967 1488 2032 adeln
1509 1969 1571 2031 och
1591 1965 1689 2031 sume
1709 1967 1833 2030 lekmin
1860 1987 1943 2057 uppe

279 2048 373 2131 bryta
392 2046 454 2112 och
474 2048 584 2155 ofreda
604 2048 764 2134 lyrkorna
784 2058 864 2112 samt
884 2049 1017 2112 t'drstdra
1038 2045 1099 2110 och
1119 2048 1237 2112 fana-a
1257 2045 1343 2113 bvad
1362 2049 1419 2112 der
1440 2051 1544 2114 linues.

62 2352 69 2362 -
107 2389 109 2394 ,
316 2277 791 2408 Gancomus‘episcopus
819 2323 960 2378 seruus
989 2322 1202 2376 seruorum
1231 2293 1296 2376 dei
1317 2271 1539 2380 venerabili
1560 2296 1675 2380 fratri
1704 2357 1713 2380 .
1745 2357 1753 2379 .
1783 2298 1938 2404 episco-

87 2436 91 2444 ’
132 2431 192 2516 po
239 2407 468 2514 lincopensi
512 2427 562 2490 et
594 2409 753 2492 dilectis
794 2408 884 2491 filiis
927 2468 936 2489 .
977 2466 988 2486 .
1032 2406 1169 2488 abbati
1210 2406 1262 2488 de
1310 2406 1547 2499 alwastrnm
1588 2411 1629 2488 8(
1670 2467 1680 2488 .
1730 2471 1740 2489 .
1788 2433 1939 2524 prepo-
1971 2441 1973 2446 ·

133 2520 216 2599 sito
255 2515 310 2600 de
338 2516 555 2628 scheninge
590 2518 834 2628 lincopensis
877 2509 1059 2623 dyocesis
1102 2515 1269 2597 salutem
1314 2523 1354 2598 8(
1394 2519 1660 2626 apostolicam
1674 2514 1941 2613 benedicent·
1986 2561 2021 2602 κ,
2153 2487 2170 2558 7

7 2626 8 2629 ‘
128 2656 240 2710 nem.
292 2628 439 2708 Dilecti
470 2627 544 2738 filij
572 2631 753 2716 vniuersi
782 2627 1039 2709 ecclesiarum
1069 2626 1216 2736 prelati
1244 2631 1283 2710 8(
1304 2627 1455 2714 ¹clerici
1482 2628 1727 2736 lincopensis
1756 2626 1936 2710 diocesis.

129 2767 310 2846 grauem
348 2737 413 2819 ,ad
470 2767 545 2820 nos
600 2741 856 2821 transmisere
920 2737 1127 2848 querelam
1176 2737 1288 2847 quod
1337 2738 1526 2820 nonnulli
1574 2737 1731 2821 nobiles
1780 2742 1820 2819 8(
1868 2737 1938 2822 alii

126 2849 242 2958 layci
287 2847 471 2930 eiusdem
513 2850 696 2960 dyocesis
721 2848 788 2946 ,ad
832 2849 1018 2930 ecclesias
1061 2847 1296 2959 frequenter
1340 2877 1432 2930 cum
1473 2877 1741 2960 personarum
1769 2853 1809 2930 8(
1843 2875 1938 2930 eue-

122 2962 332 3048 ctionum
365 2958 560 3042 effrenata
602 2959 860 3044 multitudine
889 2959 1124 3042 accedentes
1153 2971 1290 3065 earum
1320 2962 1420 3041 seris
1448 2966 1488 3040 8(
1516 2961 1647 3070 portis
1682 2987 1793 3042 ausu·
1814 2959 1939 3051 sacri-
2076 3060 2082 3072 ,
2124 3009 2126 3017 ,

119 3071 220 3182 lego
255 3070 411 3152 fractis.
439 3069 549 3152 bona
578 3073 727 3157 ibidem
756 3072 925 3158 inuenta
952 3071 1159 3154 destruere
1186 3099 1232 3150 ac
1243 3097 1494 3152 consumere.
1524 3097 1608 3152 non
1630 3086 1834 3152 verentur.
1863 3069 1937 3182 qui

116 3181 154 3262 si
185 3183 331 3262 uerbo
360 3181 426 3261 uel
456 3180 565 3262 facto
594 3182 671 3264 sibi
698 3181 751 3262 ab
781 3179 929 3262 eisdem
958 3181 1123 3289 prelatis
1152 3185 1192 3262 8(
1220 3180 1375 3261 clericis
1395 3180 1616 3292 aliquando
1635 3182 1823 3263 resistant
1835 3167 1934 3289 ipsis'
1963 3233 1965 3239 ,
1995 3254 2000 3260 .

115 3294 161 3374 in
198 3292 396 3401 personis
425 3292 614 3374 &rebus
642 3294 848 3402 grauiores
876 3292 1059 3373 inferunt
1087 3292 1255 3372 iniurias
1283 3297 1323 3371 &
1350 3292 1526 3374 iacturas
1548 3320 1676 3402 quare
1703 3291 1782 3371 nisi
1811 3317 1936 3400 super

111 3402 201 3486 boc
239 3400 515 3512 prouideatur
544 3404 703 3485 eisdem.
732 3431 807 3510 pre
825 3419 1087 3512 paupertate.
1124 3430 1172 3483 ac
1200 3400 1433 3485 huiusmodi
1462 3402 1654 3504 molestiis
1689 3397 1937 3508 compellens

111 3530 188 3594 tur
221 3515 344 3623 ipsas
373 3515 558 3596 ecclesias
587 3516 817 3624 relinquere
846 3513 1045 3594 desolatas
1079 3513 1183 3592 Cum
1211 3513 1338 3620 igitur
1367 3513 1478 3594 laicis
1493 3513 1607 3594 nulla
1637 3515 1688 3594 sit
1704 3511 1938 3626 »imperandi

110 3625 296 3706 clericis
326 3651 371 3704 ac
400 3621 643 3734 disponendi
672 3624 722 3706 de
751 3623 873 3718 rebus
902 3623 1175 3705 ecclesiasticis
1204 3623 1401 3704 attributa
1415 3639 1592 3733 potestas
1608 3622 1850 3726 discrecioni
1865 3619 1936 3732 ue7

109 3753 202 3819 stre
237 3761 325 3844 per
352 3736 573 3843 apostolica
601 3737 752 3844 scripta
782 3734 1014 3815 mandamus
1042 3735 1236 3844 quatinus
1264 3734 1297 3814 si
1313 3748 1373 3813 est
1388 3737 1444 3814 ita
1459 3732 1592 3818 dictos
1606 3726 1763 3817 nobiles
1777 3749 1818 3815 et
1833 3733 1934 3817 alios

105 3843 240 3956 quod
276 3873 304 3922 a
334 3845 529 3926 similibus
556 3845 607 3926 de
635 3865 768 3933 cetero
797 3847 957 3954 penitus
972 3845 1271 3952 conquiescant.
1300 3845 1527 3926 monicione
1542 3848 1734 3955 premissa
1748 3871 1824 3953 per
1838 3839 1933 3926 cens
2065 3917 2068 3926 .

102 3984 264 4045 suram
299 3955 606 4037 ecelesiasticam
648 3957 925 4080 appellacione
967 3957 1121 4035 remota
1164 3957 1267 4036 sicut
1310 3956 1459 4038 iustum
1506 3955 1629 4038 fuerit
1672 3953 1932 4062 compellatis,

100 4070 316 4150 Prouiso.
344 4095 396 4147 ne
424 4067 469 4146 in
496 4082 646 4148 terram
676 4070 858 4177 ipsorum
900 4064 1102 4146 nobilium
1143 4067 1576 4148 excommunicacionis
1618 4065 1684 4146 uel
1727 4060 1932 4150 interdicti

95 4178 378 4264 sentenciam
406 4175 623 4286 proferatis
652 4179 729 4257 nisi
772 4205 893 4284 super
925 4174 1014 4258 ,hoc
1057 4173 1289 4258 mandatum
1319 4205 1353 4278 a,
1372 4176 1490 4260 nobis
1510 4175 1743 4284 receperitis
1759 4172 1932 4283 speciale
1999 4177 2001 4180 ’

95 4289 247 4394 Quod
284 4288 434 4371 sinon
460 4315 600 4368 omnes
628 4287 705 4370 hiis
733 4285 980 4398 exequendis
1010 4285 1222 4396 potueritis
1250 4288 1443 4368 interesse
1478 4305 1524 4367 tu
1574 4285 1700 4368 frater
1742 4287 1932 4396 episcope

91 4431 201 4486 cum
238 4425 395 4482 eorum
429 4396 558 4480 altero
586 4427 633 4480 ea
662 4392 924 4480 nihilominus
960 4396 1183 4506 exequaris.
1228 4400 1380 4480 Datum
1422 4397 1608 4506 Anagnie
1651 4397 1785 4480 1111s0
1801 4395 1930 4498 nonis

91 4509 368 4598 nouembris
395 4510 657 4626 pontificatus
687 4511 813 4592 nostri
842 4534 951 4590 anno
979 4525 1104 4592 sexto.
1283 4513 1285 4521 '
2024 4516 2029 4532 “
