4404 5960
920 315 1049 461 ⁵-
1159 393 1253 491 aar.
1350 431 1406 462 .-

305 615 490 717 slasticis,
516 609 640 728 alque
670 607 956 808 rebus„³·puin'
969 611 1106 726 potius
1128 615 1290 700 dictum
1318 616 1565 729 Episcopum
1579 609 1823 725 ¹recipientes
1841 615 2057 725 hylaritsrst

304 723 473 817 honeste
498 737 839 828 tractantem-ac?
870 752 907 806 e.
921 721 1123 836 premissis
1139 753 1232 811 *vos
1251 755 1336 811 non
1365 729 1679 811 intromittentes
1715 722 1767 808 de
1806 742 1936 811 cetero
1960 730 2059 812 eidem

236 927 241 934 ,
302 845 511 953 tamquam
539 831 647 948 patri
669 857 715 922 et
741 833 896 948 pastori
925 833 1147 920 animarum
1164 833 1401 922 'uestrarum'
1441 835 1561 947 plen'e
1575 909 1577 913 .
1590 835 1638 921 be
1657 836 1876 921 ¹humiliter
1915 841 2060 924 inteuda'·

305 953 442 1045 tinet
460 948 683 1044 exhibeatis
715 951 752 1030 ei
769 945 1132 1050 ,honorificentiam
1150 950 1328 1033 debitam
1355 966 1397 1030 et
1425 947 1919 1059 devotam,cjus·salubria
1944 953 2063 1056 monita

212 1117 214 1124 ι
275 1061 277 1068 ’
304 1081 348 1150 et
370 1058 564 1158 ‚mandata
588 1055 1033 1170 susciptendnderore,
1060 1090 1108 1144 ac
1136 1061 1423 1146 inviolabiliter
1444 1061 1713 1148 observando.
1742 1062 1893 1146 Datum
1903 1079 1945 1146 ut
1957 1057 2064 1172 supt's.

244 1427 248 1432 .
308 1297 445 1430 2507.
777 1303 780 1312 ⁴
843 1313 859 1322 “·
912 1281 1084 1390 '1253
1129 1282 1178 1389 d.
1233 1309 1298 1427 17
1349 1284 1482 1430 Aug.
1732 1333 1735 1340 ⁴
1891 1283 2067 1426 assiri.

307 1573 310 1578 Ι
359 1439 1676 1574 ⁴stratumne1v=ss1etturltsnungeninaumartssammiamness'
1711 1447 1734 1462 Η
1780 1553 1802 1610 F
1834 1571 1858 1609 v
1879 1529 1936 1614 m
1970 1455 1975 1464 ¹
2006 1453 2011 1464 ¹

472 1617 724 1706 Iunooennbs
750 1628 823 1704 &n
853 1625 1072 1732 Carissimo·
1093 1632 1134 1708 in
1161 1625 1320 1707 Christo
1337 1627 1433 1729 filio
1460 1625 1622 1706 Illustri
1646 1627 1752 1734 Regi
1778 1630 1915 1708 Dacis.

473 1731 703 1816 Lundensis·
727 1734 905 1814 Ecclesia
935 1741 1008 1816 &u
1038 1755 1161 1845 nsque
1182 1735 1438 1816 incrementa.
1467 1737 1670 1837 Quocirca
1701 1737 1961 1818 serenitatem
1985 1751 2073 1819 tuan

306 1871 507 1957 rogamus,
520 1859 562 1926 et
575 1869 780 1926 monemus
795 1861 956 1942 attente,
984 1861 1184 1956 quatenus
1199 1848 1332 1955 ipsum
1350 1872 1493 1927 sereno
1507 1846 1625 1926 vultu
1640 1849 1856 1955 respiciens
1872 1865 1913 1928 et
1926 1846 2074 1953 benigne

241 1979 245 1985 ’
307 1954 772 2071 pertractans'eumdem,
786 1972 829 2037 et
842 1957 1091 2038 commissam
1105 1958 1191 2038 sibi
1205 1957 1459 2039 Lundensem
1480 1957 1697 2038 Ecclesiam
1710 1959 1859 2040 habeas
1876 1988 1950 2069 pro
1964 1956 2075 2041 divina

304 2087 348 2153 et
377 2068 597 2179 apostolice
634 2065 748 2150 Sedis
777 2095 824 2147 ac
852 2063 990 2148 nostra
1020 2069 1244 2150 reverentia
1270 2071 1511 2180 propensius
1539 2067 1839 2150 commendatos
1867 2097 1936 2152 eos
1964 2069 2075 2150 lavore

307 2183 435 2289 Regio
461 2178 766 2289 prosequendo,
797 2181 853 2258 ita
881 2177 1133 2288 quodidem,
1163 2207 1283 2290 quem
1299 2183 1374 2263 tibi
1390 2177 1661 2262 desideramus
1675 2198 1905 2290 acceptum,
1934 2178 2077 2261 etteilli

305 2291 515 2402 potissime
542 2292 763 2400 gratiosum
794 2305 913 2378 tuam·
940 2291 1017 2371 sibi
1035 2307 1086 2371 -et
1114 2290 1244 2372 eidem
1288 2291 1462 2374 Ecclesie
1491 2291 1655 2374 affuisse
1696 2283 2007 2374 benivolentiam
2031 2317 2078 2370 re·

303 2428 556 2514 cognoscens
584 2399 637 2482 ad
670 2395 934 2482 dilectionem
955 2417 996 2481 et
1025 2403 1233 2483 caritatem
1257 2418 1374 2484 tuam
1402 2403 1550 2483 fortius
1598 2404 1820 2512 obligetur,
1849 2431 2003 2514 nosque
2027 2399 2080 2482 de·

167 2507 171 2520 '
305 2515 482 2599 sotionis
510 2529 580 2593 tue
609 2510 739 2592 zelum
767 2539 859 2592 cunr
886 2512 1107 2622 gratiarum
1142 2515 1370 2596 actionibus
1401 2513 1745 2596 commendemus.
1804 2518 1957 2596 Datum
1985 2513 2081 2594 Asisii

242 2721 245 2732 ,
306 2627 417 2722 XVI¹
434 2624 579 2754 Kalen.
609 2621 874 2736 Septembris,
904 2625 1166 2709 Pontificatus
1195 2628 1327 2708 nostri
1355 2627 1475 2710 Anno
1503 2624 1574 2707 XI.

311 2831 446 2963 408.
937 2835 1047 2966 ¹125
1059 2831 1090 2943 3
1136 2833 1192 2963 d.
1240 2876 1306 2980 17
1352 2835 1487 2982 Aug.
1523 2957 1525 2962 .
1695 2857 1701 2862 ’
1932 2831 2083 2980 Assisi.

202 2999 214 3008 ‘
347 2991 351 3005 '
387 2987 480 3052 Pttv.
501 2984 697 3048 lmtocssrrus
719 2983 789 3052 {Vn
810 2985 962 3051 Tiltsttnd
994 2991 1044 3051 sm·
1071 2990 1213 3054 Decanus
1243 2991 1304 3053 och
1326 3011 1343 3052 2
1365 2989 1504 3052 Kaniler
1524 2991 1535 3052 i
1556 2987 1646 3050 Lund
1668 3000 1728 3068 att,
1760 2987 1801 3050 da
1828 2989 1866 3050 dc
1889 2989 1942 3050 ter
1962 2987 2083 3066 denut-

439 3067 533 3140 thtle
553 3065 806 3154 tite-Bistopen
827 3071 957 3154 niidgats
977 3082 1053 3135 sttta
1073 3074 1118 3153 sig
1138 3077 1149 3134 i
1169 3073 1276 3152 skuld,
1309 3073 1341 3134 tt
1362 3073 1434 3136 lana
1455 3063 1516 3137 236
1537 3071 1641 3154 leidiga
1669 3073 1761 3135 mark
1791 3071 1918 3150 slllrcr,
1952 3071 2020 3132 dem
2037 3061 2083 3126 ‹1-

440 3149 574 3236 nyvalde
594 3149 846 3241 lale-Bislopen
867 3155 928 3218 och
949 3157 1072 3240 kyrian
1093 3156 1192 3218 slulle
1212 3155 1324 3220 betula.
1529 3235 1554 3293 r
1582 3255 1604 3294 ι.
1623 3253 1673 3292 m
1701 3209 1746 3291 M
1776 3252 1803 3288 u
1834 3233 1878 3306 Ep
1909 3252 1962 3304 1⁰9

370 3311 373 3323 '
472 3303 725 3387 Innocentius
753 3310 825 3386 &e
856 3309 1027 3389 Delectis
1055 3311 1189 3404 Filiis,
1222 3307 1368 3387 Socero
1394 3311 1556 3387 Dccono
1585 3307 1759 3386 Sucnoni
1783 3325 1821 3387 et
1852 3302 2085 3416 AquisoCo·

475 3420 655 3519 'nonicis
680 3437 720 3498 et
747 3420 1087 3500 Procuratoribns
1114 3418 1289 3499 Ecclesia
1318 3420 1536 3499 Lentiensis
1566 3417 1744 3498 Salutem
1772 3421 1844 3497 &n

472 3525 522 3603 ln
548 3541 686 3604 nostra
722 3531 920 3634 presentia
964 3531 1174 3610 constituti
1216 3528 1334 3609 nobis
1368 3529 1574 3609 humiliter
1616 3525 1891 3636 supplicastis,
1937 3544 1985 3604 ut
2011 3547 2088 3604 cum

335 3661 384 3720 ro
410 3633 670 3743 expediendis
691 3639 869 3746 negociis
899 3641 1150 3723 Venerabilis
1177 3641 1329 3718 Fratris
1359 3642 1487 3720 nostri
1515 3639 1655 3721 Jacohi
1682 3637 1893 3748 quondam
1911 3633 2089 3746 Episcopi

303 3666 582 3853 boskildensis
618 3747 661 3826 in
707 3749 966 3859 Archiepisco
998 3779 1065 3832 um
1113 3749 1369 3830 Lundensem
1414 3751 1540 3831 Electi
1569 3766 1610 3829 et
1638 3747 1777 3830 dilecti
1805 3749 1877 3829 filii
1912 3741 2091 3856 Capituli

298 3859 482 3942 Ecclesia
509 3858 736 3940 Lundensis
766 3859 875 3968 apud
891 3781 1046 3942 'Sedent
1076 3862 1339 3970 apostolicam
1371 3863 1601 3968 oportuerit
1631 3888 1704 3942 vos
1732 3859 1868 3954 subire
1885 3885 2014 3941 onera
2035 3853 2091 3936 de·

297 3971 502 4066 bitorum,
537 3969 753 4079 providere
781 3997 906 4079 super
930 3972 1008 4053 hoc
1039 3990 1205 4080 paterna
1234 3969 1505 4052 sollicitudine
1535 3997 1775 4054 curaremus.
1834 3975 1924 4054 Nos
1969 3972 2093 4076 itaque

158 4109 161 4115 ·
300 4084 448 4166 vesnia
474 4081 837 4191 supplicationibus
867 4083 1067 4176 inclinati,
1098 4081 1332 4163 discretioni
1363 4099 1494 4162 vestre
1524 4101 1692 4194 propter
1714 4085 1792 4163 lroc
1823 4081 2093 4192 predictorum

300 4209 345 4276 'ct
372 4191 552 4301 Capituli
580 4185 744 4274 nomine
773 4216 900 4304 usque
930 4192 982 4273 ad
1017 4221 1211 4273 summam
1255 4191 1520 4274 ducentarum
1563 4195 1728 4303 triginta
1771 4221 1842 4274 ser
1871 4215 2095 4274 marearum

300 4307 462 4412 ‘argenti
491 4304 535 4384 iu
562 4304 743 4412 pondere
773 4302 964 4384 Trecensi
995 4307 1039 4385 in
1066 4320 1249 4385 mutuum
1279 4303 1558 4400 contrahendi,
1587 4321 1628 4386 et
1656 4305 1763 4386 bona
1793 4333 1939 4385 eorum
1987 4304 2095 4386 etiam

305 4414 535 4525 obligandi,
563 4413 724 4523 plenam
751 4419 991 4497 auctoritate
1022 4418 1266 4525 presentium
1296 4414 1553 4497 concedimus
1596 4415 1837 4498 facultatem.
1896 4419 1967 4497 lta
1997 4407 2097 4526 quod

223 4586 228 4594 .
298 4523 469 4606 Electus
497 4543 538 4608 et
565 4525 745 4608 Ecclesia
773 4529 983 4608 memorati
1009 4525 1241 4637 hujusmodi
1271 4529 1484 4634 pecuniam
1530 4529 1740 4611 restituere
1781 4543 2028 4624 teneantur,
2066 4533 2099 4604 et

307 4633 385 4723 illi.
413 4639 485 4744 qui
513 4665 600 4718 eam
620 4636 737 4719 vobis
767 4639 1056 4736 mutuaverint,
1085 4635 1198 4747 quod
1227 4637 1270 4716 in
1299 4635 1515 4717 utilitatem
1551 4639 1698 4739 Electi,
1733 4658 1774 4722 et
1801 4638 1990 4720 Ecclesie
2018 4659 2099 4748 pre·

233 4785 237 4790 ·
306 4747 509 4854 dictorum
537 4748 589 4852 sit
616 4750 700 4858 ipsa
732 4775 924 4829 conversa
958 4763 1144 4858 pretextu
1179 4745 1349 4852 alicujus
1384 4741 1684 4832 ¹constitutionis
1724 4751 1925 4838 canonice
1939 4750 2027 4832 'rel
2054 4743 2102 4826 ci·

305 4857 398 4971 v'ilis
426 4871 468 4934 et
493 4855 782 4970 cujuscumque
810 4860 1076 4968 alterius-per
1118 4883 1220 4966 quos
1250 4857 1421 4966 predicti
1462 4861 1613 4954 electus
1642 4878 1682 4942 et
1712 4861 1886 4942 Ecclesia
1920 4863 2034 4941 tueri
2066 4881 2101 4935 se

306 4976 472 5084 possent
499 4964 583 5047 ulla
610 4969 813 5077 probandi
840 4969 1055 5052 necessitas
1083 4995 1165 5048 non
1187 4968 1405 5050 incumbat.
1436 4971 1586 5057 Datum
1606 4975 1724 5058 Asisii
1752 4973 1862 5055 XVI.
1889 4970 2103 5074 Kalendas

194 5157 206 5166 .
306 5073 860 5195 &portentosissima
887 5081 1018 5164 nostri
1046 5083 1166 5164 Anno
1196 5079 1432 5168 Vndeeimc.
