4370 5950
955 437 1012 457 ...
1129 394 1223 494 146,
1314 349 1370 460 ..⁵

269 622 376 716 dena
401 649 526 708 mortu
549 643 591 712 se
619 630 818 722 expurget
846 613 888 694 Si
916 641 1010 694 reus
1038 612 1161 728 fuerit
1189 615 1317 696 actori
1352 615 1412 695 Ill
1441 614 1504 694 vel
1533 613 1594 696 Vl
1619 639 1773 696 marcas
1793 612 1970 696 emendet
1988 643 2039 698 se·

269 733 448 818 cundum
478 725 640 810 wlneris
668 724 916 834 qualitatem.
945 741 986 804 et
1014 725 1074 804 ΙΙΙ
1104 752 1258 812 marcas
1286 726 1384 835 regi.

435 840 480 920 Si
508 839 599 948 quis
628 836 831 918 hominem
872 834 1134 916 interfecerit.
1176 854 1363 944 suscepta
1405 834 1676 918 satisfactione
1710 834 1874 926 frithluz
1902 836 1983 916 erit.
2008 855 2043 918 et

269 954 403 1040 onmia
431 951 558 1058 ipsius
586 947 753 1028 mobilia
780 962 875 1029 sunt
904 944 993 1054 jure
1021 948 1135 1054 regio
1162 945 1430 1029 confiscanda.
1459 949 1565 1028 Reus
1580 948 1707 1027 eciam
1721 975 1806 1027 non
1832 960 1892 1026 est
1918 974 2043 1054 pacem
2160 1023 2163 1040 ,

267 1071 311 1149 in
337 1078 580 1174 perpetuum
609 1074 856 1168 recepturus.
1376 1146 1379 1154 ‚

210 1219 215 1226 ·
347 1201 355 1216 ¹
432 1172 628 1277 Quamuis
665 1187 798 1250 autem
826 1169 935 1277 regie
963 1169 1015 1248 sit
1042 1168 1252 1275 potestatis
1283 1167 1390 1276 leges
1418 1168 1594 1251 condere
1623 1167 1686 1248 vel
1711 1183 1881 1260 mutare.
1910 1167 2045 1274 Legem

161 1299 165 1307 ’
265 1280 371 1367 hane
399 1311 450 1364 ex
477 1310 587 1364 nouo
615 1309 699 1361 non
727 1279 936 1362 condimus
964 1277 1033 1360 sed
1063 1279 1114 1360 ab
1142 1281 1319 1390 antiquis
1349 1280 1600 1388 temporibus
1628 1279 1902 1376 constitutum.
1931 1295 1971 1360 et
1983 1305 2046 1358 an·

265 1424 411 1479 norum
435 1394 699 1475 multitudine·
729 1418 809 1500 que
838 1389 1057 1470 obliuionis
1085 1405 1213 1468 mater
1235 1409 1305 1473 est.
1335 1392 1568 1498 ignorancie
1602 1389 1762 1471 nebulis
1798 1388 2044 1471 obfuscatam.

218 1577 222 1586 ,
266 1507 320 1598 ad
356 1506 574 1586 humanam
604 1533 627 1584 a
657 1531 738 1612 qua
766 1503 900 1610 lapsus
929 1516 989 1580 est
1025 1502 1256 1583 memoriam
1298 1529 1547 1584 reuocamus.
1603 1503 1768 1580 Ceteros
1797 1529 1894 1582 vero
1921 1517 2047 1580 nostre

265 1617 363 1726 legis
392 1615 583 1698 articulos
613 1613 746 1722 parati
779 1639 916 1694 sumus
943 1612 1014 1692 vbi
1055 1614 1269 1693 necessitas
1313 1614 1589 1721 postulauerit.
1618 1610 1840 1692 emendare.
1897 1611 2047 1718 Siquis

264 1729 409 1808 autem.
438 1726 673 1808 temeritatis
700 1751 771 1804 sue
800 1722 1107 1833 presumpcione
1144 1724 1354 1805 animatus.
1383 1724 1478 1804 huic
1520 1739 1661 1805 nostre
1703 1723 1984 1804 constitucioni
2010 1749 2046 1802 se

169 1933 175 1944 ,
234 1825 493 1926 »eihibuerit
520 1849 823 1944 repugnantem.
852 1831 1200 1914 animaduersione
1228 1834 1366 1919 debita
1394 1833 1626 1943 puniendus
1674 1835 1826 1942 regiam
1861 1861 1903 1914 se
1929 1829 2048 1912 offen·

264 1947 371 2030 disse
398 1975 484 2028 non
513 1947 689 2056 ambigat
717 1947 960 2027 maiestatem
996 1944 1143 2024 Actum
1170 1943 1216 2053 jn
1245 1948 1408 2030 ciuitate
1443 1944 1664 2026 Lundensi.
1705 1949 1825 2026 Anno
1861 1944 2047 2050 incarnati

228 2121 233 2140 .
264 2059 390 2150 verbi.
418 2057 599 2140 M⁰cc⁰t
627 2064 747 2137 Anno
776 2055 1056 2139 coronacionis
1084 2056 1243 2138 Kanuti
1271 2059 1389 2166 regis.
1403 2055 1553 2137 XXXI.
1580 2056 1813 2137 Monarcbie
1835 2057 1931 2136 eius.
1947 2053 2047 2136 XIX.

265 2173 411 2280 quinto
439 2167 518 2250 kal.
546 2167 730 2277 Januarij
767 2166 979 2248 Assidente
1028 2167 1204 2247 Domino
1247 2169 1450 2250 Absolone
1492 2165 1697 2248 Lundensi
1743 2167 2049 2275 Archiepiscopo

265 2283 317 2361 Et
346 2297 473 2392 petro.
502 2279 680 2364 eiusdem
707 2279 882 2360 ciuitatis
910 2276 1100 2387 prefecto.
1129 2308 1222 2360 cum
1249 2282 1386 2362 multis
1415 2277 1625 2360 nobilibus
1653 2276 1829 2359 eiusdem
1858 2294 1976 2358 terre.

164 2647 172 2656 .
276 2711 453 2818 119..
958 2670 1392 2776 12012--1223,

347 2887 528 2956 irie-nist.
550 2893 561 2953 i
581 2890 673 2954 Lund
696 2889 838 2952 Annaeus
861 2889 1025 2952 Susrssons
1046 2887 1231 2952 bekmstelse
1251 2889 1301 2952 fb'r
1323 2889 1470 2954 Abboten
1493 2854 1634 2954 literram>
1655 2891 1666 2951 i
1688 2890 1812 2976 Nydalu
1843 2892 1885 2976 pt
1917 2893 2051 2954 llostrets
2160 2959 2162 2976 .

398 2974 586 3057 egendomar
605 2973 664 3034 och
685 2974 726 3056 pb
747 2973 940 3035 frilallelsen
962 2975 1031 3036 frdn
1051 2973 1171 3036 tiondes
1195 2973 1380 3056 erlliggande
1401 2975 1438 3036 af
1456 2974 1517 3038 den
1539 2974 1617 3058 jord,
1638 2994 1704 3038 som
1715 2975 1876 3038 Brb'derna
1899 2975 1970 3038 med
1981 2975 2050 3057 egui

399 3056 521 3120 btlnder
542 3058 621 3120 eller
641 3056 681 3140 pi
703 3057 750 3117 sin
770 3054 942 3117 bekostnad
963 3056 1117 3120 brukade·
1697 3137 1723 3191 Α
1752 3139 1767 3192 3
1795 3155 1812 3190 ι
1842 3152 1865 3191 ι,
1887 3155 1919 3192 m

429 3275 617 3354 Annaeus
647 3268 714 3353 dei
742 3270 873 3382 gratia
908 3289 1042 3354 sancte
1077 3269 1284 3352 lundensis
1326 3270 1492 3354 ecclesie
1528 3269 1866 3383 archiepiscopus.
1899 3269 2053 3354 Suethie

159 3387 169 3410 ⁸
256 3406 258 3412 ’
294 3381 425 3464 rimas.
461 3380 618 3464 dilectis
652 3381 695 3462 in
722 3382 875 3464 christo
911 3383 1014 3464 filiis.
1056 3381 1260 3464 Richardo
1288 3383 1429 3491 abbatj
1458 3383 1508 3463 de
1535 3411 1645 3466 noua
1688 3385 1794 3464 ualle
1838 3384 2055 3490 ceterisque

264 3411 459 3574 iratribus
487 3493 712 3602 regularem
726 3495 851 3573 uitam
866 3493 1017 3575 ibidem
1039 3492 1230 3602 professis
1244 3494 1412 3576 salutem
1432 3501 1472 3576 &
1487 3493 1822 3602 benedictionem.
1852 3494 2050 3594 Quoniam

262 3630 435 3686 suanos
463 3601 563 3684 deus
589 3602 848 3712 prouidentia
876 3605 919 3688 in
947 3606 1203 3686 eminentiori
1230 3607 1475 3688 constituere
1504 3605 1638 3687 uoluit
1667 3605 1806 3687 locoe
1839 3605 1979 3687 uitatis
1993 3607 2050 3686 in·

211 3779 217 3790 .
264 3714 372 3796 tuitu
401 3712 717 3822 constringimur
745 3742 971 3824 pauperum
1000 3715 1140 3796 christi
1167 3716 1473 3799 necessitatibus
1509 3743 1587 3824 pro
1618 3743 1736 3825 posse
1770 3635 2054 3798 subuenire&

120 3857 123 3864 ·
263 3853 404 3908 eorum
432 3824 675 3906 utilitatibus
702 3824 944 3908 omnimodis
972 3827 1201 3934 prouidere.
1238 3827 1441 3935 iustasque
1478 3855 1618 3908 eorum
1652 3826 1949 3936 postulationes
1983 3823 2056 3937 pijs

263 3936 431 4016 auribus
459 3934 664 4018 exaudire.
693 3933 921 4019 &effectui
951 3937 1193 4043 mancipare.
1222 3937 1452 4046 Eapropter
1481 3935 1619 4018 dilecti
1649 3939 1692 4018 in
1721 3936 1885 4020 domino
1902 3938 1977 4046 filij
1992 3963 2056 4046 pe-
2113 4031 2119 4042 ‚

264 4043 406 4128 ticioni
434 4064 569 4130 uestre
598 4046 757 4129 facilem
786 4048 1001 4156 prebentes
1029 4073 1232 4128 assensum
1260 4049 1439 4156 presenti
1473 4050 1627 4157 scripto
1670 4049 1789 4130 uobis
1834 4054 2056 4160 uestrisque

263 4157 559 4240 successoribus
576 4158 868 4241 'confirmamus
897 4185 1173 4269 quascumque
1202 4159 1472 4266 possessiomes
1496 4187 1752 4271 quecumque
1765 4162 1873 4243 bona
1908 4162 1954 4242 in
1967 4186 2055 4271 pre·

262 4268 483 4350 sentiarum
510 4271 614 4353 iuste
643 4277 682 4352 &
709 4271 903 4351 canonice
931 4271 1124 4353 obtinetis
1151 4269 1218 4349 uel
1246 4272 1289 4351 in
1317 4269 1501 4352 futurum
1530 4287 1736 4380 prestante
1751 4270 1919 4353 domino
1948 4265 2057 4354 iustis

261 4376 391 4458 modis
418 4381 603 4487 poteritis
631 4379 810 4489 adipisci.
839 4379 892 4460 Jn
918 4381 1069 4491 quibus
1096 4381 1170 4463 hee
1190 4383 1368 4492 propriis
1388 4381 1577 4465 duxinms
1598 4381 1860 4492 exprimenda
1880 4386 2058 4466 uocabu-

263 4485 324 4568 lis.
353 4487 505 4571 Locum
533 4493 666 4601 ipsum
695 4516 801 4572 noue
829 4490 948 4574 uallis
975 4493 1019 4574 in
1047 4523 1133 4606 quo
1168 4497 1455 4576 monasterium
1490 4509 1671 4576 uestrum
1713 4497 1836 4575 situm
1878 4511 1942 4576 est
1969 4517 2059 4576 eum

262 4596 517 4709 pertinentiis
544 4607 639 4686 suis.
669 4600 870 4712 Grangias
898 4625 1065 4716 quoque
1093 4622 1248 4687 uestras
1276 4623 1524 4717 cunctasque
1559 4606 1785 4689 mansiones
1814 4605 2057 4687 monasterio
2137 4675 2140 4682 ,

208 4723 211 4744 ’
262 4723 402 4804 υθθῑΐθ
430 4709 532 4800 iuste
558 4715 816 4824 pertinentes.
844 4713 1076 4816 Sunderbir.
1105 4717 1244 4799 silicet.
1274 4716 1465 4818 Lundbir.
1495 4717 1733 4818 Witanzbir.
1751 4717 1941 4799 Abastad.
1965 4741 2058 4827 pro·

262 4818 411 4902 ximanr·
438 4826 657 4931 grangiam.
692 4824 976 4925 Linandruth.
1019 4829 1204 4930 Nutiolt
1227 4829 1561 4924 Hamundebotn
1583 4831 1849 4921 Luruemum·
1872 4856 1955 4938 que
1979 4827 2058 4907 ³150

208 5021 210 5031 .
263 4927 466 5011 uocabulo
495 4951 667 5031 uocatur
694 4935 938 5033 Jarnbothp.
967 4968 1059 5022 cum
1104 4941 1293 5023 omnibus
1335 4941 1415 5024 sibi
1457 4941 1696 5052 adiacentijs
1724 4947 1765 5027 &
1792 4939 1852 5044 ab,
1886 4939 2058 5048 antiquo

266 5039 524 5151 perimentijs
551 5041 658 5152 agris
686 5047 839 5134 seilicet
865 5056 906 5136 &
939 5053 1063 5138 siluis.
1098 5054 1226 5167 pratis
1254 5060 1295 5140 &
1323 5055 1494 5168 pascuis.
1530 5052 1783 5169 piscariis&
1809 5048 2060 5133 molendinis.
