4362 5946
994 410 1244 533 *¹27⁶
1356 469 1414 489 .-

598 579 604 617 l

306 646 375 757 pie
403 651 545 723 costat'
561 623 734 749 ejactat
764 636 971 724 detractis·
991 650 1134 755 spoliis
1174 644 1378 726 universis·
1417 644 1613 726 abscessit.
1645 635 1737 725 se'd·
1755 662 1848 754 post
1891 649 2065 752 paululum

190 764 198 774 “
306 754 466 838 rediens
494 778 569 832 nee
596 752 750 834 habens
779 778 803 830 a
831 752 1046 840 vulnerato
1074 777 1115 842 et
1142 757 1318 866 spoliato
1349 756 1587 836 eliciendum
1623 755 1733 835 aliud
1755 756 1839 835 misi
1868 759 1995 854 vitam,
2018 789 2066 842 ce·

304 869 367 976 pit
394 864 584 974 persequi
613 862 835 972 fugientem
859 859 996 953 lancea
1025 872 1183 951 vibrata
1211 883 1305 974 post
1332 893 1444 964 eum,
1472 895 1553 977 que
1576 895 1668 946 cum
1695 883 1827 947 restes
1854 885 2068 951 tementes

305 1005 351 1058 so
379 975 548 1056 maluere
576 973 833 1084 perfodisset,
862 975 1018 1060 hostem
1048 977 1183 1091 lapide
1212 981 1245 1057 is
1273 977 1468 1086 decujus
1496 980 1663 1060 omnino
1697 979 1876 1085 pernicie
1906 979 2069 1088 agebatur

161 1107 163 1112 ’
279 1085 401 1170 dum
428 1085 541 1166 aliud
570 1083 766 1194 effugium
792 1111 877 1165 non
906 1104 1083 1195 pateret,
1119 1089 1309 1198 appetiit,
1345 1107 1385 1169 et
1404 1088 1482 1167 ille
1517 1115 1729 1198 percussus
1763 1089 1950 1202 protinus
1981 1097 2072 1200 erpi

305 1199 431 1280 ravit..
451 1199 537 1279 Nos
566 1197 689 1304 igitur
718 1196 810 1276 lice't
839 1215 1010 1306 propter
1037 1205 1249 1282 horrorem
1279 1201 1482 1308 sanguinis
1511 1203 1554 1278 in
1583 1200 1697 1280 nullo
1718 1225 1884 1279 suorum
1912 1199 2072 1282 ordinum

303 1337 397 1391 cum
425 1336 475 1388 eo
504 1305 737 1390 duxerimus
766 1307 1096 1416 dispensandum,
1125 1328 1262 1390 tamen
1292 1337 1424 1389 casum
1455 1312 1581 1418 ipsius
1619 1311 1884 1391 miserabilem
1913 1313 2075 1392 miseran·

303 1436 384 1516 tes,
413 1419 645 1500 mandamus
672 1435 875 1530 quatenus
905 1419 1034 1502 eidem
1064 1453 1115 1504 ne
1145 1419 1374 1500 mendicare
1409 1437 1579 1528 cogatur
1608 1422 1650 1500 in
1690 1421 1958 1529 opprobrium
1986 1422 2075 1504 ordi-

218 1627 226 1640 ·
304 1532 368 1612 nis
396 1529 603 1610 Clericalis
632 1531 675 1608 in
703 1530 840 1639 aliquo
869 1532 1075 1640 stipendio
1104 1531 1215 1613 unde
1244 1534 1461 1611 sustentari
1475 1533 1605 1612 valeat
1620 1533 1664 1610 in
1679 1547 1750 1610 tua
1766 1533 1925 1611 Diocesi
1940 1532 2077 1612 studeas

304 1639 526 1724 liberaliter
555 1640 788 1748 providere,
817 1641 931 1749 quod
959 1672 1098 1725 curam
1117 1669 1209 1724 -ιιοιι
1243 1640 1391 1721 habeat
1434 1645 1669 1737 animarum,
1700 1669 1837 1749 preces
1867 1660 1908 1723 et
1936 1641 2079 1724 menda·

304 1767 604 1944 tumVIqostum
637 1757 711 1833 &c
756 1752 906 1834 Datum
934 1754 1127 1838 Laterani
1157 1752 1248 1834 llll.
1277 1753 1416 1834 Nonas
1444 1754 1540 1834 tulii
1569 1753 1831 1835 Pontificatus
1858 1756 1985 1836 nostri
2010 1759 2078 1834 An·

305 1891 361 1945 no
469 1923 478 1942 .

71 2125 73 2132 ’
179 2139 188 2158 ‘
311 2091 468 2246 aar.
687 2173 691 2182 ¹
1008 2090 1344 2252 '1233st
1998 2077 2081 2246 in

388 2357 654 2444 lake-Eislopeus
673 2359 735 2424 och
753 2361 853 2443 magra
874 2363 1039 2446 Biskopars
1059 2363 1351 2428 Stadla'stelse-Bref
1367 2363 1417 2427 lb'r
1437 2367 1606 2427 Nunnorna
1627 2366 1638 2424 i
1658 2361 1890 2445 Weirliuberga
1911 2363 2085 2448 pillosuats

439 2443 683 2527 tillhdrigheter,
705 2445 860 2528 uemligen
881 2446 911 2506 S.
933 2447 1036 2525 Petri,
1066 2447 1096 2509 S.
1118 2449 1233 2511 Albani
1264 2446 1720 2528 ochrs.Ma1·ieiHelga1-na
1751 2448 1887 2530 kyrlor,
1921 2446 2087 2508 meddam

439 2527 561 2606 tionde,
583 2551 622 2589 en
653 2527 732 2608 gard
762 2531 772 2587 i
804 2529 971 2610 Helgarna‚
1003 2541 1083 2592 samt
1113 2533 1219 2610 Tuna,
1251 2532 1395 2614 Hmaby,
1428 2531 1564 2608 lrinum,
1598 2529 1809 2612 Snytibiarga,
1841 2529 1973 2606 Wicbu,
2003 2531 2086 2592 Lans-

439 2607 601 2690 hammr,
623 2609 804 2689 Colaholm,
827 2603 1041 2692 Hana'stathir,
1063 2611 1125 2674 och
1145 2615 1296 2676 Scutlabu
1316 2613 1463 2676 hemmam
1482 2612 1554 2677 med
1575 2611 1746 2695 tillydaude
1767 2622 1852 2692 agor,
1874 2633 1918 2674 ιιι.
1939 2633 1981 2673 ιιι.

1698 2783 1702 2791 ,
1754 2727 1834 2804 Λ.,3.
1851 2724 1880 2780 k.
1903 2741 1926 2778 r:
1948 2744 1970 2779 ι.

447 2863 602 2942 Ounws
618 2883 682 2942 nm
698 2883 842 2942 enarra
857 2860 1091 2972 Vpsalensis
1107 2864 1456 2971 archiepiscopus.
1472 2864 1718 2944 Bauanrcrvs
1735 2863 1964 2969 Episcopus
1974 2861 2088 2960 lineo-

308 2974 453 3082 pensis.
476 2993 673 3054 sruuaavs
688 2974 910 3081 Episcopus
925 2975 1139 3054 Scarensis.
1155 2975 1324 3054 Micam
1343 2975 1566 3082 Episcopus
1586 2973 1819 3053 Arosiensis.
1845 2951 2090 3053 Tnnocrmvs

286 3085 289 3096 ’
307 3085 825 3193 EpiccpusStrengcnensis
842 3109 1041 3165 rnronrsse
1057 3107 1291 3164 uinearum
1307 3111 1355 3163 nr
1371 3109 1444 3164 sim
1460 3107 1668 3164 coumssm
1685 3107 1900 3162 sononmvs
1908 3084 1969 3162 IN
1978 3079 2090 3160 PPll.

307 3191 603 3300 Religiosorum
633 3189 673 3275 dc
700 3196 836 3275 seculo
865 3197 1193 3274 renunciantium
1223 3196 1343 3275 saluti
1371 3195 1565 3302 &quieti
1595 3192 1789 3301 pastorali
1831 3190 2093 3272 sollicitudine

307 3304 520 3412 prouidere
548 3305 731 3386 uolentes
760 3306 931 3384 maxime
959 3333 1165 3386 sacrarum
1193 3306 1397 3413 virginum
1428 3299 1504 3383 deo
1521 3305 1757 3401 deuotarum
1774 3303 1993 3384 mulierum
2008 3327 2093 3411 qua-

306 3440 397 3495 rum
427 3417 469 3494 in
496 3416 779 3525 temporalium
809 3414 998 3496 subsidiis
1026 3435 1140 3497 tanto
1171 3418 1314 3512 minusv
1333 3431 1394 3495 est
1423 3415 1621 3496 sufficiens
1643 3415 1824 3522 prouisio
1840 3431 2003 3522 quanto
2019 3441 2095 3492 cor·

271 3543 276 3551 “
307 3526 370 3608 dis
398 3525 622 3606 deuoeione
646 3529 828 3623 ,animum
857 3526 1020 3634 erigunt
1049 3527 1100 3608 ad
1130 3553 1317 3635 superna.
1375 3528 1468 3628 Qva
1498 3542 1667 3633 propter
1695 3550 1769 3603 uos
1799 3528 1841 3603 in
1872 3527 2032 3605 christo
2045 3521 2095 3602 di·

307 3637 409 3718 lecte
437 3661 596 3746 sorores
624 3665 726 3747 quas
755 3665 868 3716 amor
897 3637 1082 3744 religiose
1110 3637 1370 3766 professionis
1406 3643 1444 3716 &
1479 3637 1668 3716 honestas
1710 3637 1970 3716 commendat
2014 3664 2098 3716 eon·

307 3744 546 3856 uariationis
574 3748 651 3827 sub
680 3748 882 3828 communi
911 3767 1046 3829 nostre
1076 3750 1339 3857 protectionis
1367 3749 1581 3827 aminiculo
1596 3743 1833 3855 suscipimus
1859 3710 2098 3828 auetohitatc

305 3880 388 3970 qua
418 3858 625 3965 fungimur
652 3875 734 3940 tam
762 3861 1018 3967 presentibus
1047 3887 1169 3966 quam
1198 3860 1438 3939 successuris
1468 3857 1544 3936 sub
1575 3858 1908 3938 interminacione
1941 3857 2099 3938 arrathe·

306 3969 635 4051 matis=distriete
664 3970 890 4051 inhibentes
934 3988 979 4049 ut
1021 3969 1141 4064 nullis
1183 3969 1486 4076 grauaminibus
1529 3971 1742 4078 quisquam
1774 3997 1862 4048 uos.
1890 3969 2101 4048 molestare

306 4098 522 4189 presumat.
553 4091 605 4161 ne
633 4080 744 4161 forte.
769 4079 985 4161 cuiuslibet
1012 4080 1248 4160 temeritatis
1271 4082 1456 4159 incursus
1473 4109 1494 4157 a
1510 4081 1721 4188 proposito
1738 4079 1913 4158 mentem
1931 4097 2100 4160 uestram

221 4216 243 4272 ,ι
305 4210 483 4272 reuocet.
514 4209 586 4273 aut
613 4192 742 4273 robur
770 4189 884 4301 quod
913 4191 1016 4271 absit
1045 4219 1155 4272 sacre
1188 4191 1392 4298 religionis
1421 4189 1628 4298 infringat.¹
1658 4191 1795 4270 Set'et
1823 4219 1869 4269 ea
1886 4219 1977 4300 que
1994 4188 2102 4272 uobis

306 4301 386 4382 loci
415 4304 540 4384 uestri
571 4302 808 4383 fundatores
837 4331 861 4380 a
890 4302 1093 4409 principio
1122 4304 1381 4383 contulerunt
1398 4300 1448 4381 de
1464 4301 1700 4408 quibushec
1717 4289 1895 4409 propriji
1914 4301 2102 4382 duximus

307 4413 568 4517 exprimenda
589 4413 798 4492 uocabulis
826 4413 954 4520 ipsam
971 4411 1159 4493 uidelicet
1174 4415 1381 4494 ecclesiam
1396 4411 1505 4490 beati
1520 4414 1626 4518 petri
1642 4414 1683 4492 in
1698 4441 1779 4521 qua
1795 4441 1905 4491 nunc
1939 4411 2103 4492 donnino
2132 4454 2136 4460 ·

182 4565 205 4578 -
308 4523 488 4620 militatis
518 4553 609 4604 eum
638 4524 826 4603 omnibus
857 4525 1117 4631 pertineneijs
1145 4527 1237 4605 suis
1266 4522 1473 4601 eeclesiam
1502 4525 1627 4603 sancti
1657 4523 1804 4603 Albani
1827 4551 1924 4605 cum
1942 4520 2105 4604 decimis

307 4649 348 4711 et
377 4633 458 4730 suis
471 4720 476 4729 ¹
487 4635 709 4741 pertinenci
711 4635 746 4741 js
761 4634 976 4713 ecelesiam·
986 4652 1124 4714 sancte
1139 4637 1261 4724 Marie
1277 4637 1318 4712 in
1334 4631 1524 4738 helgarna
1540 4661 1632 4712 cum
1648 4633 1809 4714 decimis
1825 4641 1863 4714 8(
1878 4638 1969 4713 suis
1987 4634 2105 4742 perti·

307 4740 737 4853 nencij's.mansioncm
753 4746 795 4824 in
811 4742 949 4823 eadem
966 4745 1061 4823 uilla
1078 4761 1118 4823 et
1146 4760 1297 4824 ceteras
1326 4745 1552 4823 mensiones
1580 4745 1729 4824 scilicet
1760 4740 1905 4824 Tvna.
1924 4742 2104 4840 Hvsabi.

249 4921 253 4928 .
307 4851 489 4940 Jvinum
514 4853 778 4966 Snutibiarga.
800 4855 972 4938 Wichv.
988 4856 1243 4936 Lanshamar.
1275 4853 1494 4936 Colaholm.
1517 4855 1782 4934 Hanastithir.
1797 4855 2008 4935 Scutlabu
2022 4879 2106 4934 eum

311 4963 434 5042 siluis.
464 4965 599 5070 pratis.
628 4966 880 5048 molendinis.
910 4967 1214 5076 piscationibus
1242 4972 1282 5048 &
1309 4965 1498 5048 omnihus
1527 4967 1787 5074 pertinencijs
1803 4971 1893 5046 suis.
1913 4969 2107 5047 Preterea

308 5100 584 5188 quascumque
610 5081 892 5190 possessiones.
908 5105 1163 5193 quecumque
1178 5077 1287 5163 bona
1316 5079 1361 5162 in
1387 5078 1680 5189 presentiarum
1705 5079 1811 5160 iuste
1837 5093 1878 5160 et
1907 5076 2107 5162 canonice
