4382 5964
754 429 844 454 ....
916 385 1034 484 -543
1143 429 1211 452 ....

128 639 226 708 ntus
252 613 377 698 fuerit
404 610 450 692 in
476 605 555 692 bac
583 609 682 691 uita.
711 603 864 718 jntultu
891 603 1345 716 retrJltutionis'eterne
1372 631 1531 718 proque
1560 605 1793 692 remissione
1870 718 1874 724 ι

127 750 299 819 catorum
325 747 531 849 meorum..
560 717 717 850 contuli
759 711 955 847 iratribus
997 716 1044 826 jn
1086 716 1264 846 elaustro
1287 715 1380 848 deo
1413 717 1705 846 seruientibus·
1728 744 1801 828 pre
1835 719 1915 847 :nm

128 826 1603 1058 bldldbbhirruidquffldrdl:ublrvidtribliirmpdrfidddioeiedillinbbpditdpido
1629 827 1914 1048 agtgpnpffigapg
1951 997 1955 1006 ·

79 1079 90 1090 ‘'
125 1060 272 1146 itineris
300 1053 633 1140 iherosolimitani
662 1047 775 1163 qnod
803 1050 882 1132 deo
898 1058 1104 1134 'noueram
1131 1050 1288 1132 contuli
1317 1067 1468 1134 terram
1507 1079 1627 1162 quam
1669 1048 1917 1160 possiderem
2009 1061 2028 1162 Ἀ

121 1176 161 1262 in
187 1168 353 1266 olandia
380 1161 656 1249 redimendam
685 1163 739 1244 ab
768 1159 986 1245 heredibus
1013 1163 1111 1245 meis
1142 1187 1219 1272 pro
1247 1161 1434 1246 undecim
1470 1161 1618 1274 marcjs
1644 1161 1817 1276 argentj.
1840 1163 1915 1244 Ce-

109 1300 248 1366 terum
279 1277 474 1362 fratribus
495 1275 737 1382 Scheningie
764 1277 804 1354 δι
831 1273 1025 1355 iratribus
1053 1271 1292 1382 sudereopie
1309 1273 1475 1356 confero
1488 1271 1764 1356 dexterarlnm
1785 1298 1916 1356 meum
2046 1301 2048 1306 ⁸
2115 1277 2119 1284 '

120 1410 166 1477 ut
191 1389 366 1506 quilibet
396 1385 629 1471 eorumdem
659 1381 838 1467 eiusdem
869 1383 998 1493 precij
1026 1382 1231 1468 dimidiam
1260 1387 1429 1495 recipiat
1458 1385 1688 1495 portionem
1715 1386 1820 1482 Jtem
1847 1403 1916 1466 sex

40 1545 45 1548 ·
120 1501 344 1586 uernaculis
371 1498 538 1581 confero
566 1497 804 1580 libertatem.
831 1497 884 1576 ln
912 1493 1035 1576 buius
1062 1493 1158 1575 lacti
1179 1497 1456 1578 testimonium
1470 1497 1647 1609 presenti
1661 1495 1824 1578 scedula
1837 1497 1918 1606 sig·
2062 1515 2066 1526 “

121 1614 260 1724 gilium
286 1609 456 1720 dompni
477 1607 638 1690 abbatis
666 1606 833 1688 cluastri
860 1633 941 1686 una
972 1633 1065 1688 cum
1084 1604 1217 1716 sigillo
1245 1608 1415 1718 proprio
1444 1606 1544 1690 duxi
1573 1605 1820 1716 affigendum
1836 1609 1948 1687 Da··

44 1731 56 1786 Ἀ
118 1742 203 1807 tum
231 1747 351 1851 anno·
369 1720 534 1852 domini.
559 1717 976 1852 bi⁰.Cl2⁶.LXXXmo.
1004 1731 1153 1828 quarto
1181 1719 1355 1801 secunda
1370 1715 1435 1799 dic
1461 1734 1556 1830 post
1584 1718 1729 1800 festum
1754 1735 1916 1830 aposto·

121 1836 251 1918 lorum
279 1831 458 1944 phlhppl
486 1830 753 2040 &smilion
774 1937 1084 2033 marmanum
1103 1953 1238 2016 maor,
1260 1945 1315 2002 sm
1336 1919 1514 2002 nostrane.
1790 1859 1793 1866 Ι

126 2149 258 2294 787.
529 2275 531 2280 ,
609 2187 613 2196 ·
751 2145 901 2272 1284
948 2142 996 2248 d.
1052 2179 1114 2246 1·1
1167 2143 1287 2290 Maj.
1769 2145 1918 2256 Rom.

198 2319 295 2432 rau.
315 2367 478 2432 Murmur
500 2363 572 2432 ths
592 2363 671 2429 aret
687 2363 736 2434 till
755 2363 989 2429 nom-Preces
1008 2365 1021 2426 i
1041 2307 1160 2447 upsau
1188 2363 1323 2433 tdmnde
1350 2363 1487 2430 tillonind
1507 2363 1557 2428 l‘o'r
1577 2363 1800 2436 Prestmtmn
1820 2366 1918 2433 lodan

257 2449 445 2514 Hmrcssos
465 2458 521 2530 att,
542 2445 745 2513 caltadtban
765 2447 792 2530 ej
814 2467 871 2510 rar
881 2445 1119 2530 sdddaflsgligt
1128 2445 1918 2533 tltenskcwdlandeligabefattningarbefordras.

1370 2611 1375 2620 .
1545 2563 1581 2620 A.
1605 2577 1627 2620 t.
1645 2563 1673 2618 d.
1691 2567 1733 2639 7⁸·
1749 2564 1784 2636 ΙΙ“)

283 2699 495 2782 Manrmm
526 2699 752 2808 Episcopus
774 2725 918 2783 seruus
945 2693 1156 2784 seruorum
1184 2696 1250 2782 dei
1280 2696 1438 2779 Dilecto
1467 2697 1562 2782 filio.
1590 2701 1800 2810 preposito
1828 2715 1919 2812 πρ·

108 2811 263 2896 salensi
293 2810 473 2892 Salutem
501 2808 832 2918 &apostolicam
875 2807 1197 2892 benedictionem
1246 2806 1452 2890 Accedens
1487 2809 1541 2892 ad
1568 2813 1815 2918 presenciam
1845 2841 1918 2894 no-

108 2939 258 3022 stram,
289 2921 470 3004 Dilectus
484 2919 591 3002 filius
618 2919 822 3005 lohannes
849 2919 1005 3002 henrici
1034 2917 1086 3000 de
1114 2919 1244 3001 arosia
1259 2920 1429 3002 clericus
1456 2919 1693 3029 upsalensis
1720 2919 1914 3030 dyocesis.

108 3034 238 3117 nobis
254 3030 476 3114 humiliter
503 3027 769 3140 snpplicauit,
798 3047 843 3112 vt
872 3057 964 3113 cum
995 3057 1044 3111 eo
1071 3056 1196 3139 super
1231 3028 1431 3114 defectum
1473 3029 1670 3112 natalium
1695 3059 1817 3141 quem
1845 3060 1916 3143 pa·

107 3149 240 3240 titur,
289 3141 504 3224 desoluto
551 3142 712 3250 genitus
738 3156 781 3223 et
808 3142 966 3238 soluta,
996 3139 1110 3250 quod
1136 3139 1368 3226 huiusmodi
1409 3169 1493 3226 non
1532 3142 1721 3228 obstante
1753 3140 1917 3225 defectu

57 3289 74 3332 Ν,
109 3255 249 3367 possit
277 3251 327 3334 ad
357 3277 496 3337 omnes
524 3249 686 3334 ordines
720 3253 974 3362 promoueri,
1017 3278 1064 3333 ac
1092 3250 1403 3334 ecclesiasticum
1444 3249 1685 3346 beneficium
1713 3254 1917 3364 optinere,

109 3368 246 3449 eciam
276 3365 310 3443 si
338 3391 477 3443 curam
504 3361 651 3444 babeat
679 3365 922 3460 animarum,
959 3360 1190 3472 dispensare
1219 3361 1529 3446 misericorditer
1568 3365 1824 3470 curaremus,
1853 3363 1918 3455 Ad

108 3497 151 3560 tc
184 3477 336 3586 igitur,
364 3501 456 3554 cum
486 3471 662 3554 Ecclesia
676 3473 925 3584 wpsalensis,
956 3491 1116 3583 pastore
1129 3500 1273 3556 vacare
1295 3474 1466 3574 dicatur,
1494 3469 1546 3556 ad
1576 3500 1753 3586 presens,
1781 3477 1918 3558 re'mit-
2051 3515 2057 3521 ·

105 3603 252 3671 tentes
280 3583 471 3681 eundem,
506 3581 745 3691 discrecioni
773 3601 843 3666 tue
875 3611 947 3704 per
974 3583 1196 3692 apostolica
1237 3587 1384 3696 scripta
1429 3581 1666 3670 mandamus
1694 3585 1916 3695 Quattuor,

104 3694 383 3782 consideratis
411 3691 627 3804 diligenter
655 3694 971 3778 circumstanciis
989 3695 1199 3793 uniuersis,
1215 3721 1296 3805 que
1325 3699 1432 3781 circa
1453 3693 1730 3799 idoneitatem
1745 3723 1919 3805 persone

106 3809 278 3891 fuerint
307 3804 571 3901 attendendo,
600 3805 634 3886 si
666 3821 837 3914 paterne
853 3834 936 3887 non
952 3821 1011 3886 est
1027 3806 1321 3888 incontinentia
1336 3809 1525 3902 imitator,
1540 3805 1610 3890 sed
1625 3806 1733 3890 boue
1746 3833 1918 3899 conuer-

104 3920 294 4002 sacionis
323 3933 363 3997 et
390 3917 491 4014 vite,
520 3943 643 4024 super
670 3917 820 4026 quibus
851 3933 964 3997 tuam
992 3909 1257 3998 intendimus
1277 3917 1562 4004 conscientiam
1604 3944 1774 4003 onerare
1802 3911 1926 4010 attas-

106 4059 202 4144 que
234 4027 313 4110 sibi
346 4027 487 4106 merita
515 4023 807 4135 suffragantur,
837 4024 888 4110 ad
917 4027 1230 4136 dispensacionis
1258 4034 1433 4140 graciam
1473 4027 1755 4136 optinendam,
1781 4055 1918 4138 secpm

104 4166 245 4251 supra
275 4137 477 4248 premissis
504 4139 746 4218 auctoritate
786 4152 926 4220 nostra
955 4137 1175 4248 dispenses,
1216 4133 1342 4248 prout
1371 4135 1593 4228 secundum
1636 4135 1757 4230 deum
1786 4138 1917 4244 anime

102 4279 189 4334 sue
219 4250 344 4336 saluti
373 4247 521 4341 videris
551 4243 744 4356 expedire
772 4249 836 4328 Jta
871 4265 1024 4347 tamen,
1066 4244 1180 4363 quod
1207 4247 1314 4332 idem
1358 4247 1525 4334 clericus
1571 4269 1694 4363 prout
1737 4251 1919 4362 requiret
2043 4271 2049 4278 ·

102 4388 226 4450 onus
240 4357 441 4466 benefioij,
467 4355 581 4547 pund
596 4385 687 4439 eum
717 4375 810 4468 post
838 4357 1182 4473 dispensationem
1209 4355 1441 4446 huiusmodi
1469 4357 1654 4475 optinere
1678 4351 1916 4474 contigerit,

102 4472 167 4556 ad
201 4468 369 4570 ordines
397 4495 439 4549 se
486 4469 598 4567 aciat,
626 4470 788 4553 statutis
815 4471 1078 4580 temporibus,
1108 4473 1353 4578 promoueri,
1382 4488 1423 4554 et
1450 4471 1719 4586 personaliter
1746 4471 1920 4564 resideat

13 4602 24 4612 ·
102 4587 154 4665 in
190 4576 357 4675 eodem,
381 4579 568 4707 alioquin
595 4571 827 4664 huiusmodi
854 4581 1001 4692 gratia,
1030 4607 1115 4694 quo
1129 4579 1181 4662 ad
1208 4578 1449 4672 beneficium
1476 4585 1609 4694 ipsum
1624 4585 1777 4686 nullius
1794 4585 1918 4694 'peni-

98 4709 183 4774 tus
218 4689 271 4771 sit
300 4703 492 4780 momenti
521 4691 669 4778 Datum
700 4690 817 4802 apa'd'
840 4692 1159 4785 vrbemueterem
1188 4691 1226 4772 V
1256 4691 1346 4778 idus
1374 4692 1469 4803 maij
1485 4693 1745 4803 pontificatus
1773 4695 1914 4794 nostri,

98 4823 236 4886 anno
264 4815 450 4910 quarto..
596 4881 602 4894 ,

151 5043 185 5122 4)
213 5035 307 5104 Etter
324 5061 365 5104 en
386 5014 423 5104 al
438 5037 568 5109 rmum
590 5039 733 5108 unsara
752 5041 765 5114 i
784 5039 903 5129 Uptals
923 5041 1014 5127 gjord
1030 5041 1156 5116 murm
1175 5041 1214 5108 cl
1228 5043 1258 5108 d.
1282 4980 1404 5144 limi
1423 4995 1514 5114 ἰδιο.
