4384 5946
974 389 1365 484 ..54-

269 639 322 692 ne
351 639 393 694 se
422 609 695 707 subduxisset,
724 607 1057 690 suffunderentur
1085 609 1257 690 maximo
1284 609 1436 690 rubore
1464 609 1556 690 noti
1582 613 1622 690 &
1650 606 1765 688 amici
1793 609 1916 690 vestri
1930 610 1974 688 in
1988 608 2055 690 be·
2151 609 2154 616 ’
2186 657 2187 694 ;

269 719 544 804 nedictionum
572 740 794 802 vestrarum
810 722 1035 828 largitione.
1094 711 1293 828 Equidem
1315 721 1451 800 malim
1472 719 1606 802 dicere
1621 719 1664 798 in
1679 717 1817 800 dando
1831 747 1904 801 vos
1918 721 2056 830 pluere
2186 715 2187 746 ¹

268 861 390 944 quam
417 833 623 912 seminare.
682 835 785 914 Nam
814 833 887 942 qui
909 833 1076 912 seminat
1105 832 1281 938 primum
1310 833 1353 912 in
1380 858 1450 940 spe
1479 829 1729 940 percipiendi
1758 828 1914 912 fruetus
1942 834 2055 912 semi·
2186 927 2187 932 Ν

267 963 353 1040 nat,
382 935 528 1023 deinde
557 971 642 1023 non
671 941 824 1038 fundit,
853 940 924 1022 sed
952 943 1118 1050 spargit.
1177 933 1383 1023 Po'stremo
1410 971 1496 1024 non
1524 941 1602 1022 nisi
1631 941 1747 1022 cultae
1775 961 1894 1022 terrae
1922 970 2055 1024 semen

189 1135 192 1142 ,
267 1082 383 1134 suum
417 1052 557 1136 eredit.
623 1055 779 1135 Horum
813 1052 913 1134 nihil
941 1057 1106 1133 mitetur
1133 1054 1292 1170 pluuia:
1320 1053 1391 1134 sed
1418 1083 1460 1136 se
1488 1054 1616 1160 ipsam
1645 1071 1689 1132 vt
1721 1056 1778 1132 sie
1806 1053 1936 1134 dicam
1965 1081 2055 1161 per·

266 1163 327 1244 dit
353 1167 396 1244 in
424 1181 546 1244 terrae
572 1166 812 1260 visceribus,
841 1183 884 1247 vt
912 1180 1052 1272 postea
1080 1191 1290 1273 resurgens
1318 1192 1410 1244 cum
1440 1165 1609 1244 maxima
1638 1161 1799 1268 frugum
1828 1163 1943 1272 prole
1959 1163 2056 1244 affe·
2097 1219 2098 1226 κ
2186 1161 2187 1242 ἒ

265 1294 329 1356 rat
363 1275 540 1356 fructum
575 1277 837 1370 tricesimum,
867 1275 1172 1381 sexagesimum,
1201 1282 1240 1354 8(
1268 1275 1536 1356 centesimum
1595 1273 1716 1355 Aliud
1738 1301 1896 1356 rursum
1910 1276 2056 1356 carita·
2186 1265 2187 1290 ¹

221 1479 224 1484 Δ
264 1388 317 1466 tis
355 1387 548 1467 indicium
576 1388 630 1466 in
647 1387 788 1493 pluuia
814 1386 992 1493 reperio:
1022 1387 1119 1495 quia
1147 1387 1232 1465 sine
1261 1383 1421 1467 delectu
1451 1387 1555 1494 rigat
1583 1373 1767 1465 fse'cnnda
1794 1391 1836 1464 8(
1862 1385 2055 1466 infaecun-
2186 1415 2187 1450 t

265 1497 338 1592 da,
381 1496 552 1578 fertilem
581 1525 721 1605 agrum
750 1502 789 1576 8(
817 1494 1007 1591 sterilem,
1037 1523 1209 1602 granum
1237 1497 1407 1576 electum
1436 1503 1475 1577 8(
1502 1521 1666 1604 germen
1695 1495 1927 1602 reprobum.
1986 1499 2056 1578 Est
2186 1473 2187 1564 l

265 1635 316 1690 ne
358 1608 539 1703 virtutis,
582 1635 634 1686 an
677 1606 786 1713 vitij,
825 1607 908 1687 haec
944 1606 1134 1686 bonitatis
1169 1613 1208 1687 8(
1237 1607 1522 1689 beneficiorum
1552 1603 1841 1715 prodigalitas?
1868 1605 1948 1687 Sed
1978 1608 2054 1688 hoe

265 1719 358 1816 Dei,
388 1746 461 1798 nee
490 1716 601 1797 eliud
629 1720 672 1798 in
700 1745 750 1797 eo
776 1715 984 1798 inuenitur
1011 1718 1176 1813 vitium,
1206 1718 1282 1798 nisi
1311 1716 1425 1828 quod
1453 1718 1652 1825 benignus
1681 1714 1732 1797 ad
1747 1719 1963 1824 ingratum,
1977 1717 2054 1798 lar*

264 1857 341 1936 gus
368 1827 419 1910 ad
449 1834 634 1925 auarum,
662 1833 753 1936 pius
784 1827 835 1907 ad
864 1830 1031 1936 impium
1060 1829 1203 1908 existit.
1263 1829 1342 1908 Ista
1371 1855 1443 1908 sua
1479 1830 1577 1910 vitia
1605 1846 1841 1935 comparant
1872 1855 2053 1908 mansue·
2186 1883 2187 1886 =

262 1941 415 2022 tissimo
445 1943 655 2019 innumera
682 1941 877 2019 conuicia.
935 1938 1167 2046 Aliquando
1197 1940 1294 2018 moti
1308 1955 1403 2018 sunt
1416 1937 1539 2046 pedes
1556 1940 1683 2018 nostri
1699 1939 1892 2019 mitissimi
1908 1937 2052 2036 Dauid,
2186 1953 2187 1970 ¹

262 2052 358 2160 qnia
387 2066 577 2160 eruperat
605 2049 745 2160 pluuia
774 2049 1079 2130 mansuetissimi
1108 2049 1183 2129 Dei
1211 2077 1334 2157 super
1361 2050 1486 2130 malos
1515 2056 1554 2130 8(
1581 2051 1760 2146 iniustos,
1790 2050 1846 2128 ita
1875 2067 1919 2128 vt
1947 2047 2053 2130 dice
2186 2083 2187 2086 ¹

262 2181 343 2258 ret,
387 2169 470 2244 rme
510 2189 635 2241 causa
671 2161 891 2265 iustificaui
924 2187 993 2240 eor
1026 2187 1173 2255 meum,
1206 2165 1245 2240 8(
1272 2163 1361 2241 luni
1385 2166 1490 2242 inter
1518 2166 1738 2241 imweeetes
1766 2187 1907 2239 munus
1935 2189 2050 2241 neena

252 2268 476 2352 ‘Exciderat
505 2299 528 2349 a
556 2285 689 2352 mente
717 2269 831 2380 quod
858 2273 900 2349 in
929 2269 1034 2351 libro
1063 2270 1280 2378 Sapientiae
1307 2268 1466 2352 dicitur.
1524 2275 1564 2352 T
1559 2303 1589 2352 u
1608 2289 1743 2352 autem
1757 2269 2052 2354 DEWSnoster

262 2389 397 2464 suauis
424 2388 463 2463 8(
491 2411 613 2466 uerus
640 2411 680 2461 es
708 2388 747 2462 &
767 2387 942 2494 sapiens,
969 2387 1127 2494 patiens
1143 2387 1182 2462 8(
1197 2388 1238 2462 in
1251 2385 1519 2464 misericor-diu
1533 2385 1738 2494 disponens
1752 2386 1900 2462 omnus.
1954 2383 2050 2464 Ete-

261 2501 342 2575 nim
381 2498 418 2574 si
449 2499 769 2604 peccauerimus,
815 2499 877 2574 tui
917 2523 1068 2588 sumus,
1111 2499 1276 2574 scientes
1302 2495 1617 2599 magnitudinem
1645 2513 1769 2574 tuam.
1827 2491 1950 2575 Etsi
1973 2523 2051 2574 non

125 2602 146 2703 j
257 2610 572 2716 percurrerimus,
615 2611 757 2685 scimus
786 2609 971 2714 quoniam
997 2604 1107 2712 opud
1133 2623 1172 2684 te
1199 2631 1332 2686 surmus
1358 2610 1591 2714 computati.
1648 2605 1752 2683 Ecce
1780 2603 1894 2687 cuius
1922 2606 2052 2684 imita·
2185 2661 2187 2694 ,

160 2781 163 2792 .
260 2733 327 2796 tor
355 2711 682 2824 reprehenditur,
711 2713 784 2823 qui
813 2711 864 2792 de
892 2712 1085 2807 bonitate,
1114 2713 1199 2794 siue
1214 2713 1397 2820 largitate
1411 2712 1679 2821 redarguitur.
1737 2716 1801 2793 An
1816 2741 1898 2792 non
1913 2716 2057 2796 Erote.
2186 2817 2187 2820 Ἴ

260 2829 399 2908 siastes
428 2827 470 2906 in
499 2826 692 2907 concione
721 2852 793 2903 sue
821 2824 991 2932 proprio
1018 2821 1182 2903 decreto
1210 2829 1250 2902 8(
1268 2825 1483 2919 sententia,
1511 2825 1590 2903 hoc
1618 2823 1767 2904 malum
1794 2827 1961 2906 aestimat
1974 2827 2054 2908 sub

260 2938 363 3034 sole,
396 2955 443 3017 vt
477 2938 542 3016 oui
577 2933 689 3019 dedit
717 2935 857 3016 DEVS
887 2933 1051 3014 diuitias
1077 2940 1118 3014 8(
1144 2933 1410 3014 substantiam
1439 2940 1479 3013 8(
1505 2931 1719 3030 honorem,
1747 2963 1830 3014 non
1845 2937 1992 3017 habeat
2007 2939 2051 3016 in

260 3050 317 3128 eis
346 3059 606 3156 potestatem,
635 3044 706 3125 sed
735 3063 951 3127 extraneus
980 3044 1067 3125 illas
1096 3042 1250 3153 rapisti
1277 3043 1342 3124 Ad
1371 3043 1473 3153 quid
1492 3046 1577 3126 haec
1592 3047 1707 3127 vobis
1721 3047 1940 3127 uerborum
1953 3075 2052 3128 con-

260 3157 412 3267 geries?
454 3159 512 3237 Vt
534 3157 648 3266 ignis
683 3173 902 3265 perpetuus
938 3153 988 3236 de
1024 3173 1162 3236 saneto
1198 3153 1316 3234 altari
1345 3152 1478 3236 cordis
1505 3157 1629 3237 vestri
1656 3185 1740 3238 non
1769 3156 1947 3238 deliciet:
1977 3157 2052 3240 sed

259 3269 337 3352 hac
372 3271 559 3377 congerie
594 3269 719 3378 magis
755 3294 800 3347 ec
835 3267 960 3374 magis
987 3264 1258 3361 conualescat,
1288 3263 1415 3346 donee
1443 3265 1723 3348 holocaustum
1751 3283 1929 3349 vestrum
1947 3271 2052 3378 pim

119 3458 123 3466 ,
260 3407 339 3488 gne
372 3381 414 3458 in
442 3378 589 3462 nebula
614 3381 656 3458 in
685 3404 766 3488 qua
794 3375 949 3456 habitat
976 3376 1117 3456 DEVS
1146 3376 1399 3483 suscipiatur,
1427 3382 1466 3456 8(
1495 3405 1518 3456 a
1546 3378 1748 3458 cineribus
1776 3379 1955 3459 omniunt
1982 3409 2051 3460 su·

260 3485 535 3599 perfluitatum
579 3488 699 3569 iacies
726 3487 865 3566 altaris
893 3485 1071 3567 eiusdem
1105 3487 1301 3595 expietur.
1359 3487 1559 3568 Ostiolnm
1588 3499 1660 3595 per
1689 3489 1801 3597 quod
1830 3487 1979 3568 aditusv
1995 3491 2053 3571 ad

259 3615 398 3680 sancta
427 3619 657 3681 sanctorum
687 3613 815 3706 patet,
844 3594 894 3676 de
922 3598 1040 3708 lignis
1069 3612 1129 3678 est
1158 3597 1377 3697 oliuerum3
1407 3603 1502 3707 quia
1530 3599 1673 3708 procul
1702 3596 1829 3680 dubio
1857 3600 1971 3679 iuxta
1987 3631 2051 3682 sa·

260 3725 338 3792 er'ae
373 3708 467 3789 fidei
508 3727 691 3790 tenorem
727 3736 810 3788 non
845 3712 880 3788 ei
915 3709 1130 3818 negabitur
1164 3723 1396 3790 sanctorum
1424 3711 1644 3818 ingressus,
1672 3712 1744 3818 qui
1773 3710 1825 3791 ab
1854 3713 2051 3816 operibns

197 3863 199 3871 ·
260 3817 541 3902 misericordiae
576 3847 660 3900 non
699 3818 821 3899 fuerit
849 3818 1014 3899 alienus.
1073 3819 1297 3926 Suppresso
1326 3817 1484 3926 pudore
1511 3822 1555 3902 in
1583 3821 1749 3900 auribus
1777 3822 1940 3900 Domini
1969 3826 2053 3904 mei

260 3931 302 4012 id
345 3929 628 4040 persuaserim,
671 3955 756 4008 non
797 3955 885 4008 mea
919 3944 1053 4007 tamen
1094 3930 1426 4036 praesumptione,
1469 3928 1539 4010 sed
1581 3931 1744 4011 alterius
1774 3933 2049 4040 persuasione.

259 4043 523 4151 Nequaquam
551 4048 687 4119 temen
715 4037 889 4120 difficilis
919 4037 976 4121 ad
1000 4038 1324 4146 persuadendum
1351 4041 1485 4136 extiti,
1514 4039 1630 4120 faciei
1658 4059 1809 4136 vestrae,
1838 4047 2051 4141 sermonis,

260 4156 299 4230 8(
326 4155 450 4234 totius
478 4167 612 4260 gestus
640 4150 811 4258 insignia
835 4177 957 4258 penes
985 4176 1047 4228 me
1075 4152 1268 4230 retinens:
1298 4175 1372 4228 nec
1400 4177 1463 4230 me
1491 4153 1535 4230 in
1562 4152 1785 4232 humilitate
1800 4152 1967 4232 similem
1982 4181 2052 4234 re·

260 4264 409 4368 perisse
451 4259 502 4341 de
536 4260 628 4368 filijs
662 4259 871 4362 hominum
898 4259 1126 4367 oonijciens.
1185 4262 1280 4342 Non
1308 4261 1432 4367 igitur
1461 4262 1498 4341 ei
1528 4263 1704 4343 scribere
1732 4285 1894 4358 vereor,
1921 4291 2053 4370 quem

259 4373 336 4453 nisi
370 4373 484 4452 malis
520 4375 559 4454 8(
592 4371 776 4479 superbis
809 4367 1029 4452 verendum
1064 4397 1149 4452 non
1186 4399 1289 4452 reor.
1340 4371 1399 4452 'Et
1427 4369 1478 4452 de
1503 4372 1564 4453 his
1591 4374 1795 4453 haetenus.
1849 4375 2053 4456 Ceterum

119 4541 147 4574 ,.
259 4482 416 4588 culpari
440 4511 521 4562 non
551 4481 672 4570 debet
697 4480 837 4562 seruus
865 4479 915 4561 de
944 4498 1178 4589 contemptu
1206 4478 1400 4590 mandati,
1429 4482 1542 4562 cuius
1570 4511 1681 4563 mens
1697 4489 1736 4564 8(
1749 4481 1936 4563 voluntas
1952 4486 2054 4566 nul·

261 4592 299 4671 la
326 4591 568 4704 negligentia
595 4609 811 4674 reuocetur
838 4593 890 4672 ab
919 4579 1152 4701 impletione
1180 4591 1397 4672 voluntatis
1425 4592 1599 4673 Domini.
1658 4595 1718 4672 Ex
1747 4609 1878 4673 vestra
1900 4592 2052 4701 digna·

260 4703 370 4783 tione
404 4702 447 4779 in
479 4703 671 4786 mandato
705 4702 758 4783 ab
786 4728 893 4783 anno
951 4705 1127 4783 raeterito
1157 4703 1311 4810 accepi,
1339 4718 1537 4811 quatenus
1566 4702 1867 4786 Carthusienses
1896 4703 2053 4789 iratres

243 4826 506 4922 expeterem,
553 4819 593 4894 8(
626 4812 678 4895 de
723 4729 968 4894 maturando
1008 4812 1173 4920 negotio
1206 4829 1340 4895 vestro
1375 4839 1447 4892 eos
1479 4813 1870 4895 commonefacerem.
1942 4815 2053 4898 Erat

181 4952 183 4962 ·
261 4941 392 5006 autem
418 4923 641 5032 negotium,
672 4927 775 5007 sieut
801 4925 927 5023 scitis,
955 4923 1144 5035 quatinus
1170 4921 1223 5005 ad
1250 4950 1323 5008 vos
1351 4923 1576 5008 mitteretur
1604 4923 1730 5006 freter
1757 4925 1974 5034 Rogerius,
1991 4929 2051 5011 ad
