4368 5950
704 441 1341 580 ·'-·÷'··191·-·

114 692 459 795 incommutabilis
488 679 769 802 perseuerans,
798 709 921 800 prout
944 691 1044 772 ,vult
1073 685 1221 769 diuidit
1247 687 1436 798 singulis,
1463 695 1502 770 8(
1530 687 1736 798 dispensat
1768 681 1909 770 seeun-

126 801 217 900 dum
249 804 392 884 secreti
427 806 490 883 sui
532 804 740 884 consilium
784 804 978 883 uniuersa.
1038 801 1130 880 Non
1173 799 1290 882 aliter
1332 800 1463 878 autem
1505 800 1626 880 immo
1668 800 1753 881 fere
1802 801 1909 882 simi·

104 913 331 992 ·'li'ratione
356 937 534 1026 praesens
565 914 877 1023 Ecclesia‚·quae
906 938 1002 1020 pere
1031 913 1188 989 rinatur
1217 912 1260 990 in
1288 909 1406 992 terris
1434 907 1487 988 ad
1516 911 1638 1011 instar
1666 913 1790 1007 illius,
1815 939 1909 1019 quae

124 1025 161 1102 in
197 1024 438 1131 gaudiorum
467 1027 690 1104 aeternitate
719 1024 963 1136 triumphat,v
988 941 1125 1150 pilures
1153 1019 1316 1102 ordines
1345 1019 1486 1116 habet,
1522 1020 1573 1100 de
1611 1023 1759 1130 quibus
1788 1024 1821 1101 is
1835 1022 1907 1134 qui
2032 1111 2033 1116 Ν

121 1161 349 1241 supremum
376 1134 511 1215 locum
541 1137 697 1216 obtinet
725 1136 767 1214 in
798 1133 939 1214 eadem
966 1161 1036 1211 vn1
1073 1132 1274 1240 praecipit,
1312 1135 1352 1208 &
1380 1130 1447 1210 ille
1477 1131 1651 1212 iubentis
1693 1133 1907 1241 exequitur
2006 1150 2060 1260 2⁴3.

122 1243 379 1326 voluntatem.
410 1245 593 1353 Cumque
623 1245 755 1326 caeteri
783 1247 917 1323 vocati
946 1243 1098 1322 sintin
1126 1259 1284 1350 partem
1313 1239 1612 1337 sollicitudinis,
1641 1269 1745 1322 vnus
1774 1262 1906 1322 tamen

123 1357 326 1462 praeminet
355 1384 402 1436 ex
433 1353 684 1462 plenitudine
703 1355 941 1463 potestatis,
971 1354 1161 1462 quicum
1193 1382 1278 1433 uon
1307 1353 1434 1461 possit
1461 1351 1612 1462 vbique
1641 1351 1906 1460 personaliter
1953 1355 1991 1443 .'
2022 1357 2027 1384 '

121 1465 439 1574 maressa-agit
468 1467 707 1576 plerumque
738 1493 811 1571 per
842 1465 940 1544 alios
970 1464 1075 1544 vices
1105 1492 1216 1561 suas,
1246 1483 1291 1544 vt
1318 1463 1374 1542 sic
1402 1464 1579 1543 membra
1608 1461 1764 1571 singula
1778 1465 1905 1544 virtu·
1985 1463 1988 1474 '

111 1589 196 1656 rtem
226 1577 369 1685 capitis
398 1593 696 1683 repraesentent.
726 1579 787 1656 Ex
810 1576 895 1656 hoe
924 1578 1062 1683 itaque
1092 1573 1180 1676 fuit,
1209 1572 1322 1684 quod
1337 1600 1420 1652 non
1434 1579 1514 1652 tam
1531 1599 1712 1681 personae
1727 1574 1905 1654 Venera-

120 1684 208 1766 bilis
223 1688 374 1768 Fratris
389 1687 759 1768 nostriLundeusis
773 1686 1078 1793 Archiepiscopi
1107 1688 1306 1776 meritum,
1327 1711 1451 1793 quam
1479 1682 1656 1770 fructum
1671 1683 1743 1794 qui
1758 1681 1906 1792 proue-

107 1797 203 1876 nire
233 1799 391 1904 poterit
411 1799 633 1878 animarum
661 1797 799 1878 sedula
833 1795 1108 1876 moderatione
1150 1811 1365 1903 pensantes
1406 1797 1513 1874 vices
1555 1813 1711 1876 nostras
1739 1811 1820 1874 tam
1863 1801 1905 1874 in
1997 1841 1999 1844 ·

117 1908 323 1990 Lundensi
352 1935 474 2016 quam
489 1911 530 2020 in
547 1909 759 2017 Vpsalensi
773 1905 1001 2014 Prouincijs
1030 1906 1159 1986 eidem
1189 1906 1506 2013 drehiepiscopo
1521 1906 1709 1988 duximus
1724 1901 1905 1986 commit-

104 2016 274 2114 tendas,
303 2035 348 2098 vt
376 2018 426 2098 de
455 2020 551 2127 ip'sis
581 2019 756 2099 fructum
785 2017 928 2098 alferat
956 2019 1140 2127 quinon
1170 2020 1303 2124 perit,
1324 2023 1363 2097 a
1392 2019 1453 2096 sui
1482 2018 1656 2096 nominis
1685 2017 1904 2098 redolentis

102 2131 255 2235 opinio
284 2130 453 2236 respiret
481 2129 646 2211 odorem
663 2131 748 2237 agri
765 2129 893 2236 pleni,
921 2129 988 2206 cui
1018 2130 1215 2208 Dominus
1238 2125 1453 2207 benedixit.
1484 2127 1658 2207 Proinde
1674 2131 1715 2207 in
1731 2128 1792 2207 his
1810 2125 1904 2238 quae

100 2237 165 2325 ,ad
179 2267 308 2320 suam
336 2237 584 2320 audientiam
613 2239 670 2321 de·
693 2237 895 2347 praedictis
922 2239 1151 2345 Prouincijs
1181 2235 1424 2318 deferuntur
1452 2239 1689 2318 examinatis
1731 2245 1798 2318 s'eu
1837 2269 1905 2319 eo·

114 2351 239 2457 gnitis
273 2377 401 2429 causae
444 2353 593 2432 meritis
635 2350 851 2459 diligenter
878 2349 1004 2428 malos
1032 2338 1227 2446 coerceat,
1260 2354 1300 2428 &
1326 2349 1488 2457 iniquos
1517 2350 1699 2429 &iuxta
1740 2347 1905 2429 modum

114 2459 245 2568 eulpae
275 2461 481 2542 canonica
498 2461 698 2542 districtio
725 2461 887 2568 eulpam
916 2459 1030 2540 feriat
1058 2457 1338 2569 delinquentis,
1367 2461 1420 2539 ita
1449 2459 1562 2568 quod
1577 2459 1749 2541 illibatas
1771 2458 1905 2541 seruet
1964 2493 1968 2499 ’

98 2571 281 2652 ¹cuilibet
310 2571 400 2649 iura
428 2592 520 2668 sua',
549 2579 589 2652 a
616 2575 650 2652 si
678 2571 729 2651 ab
758 2572 910 2682 aliquo
927 2571 980 2650 ab
1008 2570 1096 2677 ipso
1133 2571 1448 2681 Archiepiscopo
1490 2569 1612 2654 fuerit
1654 2573 1905 2679 appellatum

111 2678 298 2761 deferens
327 2682 474 2761 honori
502 2683 607 2762 sedis
637 2683 894 2790 Apostolicae·
910 2682 1019 2760 'sicut
1047 2679 1183 2763 ‘dehet
1226 2682 1441 2761 terminum
1476 2698 1626 2762 statuat
1661 2684 1902 2789 appellanti,
1978 2721 1981 2728 ·
2021 2773 2025 2786 ι

11 2815 20 2844 ’
109 2789 216 2870 iufra
248 2819 366 2900 quem
397 2793 473 2873 nisi
502 2792 813 2901 appellationem
842 2821 953 2872 suam
997 2790 1118 2872 fuerit
1161 2786 1417 2900 prosecutus,
1448 2810 1624 2872 extunc
1654 2794 1696 2870 in
1737 2796 1903 2901 negotio

31 2973 34 2980 .
83 2902 195 3008 ipsa
227 2903 380 3010 praeuia
408 2904 565 2983 ratione
594 2904 797 3011 procedat.
826 2903 929 2982 Cum
957 2919 1090 2981 autem
1122 2903 1337 3010 contigerit
1366 2901 1724 3009 Archiepiscopum
1753 2930 1902 2991 memo·

107 3029 244 3091 ratum
275 3010 402 3091 dietas
431 3014 663 3094 Prouincias
690 3016 869 3108 visitare,
906 3013 1213 3122 procurationes
1248 3015 1383 3122 exigat
1416 3007 1661 3108 moderatas,
1689 3018 1729 3092 8(
1758 3016 1790 3094 si
1820 3043 1902 3125 qua

106 3121 310 3203 beneficia
339 3140 454 3202 tanto
483 3139 665 3232 tempore
695 3125 941 3220 vacaueriut,
984 3122 1097 3233 quod
1141 3123 1191 3203 ad
1220 3151 1292 3203 nos
1321 3124 1372 3202 sit
1400 3150 1541 3202 eorum
1569 3125 1734 3204 collatio
1761 3150 1902 3206 secun·
1971 3159 1979 3170 “

89 3231 205 3314 dum
238 3233 399 3313 Statuta
425 3235 701 3316 Lateranensis
724 3234 896 3341 Concilij
925 3233 1128 3329 deuolute,
1158 3234 1275 3315 liceat
1302 3235 1379 3342 ipsi
1393 3235 1706 3342 Archiepiscopo
1722 3239 1903 3343 personis
1969 3301 1983 3314 .

88 3341 268 3424 idoneis
296 3345 384 3450 ipsa
411 3343 606 3432 conferre.
624 3349 820 3427 Praeterea
835 3346 926 3454 plus
941 3346 1164 3424 animarum
1180 3345 1620 3452 periculopraecaueie‚
1636 3375 1755 3456 quam
1773 3347 1901 3429 eidem

85 3455 428 3562 -Archiepiscopo
443 3455 661 3563 prouidere
682 3458 873 3552 volentes,
890 3456 1127 3535 auctoritate
1158 3457 1415 3564 praesentium
1424 3455 1686 3565 'indulgentes
1714 3477 1758 3536 vt
1787 3460 1902 3540 liceat
1940 3527 1945 3534 .

99 3565 181 3646 sibi
212 3567 265 3646 iis
295 3566 365 3674 qui
394 3569 436 3646 in
465 3569 670 3647 Canonem
699 3568 789 3646 latae
818 3569 1023 3647 senteutiae
1057 3566 1304 3663 inciderunt,
1347 3593 1493 3646 munus
1535 3567 1799 3648 absolutionis
1828 3571 1900 3648 im-

30 3750 39 3770 ,
85 3675 308 3782 pendere,
338 3677 415 3754 nisi
442 3694 522 3756 tam
555 3674 678 3757 fuerit
706 3677 879 3756 enomuis
908 3679 1103 3768 excessus,
1131 3675 1243 3785 quod
1273 3697 1440 3785 propter
1465 3673 1713 3759 atrocitatem
1728 3681 1900 3772 iniuriae,
1993 3769 1996 3775 ¹

82 3802 145 3866 -vt
175 3786 254 3892 alij
285 3801 513 3868 terreantur
542 3787 729 3894 exemplo
759 3787 809 3868 ad
839 3785 974 3867 sedem
1008 3788 1089 3868 sint
1117 3787 1389 3894 Apostolicam
1426 3785 1665 3870 destinandi.
1724 3789 1786 3870 Ad
1816 3789 1930 3868 haec

97 3924 208 3994 cum
242 3899 541 4004 Crucesignatis
614 3899 656 3976 ui
686 3897 841 3978 fuerint
870 3899 911 3976 in
941 3897 1166 4005 Prouinoijs
1195 3897 1404 3978 antedictis
1427 3897 1624 3978 inhabiles
1653 3927 1702 3980 ex
1732 3899 1900 3979 faculta-

29 4062 33 4070 ἢ
83 4005 213 4091 tibus
245 4024 318 4086 aut
347 4009 528 4113 personis
556 3927 612 4088 ad
637 4007 860 4088 subsidium
890 4009 1026 4088 Terrae
1055 4007 1209 4088 Sanctae
1238 4008 1314 4086 sibi
1349 4008 1469 4088 liceat
1503 4037 1593 4088 cum
1623 4008 1812 4117 expedire
1839 4011 1899 4088 vi·

80 4114 211 4197 -derit
244 4115 480 4225 dispensare
509 4134 605 4198 vota
635 4120 967 4226 peregrinationis
989 4120 1107 4198 vniu's
1137 4121 1189 4224 in⁸
1206 4117 1314 4198 aliud
1342 4137 1596 4200 commutato.
1627 4123 1671 4198 ln
1689 4121 1898 4199 bisantem

96 4233 139 4306 sst
169 4225 227 4307 ali
229 4225 270 4334 js
298 4244 388 4336 quae
417 4228 687 4309 Pontiticalem
715 4230 882 4337 exigunt
910 4232 1144 4335 grauitatem
1158 4230 1222 4308 sic
1251 4256 1355 4336 saepe
1376 4229 1528 4309 dictum
1542 4231 1897 4337 Archiepiscopum

92 4363 319 4442 speramus
347 4356 511 4419 auctore
540 4340 714 4419 Domino
743 4365 1037 4446 processurum,
1067 4337 1179 4450 quod
1207 4337 1381 4420 officium
1411 4341 1571 4420 creditae
1598 4341 1685 4420 sibi
1704 4337 1897 4419 sollicitu-

76 4445 207 4527 :dinis
240 4449 455 4554 pastoralis
479 4449 534 4528 ad
553 4450 757 4530 honorem
788 4451 859 4529 Dei
889 4455 929 4529 Sc
959 4448 1145 4529 Ecclesiae
1179 4450 1370 4529 Romanae
1413 4443 1611 4557 proficiet,
1655 4469 1716 4527 ac'
1731 4451 1896 4530 salutem

20 4637 24 4644 .
72 4557 348 4666 ⁸operabitur
376 4560 609 4667 animarum.
641 4562 789 4640 Datum
819 4561 1006 4641 Laterani
1031 4557 1217 4642 Calendis
1246 4561 1467 4667 Februarij.
1497 4562 1896 4644 Pontificatusnostri

90 4696 210 4749 anno
244 4695 397 4776 primo·
1473 4709 1475 4714 s
