4370 5950
833 489 893 554 ,--
974 471 1063 551 ‹79
1151 413 1300 518 .‚.'

17 669 18 672 ‘
120 673 161 755 ils
186 665 412 751 executione
439 661 616 758 retardet
662 662 884 771 recolentes
912 669 951 746 8(
979 693 1065 744 non
1092 680 1252 747 tantum
1279 664 1424 762 verbo,¹
1452 663 1523 747 sed
1552 692 1676 773 opere
1704 665 1898 774 profitens
2020 723 2031 746 .
2100 743 2104 752 .

114 801 180 876 tes,
211 775 323 887 quod
355 776 436 868 ille.
454 801 632 864 summus
660 781 700 855 &
728 776 883 884 primus
913 792 1053 883 pastor
1082 775 1263 859 docuisse
1291 777 1439 884 legitur
1462 784 1506 860 8(
1547 776 1705 858 fecisse:
1746 779 1895 874 nomo,

114 890 244 1000 iuquit,
269 888 411 998 postor
453 893 630 970 enimam
673 917 789 968 suum
822 895 940 998 pontt
979 917 1058 996 pro
1094 891 1231 971 ouibus
1258 898 1350 972 suis.
1406 889 1458 970 Et
1486 889 1676 996 quoniam
1691 915 1765 996 per
1789 889 1901 970 etro-

113 1030 202 1096 rem,
236 1005 274 1079 8(
310 1018 391 1080 tam
430 997 573 1080 diuini
587 1025 719 1108 quam
753 999 918 1081 humani
953 999 1053 1080 iuris
1088 1002 1380 1107 ignorantiam,
1422 996 1531 1106 a'pud
1572 1028 1644 1103 vos
1687 998 1903 1083 inoleuisce

111 1111 285 1202 videntur
314 1109 436 1205 mala,
466 1137 567 1218 quae1
586 1108 777 1206 diximus,
806 1116 845 1189 8(
873 1137 896 1188 a
926 1109 1036 1192 laicis
1058 1129 1251 1220 tanquam
1279 1113 1389 1192 licita
1402 1111 1567 1217 impune
1583 1109 1774 1190 hactenus
1788 1137 1903 1190 vsur·

114 1241 216 1330 pata,
230 1237 461 1302 sanctorum
476 1237 638 1327 patrum
659 1221 826 1306 statutis
855 1238 1050 1328 tanquam
1079 1224 1202 1302 armis
1230 1233 1404 1318 vtentes,
1434 1221 1529 1327 ipsis
1558 1220 1676 1300 inniti
1692 1218 1901 1318 debebitis,

113 1350 222 1442 atque
249 1358 297 1412 ea
329 1337 368 1412 8(
395 1358 468 1412 vos
497 1360 587 1412 cnm
615 1335 671 1412 eis
701 1332 881 1441 hisquae
910 1332 1047 1414 illicite
1072 1335 1379 1415 committuntur
1394 1359 1621 1439 opponere,
1637 1350 1682 1411 vt
1696 1358 1746 1411 ex
1760 1359 1903 1420 eorum
1975 1361 1983 1368 ·

111 1443 274 1525 scientia.
297 1448 336 1522 8(
372 1443 612 1522 auctoritate
647 1440 898 1550 dispereant,
928 1471 1019 1554 qnae
1048 1463 1122 1552 per
1151 1447 1388 1528 abusionem
1416 1444 1580 1553 nimiam
1609 1449 1648 1522 8(
1678 1443 1902 1548 ignoranti·

112 1582 167 1634 am
197 1570 496 1633 succreuerunt.
563 1554 668 1635 Sane
697 1554 818 1636 laicos
857 1557 1070 1652 Ecclesias,
1107 1557 1171 1638 vel
1196 1557 1473 1638 Ecclesiastico
1506 1552 1701 1634 beneficia
1729 1550 1904 1659 dignite-
1998 1631 2008 1638 .

86 1663 236 1775 'terque
265 1663 505 1759 concedere,
530 1691 603 1743 seu
630 1663 681 1744 de
711 1667 808 1774 ipsis
836 1665 926 1744 vlla
946 1669 1104 1748 ratione
1141 1669 1373 1776 disponere,
1401 1682 1632 1751 sanctorum
1662 1683 1821 1770 patrum
1843 1661 1904 1748 ed

111 1777 225 1856 instm
252 1773 453 1882 sacrilegij
483 1774 703 1882 prohibent
718 1777 921 1858 instituta.
981 1778 1157 1860 Clericus
1187 1797 1342 1875 eutem,
1372 1779 1443 1888 qni
1471 1778 1523 1858 ab
1551 1769 1626 1872 eis,
1655 1775 1716 1855 vel
1747 1803 1820 1883 per
1835 1801 1903 1862 eos
2001 1799 2008 1806 ·

111 1885 196 1967 dato
230 1887 382 1993 preti0,
419 1888 504 1966 siue
547 1887 688 1993 gratis,
724 1888 960 1984 Ecclesiam,
995 1890 1060 1969 vel
1086 1892 1365 1971 incestituram
1397 1887 1580 1970 Ecclesiae
1608 1914 1678 1966 seu
1708 1887 1903 1967 Ecclesia·

109 2001 204 2080 stIcae
238 1997 447 2104 dignitatis
482 2000 731 2102 acceperint,
767 2017 914 2106 praeter
956 2000 1109 2081 ordinis
1137 2003 1199 2081 sui
1228 2001 1452 2110 periculum
1480 1997 1901 2086 excommunicationis
1932 2083 1946 2107 l,

109 2111 214 2189 etiam
241 2137 365 2216 poena
394 2107 674 2190 condemnant.
732 2111 835 2213 Nam
864 2112 907 2189 in
936 2111 1103 2218 Synodo
1132 2113 1358 2220 Symmachi
1386 2115 1504 2219 Papae
1532 2127 1725 2192 statutum
1741 2108 1900 2214 legitur,

108 2220 190 2300 Non
218 2219 372 2326 placuit
401 2221 547 2299 laicum
575 2219 777 2301 statuendi
805 2222 849 2300 in
877 2222 1053 2303 Ecclesia
1083 2225 1257 2333 aliquam
1285 2224 1433 2305 babere
1462 2220 1709 2317 facultatem,
1724 2218 1901 2300 cui-sub-

108 2329 292 2438 sequendi
334 2341 466 2412 manet
508 2331 738 2426 necessitas,
780 2339 873 2414 non'
898 2337 1114 2416 auctoritas
1150 2335 1386 2444 imperandi.
1444 2336 1555 2413 Item.
1571 2333 1706 2413 Laicis
1717 2330 1901 2441 quamuis

106 2441 293 2548 religiosis
331 2441 443 2522 nulla
471 2441 522 2522 de
552 2443 837 2524 Ecclesiasticis
865 2443 1130 2552 dignitatibus
1158 2446 1314 2556 aliquid
1343 2443 1583 2554 disponendi
1612 2443 1770 2552 legitur,
1788 2441 1902 2522 attri-

107 2553 195 2634 buta
229 2552 412 2633 facultas.
486 2553 586 2634 Item
629 2554 808 2636 Calixtns
836 2558 956 2663 Papa.
1012 2558 1055 2639 Si
1083 2559 1173 2668 quis
1202 2559 1432 2667 principum
1459 2555 1623 2663 inquit,
1639 2553 1704 2636 vel
1732 2553 1904 2633 aliorum
2009 2557 2011 2560 ’

17 2757 19 2768 Ι
105 2662 413 2772 dispositionem,
441 2691 511 2744 scu
539 2663 809 2762 donationem,
838 2667 922 2747 siue
950 2671 1238 2775 possessionem
1267 2667 1633 2751 Ecclesiasticarum
1670 2685 1805 2752 rernm
1847 2665 1902 2746 si·
1953 2676 1959 2690 ‘
2016 2729 2023 2734 ,
2141 2681 2146 2684 ’

105 2773 144 2854 bi
185 2775 472 2872 vendicauerit,
501 2791 546 2855 vt
590 2777 808 2884 sacrilegus
850 2779 1062 2862 iudicetur.
1135 2783 1235 2860 Item
1263 2780 1474 2861 Paschalis.
1533 2777 1678 2858 Nullus
1707 2776 1903 2856 laicorum
1941 2872 1950 2882 .

104 2887 367 2970 Ecclesiarum
403 2887 510 2967 bona
547 2906 729 2994 occupet,
764 2888 827 2968 vel
865 2888 1064 2996 disponat.
1121 2892 1205 2992 Qui
1232 2919 1331 2972 vero
1360 2919 1472 2972 secus
1500 2891 1639 2997 egerit,
1668 2891 1780 2969 iuxta
1795 2885 1904 2966 beati

102 2996 320 3080 Alexandri
364 2999 602 3104 capitulum,
633 2999 683 3080 ab
713 3000 898 3091 Ecclesiae
926 3000 1131 3082 liminibus
1159 3018 1354 3082 arceatur.
1413 3002 1513 3081 Item
1528 2999 1767 3081 Alexander.
1824 2997 1903 3078 Per

17 3199 19 3214 Ι
103 3108 218 3190 laicos
253 3108 372 3190 nullo
408 3109 530 3196 modo
566 3108 738 3219 quilibet
772 3110 939 3190 clericus
983 3131 1052 3193 aut
1081 3115 1295 3221 Presbyter
1322 3111 1496 3191 retineat
1523 3109 1740 3191 Ecclesiam
1769 3134 1903 3215 neque

101 3224 246 3327 pretio,
272 3248 411 3330 ,neque
440 3223 574 3328 gratis.
633 3222 734 3301 Item
763 3222 972 3303 Paschalis.
1032 3224 1075 3304 Si
1103 3225 1194 3332 quis
1222 3224 1409 3320 clericus,
1437 3222 1578 3317 abbas,
1592 3222 1656 3302 vel
1684 3218 1903 3304 monachus
2000 3223 2002 3231 ’

17 3327 23 3344 '
101 3357 170 3437 per
204 3332 330 3412 laicos
365 3332 584 3412 Ecclesiam
620 3333 858 3428 obtinuerit,
888 3333 1106 3415 secundum
1135 3335 1425 3443 Apostolorum
1453 3351 1683 3414 sanctorum
1713 3357 1902 3428 canones,
1995 3377 1999 3386 ‚

101 3447 138 3522 8(
169 3445 397 3552 capitulum
432 3444 673 3525 Antiocheni
700 3443 889 3551 Concilij,
918 3448 1321 3527 excommunicationi
1356 3445 1568 3526 subiaceat.
1641 3442 1763 3525 Idem.
1793 3443 1902 3524 (lon-

99 3555 327 3636 stitutiones
370 3583 575 3635 sacrorum
616 3583 814 3638 canonum
845 3575 1054 3670 sequentes
1082 3561 1302 3654 statuimus,
1332 3575 1375 3638 vt
1403 3557 1638 3665 quicunque
1661 3554 1914 3635 clericorum.

102 3663 149 3745 ab
184 3667 261 3746 hac
291 3668 394 3746 hora
421 3666 700 3746 incestituram
729 3667 934 3762 Ecclesiae,
964 3669 1027 3748 vel
1055 3668 1341 3750 Ecclesiasticus
1368 3666 1572 3774 dignitatis
1601 3664 1651 3746 de
1680 3693 1802 3746 manu
1829 3663 1902 3742 lai·

100 3775 134 3856 ci
168 3779 394 3884 acceperit,
422 3783 462 3858 8(
490 3779 562 3886 qui
591 3779 628 3857 ei
657 3805 820 3856 manum
850 3780 1105 3885 imposuerit,
1135 3780 1283 3888 gradus
1312 3780 1375 3860 sui
1403 3777 1587 3886 periculo
1614 3777 1833 3868 subiaceat,
1859 3777 1901 3852 8(

17 3909 18 3912 ’
101 3889 385 3968 communione
420 3894 615 3997 priuatur.
673 3891 724 3968 Et
752 3890 796 3968 in
825 3889 927 3968 hanc
956 3892 1190 3972 sententiam
1220 3892 1296 3971 alia
1325 3890 1449 3970 multa
1493 3916 1689 3968 canonum
1720 3885 1901 3965 instituta

101 4002 138 4078 8(
163 4018 399 4098 sanctorum
428 4017 587 4107 patrum
619 3999 781 4080 decreta
809 4003 1068 4082 conueniunt.
1126 4005 1323 4083 Caeterum
1354 4000 1560 4097 Ecclesiae,
1576 3999 1640 4080 vel
1655 3992 1901 4077 Ecclesiasti-

102 4133 145 4186 ca
181 4104 379 4192 beneficia
394 4111 527 4217 pretij,
542 4139 613 4190 seu
643 4113 919 4220 cuiuscunque
949 4115 1386 4200 munerisinteruentu
1413 4110 1617 4207 conferre,
1640 4108 1899 4189 simoniacum

101 4237 177 4315 est,
217 4227 258 4300 8(
304 4221 561 4302 simoniacam
603 4223 710 4330 sapit
746 4224 888 4328 procul
933 4222 1059 4305 dnbio
1088 4226 1336 4332 prauitatem.
1394 4227 1522 4303 Porro
1552 4219 1723 4301 Simonis
1751 4219 1902 4298 crimen

103 4335 308 4438 quamsit
338 4331 592 4429 detestabile,
623 4361 743 4442 quam
773 4334 1039 4432 horrendum,
1070 4337 1156 4442 ipsa
1185 4365 1257 4418 vos
1272 4337 1357 4416 eins
1372 4333 1531 4414 infamis
1547 4332 1769 4411 immanitas
1784 4331 1900 4435 igno·
1948 4424 1952 4428 Ι

99 4465 189 4519 rare
217 4471 305 4525 non
334 4445 443 4525 sinit.
480 4471 530 4524 cx
557 4473 642 4553 quo
672 4445 853 4552 profecto
882 4463 980 4526 tam
995 4448 1155 4528 dantem
1183 4476 1305 4556 quam
1334 4447 1592 4552 accipientem
1621 4441 1825 4522 damnatio
1838 4437 1899 4518 Si·

96 4549 246 4650 monis,
293 4583 418 4663 quam
460 4580 572 4655 sacra
613 4573 775 4636 actuum
814 4559 1104 4664 ,Apostolorum
1156 4560 1276 4640 lectio
1304 4574 1564 4666 protestatur,
1593 4551 1777 4634 inuoluit.
1834 4547 1900 4630 Ad

98 4663 213 4744 cuius
254 4665 634 4747 condemnationem
668 4695 759 4746 cum
794 4669 968 4774 plurima
995 4687 1141 4778 practer
1169 4670 1440 4778 Apostolicam
1469 4666 1715 4748 sanctionem
1743 4679 1901 4744 sancto·

17 4849 19 4854 .
96 4799 185 4854 rum
231 4793 398 4884 patmm
435 4777 630 4886 rescripta
673 4781 935 4876 manauerint,
978 4809 1104 4888 pauca
1139 4780 1339 4862 credimus
1373 4807 1422 4859 ex
1458 4778 1643 4885 pluribus
1671 4775 1898 4862 suffectura.
1950 4853 1956 4858 .
2003 4773 2015 4818 ⁵

88 4881 207 4974 Inter
246 4915 343 4996 quae
377 4889 549 4996 primum
584 4890 637 4986 sit
672 4889 773 4971 illud
810 4892 914 4971 beati
943 4891 1149 4999 Gregorij:
1178 4891 1411 5000 Presbyter,
1439 4890 1589 4998 inquit,
1619 4887 1653 4967 si
1681 4885 1905 4967 Ecclesiam
1989 4951 1995 4954 .

97 5019 169 5101 per
197 5001 420 5106 pecumm
448 5001 680 5098 obtinuerit,
709 5029 793 5082 non
819 5003 950 5083 solum
980 5004 1154 5084 Ecclesia
1182 5004 1378 5110 priuetur,
1406 4999 1476 5082 sed
1505 5001 1659 5083 honore
1687 4991 1900 5114 sacerdotii
