4384 5946
990 517 1376 598 ...32-

293 731 406 814 tibus
447 733 598 839 scilicet
642 732 776 810 omnia
818 759 907 840 quae
949 735 1072 812 vestri
1113 750 1381 834 antecessores
1411 731 1493 811 suis
1523 727 1730 842 laboribus
1759 731 2071 840 adquisiverant,

295 844 359 925 vel
375 845 496 923 ctiam
512 869 646 922 amore
661 849 819 922 aeternae
835 843 975 952 patriae
988 873 1010 922 a
1025 833 1354 922 Christicolarum
1370 841 1556 923 fidelibus
1573 869 1683 920 nunc
1704 842 1862 936 collata,
1881 843 1942 922 vel
1967 843 2073 924 dein·

293 981 388 1060 ceps
430 970 524 1032 sunt
568 950 826 1032 conferenda.
886 955 988 1031 Cum
1016 953 1094 1032 illis
1123 956 1243 1034 etiam
1271 957 1342 1061 qui
1372 981 1481 1032 nunc
1511 953 1703 1058 temporis
1732 951 1782 1031 ad
1812 953 1958 1034 Christi
1986 983 2073 1034 cona

294 1063 400 1142 versi
427 1081 523 1145 sunt
552 1061 681 1151 fidem,
712 1061 898 1141 videlicet
927 1065 1137 1172 Episcopis
1167 1065 1209 1142 in
1239 1063 1425 1144 omnibus
1454 1063 1643 1170 gentihus
1671 1063 1886 1157 Sueonum,
1907 1065 2075 1144 siucDa·

292 1199 453 1268 norum,
483 1200 556 1252 nec
585 1199 668 1250 non
698 1173 818 1251 etiam
846 1173 887 1252 in
918 1173 995 1253 illis
1025 1174 1207 1281 partibus
1236 1173 1459 1265 Slavorum,
1488 1199 1577 1281 quae
1605 1188 1699 1251 sunt
1727 1201 1749 1250 a
1779 1172 2074 1274 fluminePene,

290 1311 419 1392 usque
448 1281 499 1362 ad
528 1282 696 1360 fluvium
726 1281 885 1388 Egidre,
915 1285 970 1363 ita
1000 1301 1046 1362 ut
1076 1285 1151 1363 sub
1181 1299 1326 1380 vestro,
1359 1299 1951 1391 vestrorumquesuccessorum
1963 1285 2076 1376 Ham·

290 1393 568 1500 maburgensis
598 1391 782 1472 Ecclesiae
812 1393 1219 1500 Archiepiscoporum
1248 1412 1434 1473 maneant
1462 1406 1670 1500 potestate,
1700 1392 1761 1470 vel
1791 1391 1986 1500 quicquid
2014 1422 2075 1473 ve·

289 1490 380 1584 stri¹
404 1501 555 1584 laboris
599 1503 816 1583 certamine
861 1502 998 1582 divina
1028 1503 1187 1583 favente
1217 1506 1362 1611 gratia,
1394 1504 1444 1581 ab
1474 1529 1609 1580 errore
1639 1500 1929 1610 perfidie,·sive
1957 1503 2077 1583 homi·

291 1641 390 1711 num
418 1615 501 1693 sive
532 1612 733 1708 locorum,
764 1611 815 1692 ad
829 1612 1064 1719 religionem
1081 1616 1349 1692 Christianam
1364 1611 1579 1720 adquirere
1594 1615 1771 1718 potestis,
1787 1611 1902 1702 vobis
1925 1614 2078 1692 vestris·

290 1751 372 1833 que
401 1723 696 1803 successoribus
725 1725 1016 1830 perpetualiter
1045 1723 1276 1818 tenendum,
1306 1721 1591 1803 inviolabiliter
1622 1736 1758 1800 tenere
1786 1749 2003 1802 censemus.
2032 1727 2087 1802 Et

289 1837 458 1940 insuper
487 1833 737 1914 decernimus
767 1838 806 1910 8(
834 1840 1044 1928 sancimus,
1060 1833 1217 1913 nullum
1243 1831 1669 1939 ,Archiepiscoporum',
1698 1832 1774 1911 vel'
1791 1831 2090 1928 Coloniensem,

196 1991 203 1998 ·
289 1943 353 2024 vel
382 1943 503 2023 alium
532 1943 754 2051 quemlibet
781 1944 823 2020 in
853 1961 987 2023 vestro
1016 1943 1177 2023 dioecesi
1206 1941 1314 2021 illam
1342 1943 1418 2022 sibi
1449 1939 1661 2021 vendicare
1690 1957 1940 2048 potestatem.
1985 1943 2080 2044 Qui·

289 2056 400 2134 nimo
442 2058 482 2132 8(
524 2055 687 2160 ipsis‘&
715 2054 904 2133 omnibus
934 2055 1100 2134 omnino
1129 2051 1355 2132 cultoribus
1385 2077 1488 2130 verae
1516 2051 1732 2156 religionis,
1762 2069 1808 2129 ut
1835 2052 2080 2158 adjutorium
2174 2057 2177 2072 ⁴

290 2165 543 2245 &solatium
573 2163 689 2256 vobis
718 2165 761 2241 in
788 2164 975 2244 omnibus
1004 2165 1305 2243 amministrent.
1362 2164 1573 2263 Quatenus
1602 2187 1678 2268 pro
1707 2162 1834 2267 gratia
1864 2163 1987 2269 hujus
2015 2161 2080 2242 be·

290 2267 423 2354 nelicii
441 2273 599 2380 plenam
615 2273 824 2380 percipere
840 2272 1063 2353 mercedem
1079 2303 1101 2352 a
1118 2275 1291 2352 Domino
1307 2287 1547 2352 mereantur.
1579 2274 1713 2372 Quum
1730 2273 1865 2351 anania
1881 2298 1974 2381 quae
1991 2301 2080 2379 pro·

289 2385 396 2464 ficua
424 2384 610 2463 Ecclesiae
639 2383 866 2489 probantur
895 2387 1075 2480 existere,
1105 2391 1143 2464 8(
1173 2383 1320 2462 divinis
1349 2411 1433 2461 non
1463 2383 1701 2488 impugnant
1731 2381 2080 2490 praeceptionibus,

289 2492 499 2575 afficienda
528 2501 567 2573 8(
595 2491 823 2601 praebenda,
852 2496 1141 2600 omnipotentis
1159 2496 1234 2572 Dei
1250 2494 1500 2586 auctoritate,
1516 2499 1554 2570 8(
1568 2491 1777 2570 beatorum
1793 2493 2082 2602 Apostolorum

288 2605 399 2686 Petri
428 2609 468 2683 8(
495 2603 608 2683 Pauli
637 2630 721 2681 non
750 2601 990 2682 dubitamus.
1049 2607 1101 2682 Et
1127 2603 1205 2682 hoc
1235 2621 1374 2683 nostro
1405 2602 1566 2682 decreto
1582 2599 1843 2696 decernimus,
1859 2603 2081 2684 secundum

289 2714 571 2826 praenominati
599 2713 716 2791 bonae
745 2715 943 2792 memoriae
972 2713 1141 2810 Nicolai,
1174 2719 1214 2792 8(
1242 2714 1406 2820 Agapiti
1435 2716 1552 2820 Papae
1580 2714 1826 2792 sanctionem
1856 2716 1968 2821 ipsas
1985 2713 2079 2794 dioe·

289 2852 408 2921 ceses
437 2822 846 2928 Hammaburgensem
874 2824 1024 2904 scilicet
1052 2830 1099 2928 8(
1127 2825 1389 2918 Bremensem,
1418 2851 1502 2900 non
1531 2819 1641 2915 duas,
1669 2821 1739 2902 sed
1769 2851 1892 2902 unam
1934 2853 2020 2906 esse
2047 2828 2083 2902 8(

172 2979 176 2990 ·
287 2936 439 3015 vocari.
473 2935 669 3014 ‘Omnem
698 2957 863 3041 quoque
892 2933 1171 3013 adversantem
1201 2935 1264 3014 vel
1293 2932 1644 3027 contradicentem,
1676 2948 1798 3041 atque
1828 2937 1905 3040 piis
1936 2936 2082 3016 nostris

288 3044 430 3126 studiis
460 3042 644 3152 quolibet
672 3041 793 3121 modo
822 3044 1075 3124 insidiantem
1099 3037 1361 3124 anathematis
1378 3070 1567 3124 mucrone
1583 3048 1839 3149 percutimus,
1856 3065 2083 3154 perpetuae·

287 3163 369 3264 quc
398 3154 561 3234 ultionis
585 3179 719 3247 reum,
749 3150 946 3234 diabolica
975 3172 1083 3234 sorte
1111 3153 1395 3260 dampnamus,
1426 3169 1472 3258 ut
1500 3153 1657 3232 culmen
1685 3153 1954 3262 apostolicum
1974 3179 2083 3235 more

199 3314 203 3325 -
286 3261 626 3372 praedecessorum
657 3279 885 3342 nostrorum
915 3291 1158 3374 causamque
1186 3265 1260 3343 Dei
1290 3291 1365 3370 pro
1394 3262 1540 3342 affeetu
1569 3262 1760 3359 zelantes,
1805 3265 1856 3344 ab
1901 3266 2082 3370 adversis

287 3375 381 3454 hinc
425 3372 519 3453 indc
561 3372 747 3479 partibus
790 3374 1039 3454 nunciamus.
1111 3374 1344 3482 Apostolica
1388 3374 1524 3481 itaque
1560 3376 1819 3468 auctoritate,
1848 3374 2084 3457 Halversta·

290 3483 421 3566 densis
450 3482 635 3562 Ecclesiae
663 3488 702 3561 8(
730 3481 1110 3564 Hildonestunensis
1138 3491 1179 3563 8(
1208 3484 1601 3564 pathrobrunnensis
1631 3489 1669 3562 8(
1697 3483 1916 3565 lllindensis
1948 3488 2084 3567 Eccle-

287 3594 436 3674 siarum
465 3593 675 3699 Episcopis
704 3593 870 3702 insuper
896 3593 1081 3700 jubemus
1111 3611 1233 3703 atque
1266 3621 1492 3689 monemus,
1522 3611 1567 3672 ut
1596 3621 1666 3671 vos
1695 3596 1736 3673 in
1760 3595 2084 3705 omnibusadju·

285 3719 398 3798 vent,
446 3720 646 3811 quatenus
688 3703 934 3784 sacerdotale
973 3707 1236 3786 ministerium
1271 3705 1452 3812 explere,
1481 3711 1522 3783 8(
1550 3705 1769 3784 animarum
1798 3703 1912 3786 lucra
1944 3708 2084 3788 Domi·

287 3841 341 3892 no
370 3815 463 3891 lesu
492 3812 652 3892 Christo
680 3811 834 3892 facilius
875 3812 1089 3923 adquirere
1124 3815 1308 3908 valeatis,
1337 3815 1453 3895 vobis
1482 3812 1768 3895 adminiculum
1796 3816 2017 3922 praebeant
2045 3821 2086 3898 in

288 3923 485 4028 omnibus.
535 3923 601 4001 Sic
649 3938 781 4001 tamen
823 3939 870 4001 ut
912 3951 986 4004 vos
1014 3951 1116 4034 quos
1145 3923 1367 4034 adquiratis
1396 3929 1434 4002 8(
1463 3950 1566 4033 quos
1594 3925 1775 4004 habeatis
1804 3953 1877 4033 per
1907 3930 2097 4034 gratiam.

272 4033 438 4134 ‚Christi
467 4029 686 4141 adquisitos
716 4049 1021 4144 vestrorumque
1049 4062 1318 4115 successorum
1350 4035 1723 4142 Archiepiscopatui
1751 4035 1960 4142 subjectos
1992 4067 2084 4147 per·

287 4171 448 4223 manere
464 4139 714 4224 decernimus
729 4171 752 4222 a
775 4143 934 4230 Christo
950 4161 1107 4226 tantum
1123 4145 1325 4252 recepturi
1344 4146 1550 4252 praemium
1566 4148 1911 4243 renumerationis,
1939 4147 2092 4259 quem-⁸

287 4251 503 4334 admodum
545 4251 772 4334 Christiana
815 4265 861 4333 aa
904 4283 998 4336 vera
1032 4284 1105 4336 vos
1127 4254 1246 4336 docet
1275 4253 1429 4362 religio.
1488 4256 1549 4334 Ita
1585 4254 1727 4336 docete
1755 4283 1893 4336 omnes
1925 4279 2084 4366 gentes.

286 4361 430 4470 Itaque
459 4366 642 4473 quamvis
670 4361 722 4444 ad
752 4363 1050 4471 praedicandum
1081 4365 1269 4472 gentibus
1298 4366 1340 4444 in
1369 4364 1609 4474 supradictis
1638 4367 1734 4447 locis
1764 4369 1962 4476 Episcopi
2003 4373 2087 4452 sint

285 4475 527 4568 consecrati,
555 4489 677 4583 atque
705 4471 842 4580 plures
870 4479 911 4556 in
942 4475 1020 4555 illis
1048 4477 1232 4586 partibus
1261 4475 1534 4574 consecrandi,
1547 4492 1683 4556 tamen
1698 4476 2009 4560 formidandum
2026 4500 2088 4563 est

286 4582 331 4660 in
359 4599 442 4660 tam
469 4581 628 4666 novella
657 4583 945 4666 Christinitatis
974 4587 1235 4696 plantatione,
1264 4614 1338 4694 per
1366 4586 1633 4667 barbarorum
1648 4590 1848 4684 saevitiam,
1864 4605 1910 4667 ut
1928 4594 1977 4670 ni
1994 4609 2087 4671 tan·

286 4705 374 4770 tum
402 4718 593 4775 numerus
621 4721 672 4774 ex
699 4695 754 4776 eis
783 4694 997 4794 decrescat,
1026 4695 1139 4806 quod
1169 4698 1329 4777 illorum
1365 4698 1514 4780 auxilio
1549 4726 1802 4810 nequaquam
1849 4699 2088 4810 Episcopo·

287 4830 377 4880 rum
407 4804 533 4909 possit
560 4803 647 4884 fieri
676 4807 932 4888 consecratio
989 4805 1166 4918 Ideoque
1196 4805 1387 4916 praedicta
1416 4823 1566 4888 statuta
1595 4810 1629 4887 si
1656 4836 1813 4890 neeesse
1841 4811 1892 4890 sit
1932 4830 2088 4893 aucto·

272 4911 406 4992 ‘ritate
450 4914 670 5020 apostolica
706 4916 959 5000 decernimus
994 4946 1078 5000 esse
1106 4917 1315 4998 servanda.
1379 4919 1640 5000 Decernimns
1669 4938 1812 5014 autem,
1841 4922 2088 5004 charissime

171 5107 175 5115 ,
287 5020 413 5102 frater
440 5021 624 5121 hierico,
653 5042 700 5106 ut
728 5044 968 5138 potestatem
995 5029 1177 5111 habeatis
1205 5025 1419 5112 ordinandi
1449 5031 1669 5140 Episcopos
1686 5029 1788 5114 infra
1809 5036 1994 5113 vestram
2013 5062 2087 5144 pa·

1482 5185 1483 5188 κ
1756 5143 1936 5222 rochiam
