4398 5958
954 464 1471 598 a-saa...

291 726 293 730 ·
363 680 884 792 morenis-reugiosorum
900 687 953 767 ts
980 683 1146 794 puplice
1159 701 1450 794 protestamur.
1479 680 1742 766 nondecimas
1756 683 1936 794 capitales
1959 684 2097 776 debonis

360 791 521 888 noetru
534 793 906 902 patrimonialibus.
937 794 1085 879 diebus
1111 795 1273 877 nostris
1302 797 1594 907 negligenciam
1623 795 1747 906 solam
1783 823 1861 908 que
1887 795 1935 875 ab
1959 801 2098 884 omnihus

360 899 605 986 detoetanda'
629 923 691 988 est
718 909 859 1022 pocius
915 935 1010 999 uam
1027 907 1259 1016 alleganda.
1289 935 1368 1017 pro
1395 936 1515 991 causa
1543 909 1808 1017 assignantes.
1850 905 2038 990 detinuisse
2058 913 2099 993 in·

360 1013 474 1095 iusto
500 1014 623 1099 timlo
647 1020 691 1099 dt
717 1020 821 1099 nmla
844 937 945 1101 tide.
1005 1021 1066 1100 Ne
1094 1019 1219 1128 igitur
1260 1020 1351 1104 talis
1393 1013 1643 1128 corruptela,
1664 1018 1724 1098 ab
1749 1017 1846 1100 aliis
1884 1018 2099 1103 trahatur'm

331 1127 614 1234 ‘'e-templum,
640 1147 899 1213 memoratam
927 1130 1218 1240 negligenciam
1240 1128 1446 1212 redimere.
1475 1134 1516 1208 8(
1543 1129 1767 1240 periculum
1795 1130 1923 1210 anime
1936 1157 2100 1238 precattm

364 1235 559 1322 volentes.
589 1241 800 1351 Requisito
815 1267 1019 1324 eomansu
1047 1247 1088 1320 dt
1116 1241 1297 1322 obtento.
1330 1244 1480 1322 Eorum
1495 1267 1670 1351 quorum
1699 1242 1876 1322 interest.
1902 1246 2032 1322 uniam
2052 1269 2100 1324 no

363 1365 502 1434 stram
538 1351 679 1460 lunby.
706 1352 768 1433 'in
816 1353 1027 1463 prouincia
1073 1343 1326 1433 lasscahacret
1367 1361 1503 1449 sitam,
1530 1379 1610 1460 pro
1627 1351 1911 1434 ‹atnfccdons
1934 1371 2101 1435 memorate

363 1457 532 1543 decime.
555 1465 764 1572 Episcopo
790 1465 965 1545 scarensi
991 1465 1155 1572 suisque
1184 1461 1482 1545 successoribus
1496 1489 1588 1544 cum
1612 1459 1802 1544 omnibus
1817 1465 2031 1546 attinenciis.
2048 1465 2102 1546 ccl

365 1565 483 1653 lonis.
510 1573 762 1656 molendinis.
786 1575 905 1663 siluis
918 1577 1075 1683 pascuis
1086 1573 1223 1682 pratis.
1252 1575 1453 1682 pieecariis
1467 1581 1507 1655 8<
1521 1575 1618 1654 aliis.
1648 1573 1852 1682 assignare
1864 1574 2030 1656 duximus
2040 1601 2103 1682 per

367 1698 493 1791 pemo
521 1684 816 1791 possidendam.
852 1688 904 1766 Jn
933 1686 1062 1789 cuius.
1089 1682 1147 1764 rei
1176 1681 1427 1768 euidenciam
1441 1684 1616 1793 sigillum
1644 1701 1831 1766 nostrum
1853 1683 2021 1766 duximus
2042 1715 2103 1794 pre

364 1793 546 1874 sentibus
558 1793 885 1906 appendendum.
913 1797 1074 1876 Datum.
1087 1794 1397 1904 Waldinbyerh.
1428 1799 1559 1878 Anno.
1582 1795 1758 1902 Dominj.
1782 1796 2103 1876 M⁰.CC⁰.LXXlX⁰.

363 1901 430 1984 die
459 1904 556 1985 lune
584 1923 677 2014 post
704 1904 1068 1989 circumdederunt.
1825 1969 1831 1980 ·

365 2044 412 2109 Pa
432 2046 600 2118 frdntidunt
621 2047 713 2131 Regis
732 2044 905 2110 valdemari
932 2021 1569 2192 de.decimit·qg'pss{tl}rlbgussdmedu‚pngre
1590 2044 1690 2119 hand:
1722 2065 1816 2131 asper
1837 2048 1922 2108 cuma
1939 2048 1968 2113 itt
1985 2045 2103 2128 ΜΠ

612 2163 616 2193 t
1231 2153 1249 2190 a
1298 2153 1363 2192 Pe·
1516 2159 1519 2167 ¹

1000 2259 1002 2266 ’
1107 2241 1228 2324 sigillet
1248 2241 1417 2307 bortfellet.

305 2772 307 2778 s
362 2537 503 2752 859.
1012 2643 1163 2753 supp
1209 2605 1258 2711 d.
1306 2606 1338 2714 3
1385 2604 1534 2713 Febr.
1873 2533 2101 2748 Risnbergai

449 2829 602 2896 thoe
622 2829 762 2894 Nemeam
781 2827 977 2892 Testamenta
997 2826 1035 2891 sl
1051 2826 1295 2910 ltelilligagods
1312 2827 1360 2896 till
1380 2825 1736 2909 mdebgatmtttntngar
1745 2824 1807 2890 ach
1818 2824 2100 2910 namngffucprreatst·

1762 2940 2010 3010 A0=3.t,1:s.*)
2039 2979 2051 3012 ,,

519 3081 583 3156 lrt
611 3078 773 3159 nomine
795 3081 927 3190 patris
942 3085 980 3159 se
995 3077 1119 3157 lilii&
1133 3076 1299 3184 spiritus
1313 3077 1441 3159 sancti
1456 3100 1580 3158 amen.
1610 3076 1957 3186 Ego'Wighlogus
1970 3067 2099 3153 Niclrclai

366 3185 575 3299 quondum
595 3187 706 3270 *filius
733 3195 805 3270 dte.
833 3193 915 3272 lita
942 3191 1033 3272 med
1059 3189 1141 3268 Nm
1169 3188 1249 3286 615
1278 3191 1342 3268 till
1368 3187 1466 3267 milri
1483 3191 1732 3269 successione
1746 3188 1981 3270 hereditaria
1999 3203 2098 3290 prout·

363 3312 523 3380 merant.
551 3301 799 3381 mansionem
821 3327 954 3380 meam
987 3315 1113 3393 snraer
1142 3325 1232 3378 cum
1260 3299 1447 3378 omnibus
1475 3299 1556 3380 suis
1598 3301 1830 3381 attinenciis
1874 3289 2097 3378 mobilibus&

252 3419 268 3440 ”
367 3408 651 3492 immobilibus.
680 3416 721 3492 δι
748 3408 954 3491 dimidiam
969 3437 1155 3491 marcam
1183 3425 1289 3488 terre
1316 3410 1360 3489 in
1388 3437 1514 3490 censu
1541 3410 1583 3489 in
1615 3437 1856 3491 wannusum
1885 3437 1969 3490 cum
1993 3403 2097 3484 suisat·

366 3522 553 3602 tinenciis
577 3521 746 3602 ecclesie
774 3539 1008 3619 sanctorum
1037 3520 1142 3632 petri
1158 3525 1198 3599 8t
1228 3519 1345 3627 'pauli
1375 3540 1397 3599 a
1429 3519 1650 3600 ostelorum
1668 3524 1718 3602 in
1732 3540 1961 3628 strengencs
1984 3511 2097 3595 nonlttc

365 3631 588 3713 liberaliter
608 3639 655 3712 ¹&
684 3635 843 3740 assigno
880 3635 1167 3746 inperpetuum
1195 3549 1490 3740 possidendam.
1533 3634 1764 3742 relinquens
1791 3630 1957 3712 eandem
1981 3626 2035 3705 sub
2055 3647 2098 3699 or

365 3741 580 3826 dinacione
608 3743 848 3823 venerabilis
877 3749 984 3852 patri
1005 3742 1185 3850 episcopi
1213 3743 1508 3851 strengenensis
1536 3758 1582 3824 ut
1609 3744 1770 3823 racione
1799 3744 1878 3850 ipsi
1906 3725 2098 3854 infundenda

367 3854 504 3965 aliqua
531 3853 703 3934 canonia
731 3855 774 3936 iu
803 3855 880 3934 mei
908 3855 1140 3934 memoriam
1169 3870 1366 3960 perpetuo
1396 3853 1481 3932 lieri
1510 3852 1641 3934 faciat.
1671 3858 1711 3932 8t
1726 3854 1795 3931 fiat
1824 3879 1946 3933 unum
1961 3849 2054 3926 altare
2072 3864 2098 3916 1¹1

367 3967 455 4073 ipse
484 3964 650 4046 ecclesia
678 3961 952 4071 strengenenni
1000 3962 1113 4072 quod
1157 3961 1263 4042 dicte
1309 3960 1517 4069 prebende
1546 3963 1588 4042 in
1617 3982 1858 4072 perpetuum
1904 3967 2096 4040 annectatur.

367 4077 553 4178 Pretetca
594 4077 819 4170 mansiones
861 4101 966 4154 meas
995 4074 1036 4153 in
1064 4074 1251 4153 ntalstum
1284 4101 1383 4152 cum
1425 4072 1615 4153 omnibus
1658 4071 1898 4154 molendinis
1938 4062 2095 4150 ibidem&

367 4185 671 4268 mnibus'alils
702 4186 931 4265 attinenciis
957 4201 1039 4265 tam
1068 4177 1287 4263 mobilibus¹
1312 4211 1432 4293 quam
1462 4182 1734 4264 immobilibus
1747 4181 1919 4263 cenobio
1944 4176 2095 4292 sanctiue

270 4297 274 4304 ’
367 4297 534 4382 nialium
561 4297 605 4376 in
634 4295 857 4401 llisebetgb
885 4295 1049 4378 confero
1091 4309 1297 4402 perpetuo
1326 4293 1605 4401 possidendas.
1655 4322 1735 4376 vna
1763 4321 1862 4377 cum·
1884 4287 2020 4400 ptfldllt
2035 4301 2094 4364 nes

368 4411 411 4489 in
436 4405 647 4515 hernungi.
661 4407 717 4514 .&
744 4403 912 4487 dimidio
939 4405 1070 4486 solido
1098 4422 1205 4484 terre
1232 4406 1274 4482 in
1304 4403 1436 4497 tuate.
1465 4411 1507 4485 dt
1535 4404 1702 4486 dimidio
1715 4403 1848 4486 solido
1863 4421 1966 4486 terre
1990 4399 2024 4477 in
2046 4394 2094 4472 tn

268 4557 272 4564 ·
369 4536 410 4598 et
438 4520 480 4597 in
502 4515 674 4600 'ecclesia
697 4513 801 4597 dieti
828 4515 1059 4623 monasterij
1094 4517 1171 4595 mei
1209 4518 1392 4622 corporis
1435 4516 1541 4623 eligo
1588 4515 1848 4626 sepulturam.
1905 4517 2052 4617 Jnsuper
2067 4495 2096 4578 tl

226 4699 230 4706 .
276 4623 278 4632 ’
369 4626 593 4710 subsidium
621 4647 727 4710 terre
754 4637 894 4706 sancte
921 4647 1015 4708 octo
1042 4623 1193 4708 solidos
1219 4643 1327 4707 terre
1355 4627 1398 4706 in
1426 4625 1657 4708 lirluudum.
1712 4623 2003 4708 tum-domino
2024 4628 2097 4723 patu

370 4737 552 4820 bamueli
579 4764 670 4820 rnen
697 4737 916 4818 incolatum
942 4764 1084 4818 meum
1105 4738 1148 4816 in
1176 4764 1294 4818 mom.
1337 4741 1442 4818 Jtem
1464 4737 1652 4846 predium
1686 4765 1818 4819 meum
1846 4738 1897 4823 in
1917 4732 2096 4823 hvitctttnt

371 4849 458 4932 Elie
484 4849 682 4929 sacerdoti
709 4847 793 4929 filio
821 4875 910 4928 meo
938 4846 1113 4930 naturali
1137 4847 1325 4929 omnibus
1353 4848 1495 4930 diebus
1509 4850 1595 4930 uite
1622 4873 1703 4930 sue.
1733 4865 1825 4959 post
1851 4847 2097 4962 decentum-tl·

413 5093 438 5168 *l
460 5090 571 5152 Finuet
592 5089 681 5152 'alten
697 5089 734 5151 Α.
755 5090 786 5151 3.
803 5109 831 5173 g.
846 5105 872 5152 t:
885 5111 914 5172 7,
926 5089 998 5152 med
1009 5091 1132 5172 styclen
1144 5109 1222 5171 qtar
1233 5088 1431 5152 afderunder
1441 5087 1561 5174 hingde
1572 5091 1690 5175 tigillcu
1701 5093 1760 5155 Neo
1771 5089 1841 5172 5,6;
1854 5089 1893 5152 de
1904 5071 2097 5150 astutule*
2137 5141 2138 5149 ,
