4404 5960
988 438 1045 468 ...
1156 393 1407 492 aas-...

320 617 495 732 prolem,
521 640 646 740 pram
674 613 836 700 Christo
864 641 1022 726 sponsa.
1039 616 1124 698 eius
1151 613 1328 718 Ecclesia
1350 615 1565 726 generavit
1593 611 1723 697 eidem
1749 615 1963 703 incolumem
1984 655 2055 714 con.

202 763 209 775 ¹
317 727 509 824 servare,
525 741 572 806 ut
599 742 640 808 et
667 727 754 838 ipsa
783 727 834 810 de
870 755 942 809 sua
970 715 1220 810 secunditate
1248 727 1290 808 in
1318 726 1494 808 Domino
1529 725 1740 838 glorietur.
1768 727 1865 812 Sane
1890 731 1970 815 licet
1991 767 2053 835 nos

317 840 392 952 qui
419 836 472 920 ad
500 839 715 948 gerendam
744 842 931 924 universe
957 855 1084 936 terre,
1126 839 1200 922 ubi
1241 864 1389 922 nomen
1423 839 1589 922 Domini
1630 837 1838 922 invocatur
1876 848 2057 951 generalem

316 978 458 1036 curam
487 979 608 1062 super
636 967 795 1062 gentes,
824 967 865 1033 et
892 953 1031 1060 Regna
1060 977 1197 1033 sumus
1223 950 1340 1058 juxta
1383 952 1552 1033 ieremie
1584 949 1835 1049 vaticinium,
1873 981 2058 1066 quanquam

317 1063 505 1146 immeriti
535 1091 560 1142 a
591 1064 768 1147 Domino
797 1064 1006 1146 constituti
1032 1065 1139 1144 inter
1168 1063 1303 1149 omnia
1333 1061 1612 1146 desiderabilia
1641 1059 1775 1171 cordis
1802 1067 1921 1146 nostri
1944 1070 2058 1150 anima·

316 1205 408 1258 rum
436 1173 627 1276 salutem,
656 1175 853 1257 libertatis
881 1173 1144 1259 ecclesiastice
1179 1177 1487 1273 incrementum,
1523 1172 1634 1286 pacis
1668 1173 1913 1258 commodum
1939 1195 1974 1258 et
1994 1183 2060 1290 qui-

316 1288 391 1370 etis
424 1287 577 1370 bonum
607 1286 651 1366 in
679 1288 834 1370 cunctis
864 1287 961 1369 locis
991 1285 1169 1368 fidelium
1197 1285 1402 1395 potissime
1429 1287 1638 1398 cupientes
1665 1282 1804 1366 sedada
1824 1288 2061 1397 vigilemusso

316 1398 449 1494 lertia,
477 1411 520 1478 et
547 1396 661 1510 quod
689 1424 903 1508 possumus
929 1398 1137 1507 vigilantis
1166 1396 1347 1478 studium
1374 1422 1646 1510 apponamus,
1679 1411 1726 1477 ut
1753 1401 1903 1506 possint
1914 1399 1978 1480 bec
2001 1399 2061 1482 lau·

315 1509 504 1594 dabiliter
532 1511 742 1592 summotis
769 1509 1070 1620 impedimentis
1098 1509 1348 1619 quibuslibet
1387 1510 1504 1620 juxta
1545 1507 1677 1592 nostri
1712 1505 1896 1591 desiderii
1926 1511 2062 1620 plenitu-

314 1621 471 1720 dinem,
500 1638 666 1704 auctore
696 1618 871 1706 Domino
900 1618 1135 1732 provenire;
1164 1637 1301 1704 tamen
1330 1637 1376 1702 ut
1405 1623 1449 1704 in
1463 1622 1604 1731 Regno
1627 1619 1761 1700 Svctie
1776 1623 1982 1703 animarum
1993 1650 2063 1730 pro·

315 1731 467 1830 fectus,
509 1731 675 1814 libertas
703 1731 985 1830 ecclesiastica,
1028 1760 1109 1852 pax
1151 1749 1193 1816 ct
1226 1732 1501 1845 tranquillitas
1553 1732 1783 1830 reveniant,
1811 1749 1852 1816 et
1876 1750 2064 1827 serventur,

311 1871 365 1926 eo
394 1839 603 1926 ardentius
631 1843 886 1941 affectamus,
915 1873 999 1957 quo
1027 1844 1239 1953 specialius
1273 1858 1469 1956 tanquam
1503 1762 1904 1942 Claristianissimum,
1930 1860 1964 1926 et
1986 1845 2065 1938 Deo,

215 1969 228 1976 “
314 1984 362 2037 ac
391 1981 469 2066 pro
496 1956 582 2037 eius
609 1957 833 2040 reverentia
860 1955 1038 2042 Ecclesia
1065 1955 1246 2040 Romane
1275 1953 1485 2055 devotum,
1515 1954 1721 2064 diligimus
1750 1955 1928 2062 Regnum
1954 1955 2063 2062 ipsun.

313 2068 372 2148 Vt
400 2067 526 2178 igitur
553 2066 661 2149 idem
688 2069 874 2178 Regnum
902 2095 951 2150 eo
980 2062 1154 2176 amplius
1182 2069 1226 2148 in
1255 2067 1350 2159 Dei,
1383 2085 1425 2150 et
1453 2067 1629 2150 Ecclesie
1670 2066 1851 2147 Romane
1891 2065 2063 2148 devotione

312 2176 519 2288 proficiat,
547 2206 631 2290 qno
659 2180 743 2261 Nos
770 2178 896 2288 magis
923 2179 1064 2288 vigiles
1106 2179 1213 2260 circa
1256 2195 1403 2260 statum
1453 2181 1538 2262 eius
1581 2172 1787 2260 salubrem
1816 2177 2016 2286 pacificum,
2037 2190 2065 2254 et

312 2289 576 2403 tranquillum
605 2292 862 2400 cognoverit,
890 2306 932 2370 et
960 2317 1002 2372 se
1028 2289 1239 2400 specialius
1267 2318 1340 2399 per
1369 2291 1509 2408 Legati
1538 2286 1653 2372 Sedis
1680 2288 1901 2398 apostolice
1914 2286 1959 2369 de
1976 2285 2065 2366 latere
2126 2321 2129 2324 ·

311 2419 454 2484 nostro
482 2402 590 2482 missi
618 2404 863 2510 presentiam
893 2404 1063 2483 senserit
1100 2401 1326 2501 confoveri,
1368 2429 1462 2484 ecce
1496 2417 1537 2481 te
1565 2427 1772 2508 magnum,
1805 2418 1847 2481 et
1871 2395 2066 2484 honorabile

312 2515 537 2596 membrum
565 2513 742 2595 Ecclesie
770 2513 902 2595 vinum
931 2514 1074 2623 utique
1101 2514 1296 2623 religione
1326 2515 1590 2623 conspicuum
1616 2537 1775 2592 morum
1804 2511 1995 2593 honestate
2016 2503 2064 2586 de

311 2653 465 2725 corum,
494 2625 720 2723 litterarum
749 2624 914 2707 scientia
941 2622 1164 2733 preditum,
1194 2639 1237 2706 et
1262 2623 1481 2733 prudentia
1509 2624 1867 2730 circumspectum,
1896 2644 2000 2733 quem
2019 2618 2062 2696 in·

309 2751 375 2817 ter
401 2752 556 2817 ceteros
584 2737 747 2816 Fratres
774 2750 936 2817 nostros
964 2733 1184 2818 admodum
1212 2763 1349 2817 carum
1379 2734 1572 2816 habemus
1600 2759 1677 2843 pro
1705 2748 1877 2814 tuorum
1905 2729 2062 2840 exigentia

309 2848 547 2929 meritorum
576 2847 620 2926 in
647 2845 877 2956 predictum
904 2847 1104 2956 Regnum,
1132 2847 1344 2929 commisso
1372 2847 1416 2928 iu
1444 2871 1494 2929 eo
1521 2843 1597 2927 tibi
1626 2844 1746 2953 plene
1776 2844 1983 2954 legationis
2003 2837 2063 2918 olli·

284 2958 392 3057 cio,
421 2956 472 3039 de
499 2957 782 3068 predictorum·
804 2960 995 3040 Fratrum
1029 2958 1199 3041 consilio
1227 2956 1479 3068 providimus
1522 2950 1830 3054 destinandum,
1872 2971 1919 3038 ut
1942 2949 2066 3034 cumbi

308 3069 385 3152 hac
412 3069 514 3150 hora
539 3067 619 3152 diei
646 3070 857 3154 undecima
884 3068 1060 3154 cultores
1088 3071 1211 3152 simus
1238 3071 1282 3152 in
1309 3072 1427 3152 vinea
1456 3069 1620 3150 Domini
1663 3068 1889 3165 constituti,
1917 3067 1993 3147 vice
2015 3087 2064 3139 no
2092 3133 2101 3148 .

293 3173 391 3260 'stra
421 3196 467 3260 ut
495 3179 665 3292 diligens
693 3181 828 3267 cultor
855 3180 1020 3279 evellas,
1049 3197 1089 3263 et
1117 3182 1318 3280 destruas,
1361 3177 1561 3290 dissipes,
1576 3207 1636 3289 ac
1658 3177 1891 3288 disperdaS,
1930 3173 2067 3261 edifices,

308 3303 351 3370 et
378 3287 536 3398 plantes
566 3289 691 3402 prout
718 3319 882 3404 queque
911 3293 988 3374 tibi
1016 3294 1215 3377 Dominus
1244 3283 1497 3376 ministrabit.
1532 3293 1595 3374 De
1620 3306 1668 3391 te,
1704 3291 1869 3401 utique,
1912 3315 1993 3370 eum
2014 3278 2067 3362 tihi

234 3429 236 3434 ·
307 3402 404 3482 assit
433 3404 588 3511 puritas
615 3405 879 3502 conscientie,
907 3421 948 3484 et
977 3421 1115 3514 presto
1143 3407 1195 3487 sit
1224 3402 1418 3487 iudicium
1446 3404 1614 3487 rationis
1657 3392 1873 3500 malitiam,
1902 3398 2018 3492 odias,
2039 3405 2066 3472 et

306 3512 585 3595 innocentiam
613 3515 782 3614 tuearis,
810 3527 1017 3626 speramus
1046 3516 1231 3612 firmiter,
1272 3513 1385 3627 quod
1415 3534 1524 3598 recta
1567 3540 1730 3624 regere,
1765 3530 1808 3594 et
1837 3511 2004 3621 dirigens
2025 3505 2068 3584 iu·

305 3623 461 3706 directa
491 3651 633 3736 aspera
662 3643 872 3710 convertes
901 3629 944 3708 in
973 3626 1108 3740 plana.
1140 3627 1342 3732 Quocirca
1369 3625 1650 3710 discretionem
1692 3641 1809 3728 tuam
1838 3645 2022 3734 rogamus,
2041 3626 2068 3692 et

129 3809 133 3818 .
304 3735 517 3817 hortamur
545 3753 696 3818 attente
725 3739 768 3818 in
796 3739 1070 3822 resmissionem
1098 3740 1173 3822 tibi
1190 3739 1465 3848 peccaminum
1482 3739 1756 3846 ln‘iungentes,
1817 3737 2070 3852 uatlnuscou·

204 3877 208 3886 ·
304 3847 481 3928 missum·
505 3848 582 3931 tibi
608 3848 841 3932 huiusmodi
869 3851 1081 3959 legationis
1125 3849 1304 3931 osticium
1332 3851 1375 3930 in
1408 3851 1484 3933 Dei
1515 3867 1557 3930 et
1579 3864 1727 3933 nostro
1769 3766 1940 3958 pluriter
1958 3861 2070 3922 susu-

303 3965 421 4068 piens
446 3961 620 4058 nomine,
647 3959 751 4056 illud
784 3963 841 4043 ita
870 3963 1041 4043 solerter
1068 3960 1289 4042 secundum
1317 3961 1445 4043 tibi-a
1474 3963 1561 4042 Deo
1581 3957 1722 4043 datam
1732 3951 1992 4072 prudentiam
2003 3969 2070 4073 ere

332 4069 376 4150 ui
403 4070 583 4170 studeas,
611 4067 723 4181 quod
747 4072 897 4155 exinde
939 4071 1115 4155 divinam
1164 4074 1352 4182 gratiam,
1369 4088 1422 4155 ‘et
1450 4069 1620 4184 gloriam
1649 4073 1859 4163 merearis,
1889 4086 1937 4152 et·
1955 4058 2072 4146 nosti·

300 4098 690 4280 delementum
719 4182 936 4267 destinasse
965 4185 1192 4282 Vicarium,
1219 4200 1260 4265 et
1289 4185 1520 4292 Legationis
1540 4200 1618 4265 -too
1647 4180 1810 4281 Clerus,
1841 4199 1895 4265 et.
1926 4170 2072 4290 populu

300 4292 470 4393 Salutis,
501 4311 543 4376 et
569 4296 680 4404 pacis
700 4297 924 4408 'suscepisse
952 4295 1152 4406 Angelum
1182 4297 1225 4377 in
1254 4297 1428 4380 Domino
1456 4297 1688 4408 gloriemur.
1717 4291 1809 4378 Dat.¹
1840 4289 1995 4386 Perusii
2018 4279 2073 4369 Vl·

300 4401 407 4487 Idus.
439 4403 553 4516 Junij
580 4399 841 4494 Pontificatus
868 4409 999 4494 nostri
1026 4411 1157 4492 Anno.
1177 4409 1322 4493 Primo.
1685 4438 1689 4446 ·
2018 4445 2020 4450 -
2124 4410 2139 4428 ’-
