4362 5946
820 479 1239 597 ..299-

127 697 199 812 pro
228 692 426 805 incendiis
453 699 494 778 a
521 693 739 777 iniectione
767 719 961 775 manuum
990 691 1032 772 in
1062 689 1240 774 Clericus
1266 689 1335 774 vel
1360 690 1458 772 alias
1484 693 1693 803 religiosas
1725 722 1916 808 parsurm
1978 757 1985 766 .

126 806 547 894 excommunicationis
574 806 765 918 laqueum
791 806 1071 901 incurrerunt,
1107 800 1373 890 absolutionis
1411 804 1651 888 bneficium
1684 806 1806 891 hsta
1833 807 1917 894 loo

127 947 230 1005 mam
257 919 443 1002 Ecclesiae
470 917 632 1002 valeant
660 915 869 1026 impertiri.
897 917 1068 997 Prouiso
1094 929 1140 998 tt
1168 915 1295 1025 passis
1323 915 1471 998 damae
1496 920 1539 998 ἃ
1566 919 1734 1001 ierim-im
1761 919 1917 1006 autisio-
1971 1019 1976 1026 ¹

125 1033 232 1117 ciant
259 1046 552 1140 competenter,
580 1028 659 1111 illis
686 1027 885 1111 duntaxat
909 1027 1107 1136 exceptis,
1136 1054 1313 1138 qtrorum
1341 1051 1525 1108 exeamus
1558 1027 1658 1110 adeo
1686 1043 1784 1111 sunt
1811 1029 1917 1114 diffi-

125 1144 218 1228 ciles
246 1150 284 1226 a
313 1170 514 1240 enormes,
542 1137 658 1254 quod
686 1141 830 1222 merito
858 1139 940 1220 sint
967 1137 1020 1224 ad
1047 1139 1181 1222 sedem
1208 1136 1486 1250 Apostottcan
1495 1137 1736 1224 destinandi
1766 1145 1922 1226 mam

96 1259 317 1368 ,Anagniae
345 1255 415 1336 IX.
445 1253 530 1336 Cel.
558 1251 751 1336 Octobris
779 1261 888 1332 auno
917 1253 1061 1361 primo.
1367 1248 1370 1258 '

130 1645 259 1753 308.
762 1639 913 1766 1243
959 1635 1009 1748 d.
1057 1633 1124 1746 31
1176 1637 1298 1752 Dec.
1688 1611 1917 1779 Lateran
1995 1765 1997 1768 ¹
2061 1583 2078 1597 γ’
2153 1639 2171 1660 “

202 1865 294 1928 Ptsv.
315 1863 510 1927 Innocmtus
530 1861 602 1925 [Vas
622 1859 791 1942 bafullning
811 1859 860 1922 till
881 1857 1255 1922 meduna-muntanes
1275 1859 1368 1922 Prior
1387 1857 1493 1922 Perna
1512 1857 1639 1925 inunt·
1650 1869 1695 1926 att
1715 1858 1848 1930 ennea
1868 1859 1916 1924 un

257 1945 335 2011 Pttt
356 1947 492 2028 Legaten
513 1943 662 2007 Joumss
682 1942 721 2005 de
742 1943 900 2006 Placentia
919 1942 980 2006 den
1001 1942 1167 2028 uppburna
1187 1941 1298 2024 Heliga
1319 1941 1554 2029 Landshjelpen.
1822 1981 1826 1988 ·
1904 1967 1906 1976 ’

1619 2053 1783 2112 uam.

290 2191 559 2275 innocencius
589 2193 802 2301 episcopus
829 2217 969 2274 seruus
996 2216 1208 2272 seruorum
1236 2187 1314 2271 dei.
1345 2188 1502 2273 Dilecto
1532 2188 1616 2270 filio
1649 2191 1768 2302 fratrj
1798 2196 1918 2276 Petro

119 2310 254 2391 Priori
290 2307 442 2389 Domus
471 2304 642 2385 fratrum
671 2302 973 2384 predicatorum
1008 2302 1297 2388 Lundensium.
1351 2302 1530 2383 Salutem
1573 2317 1615 2381 et
1654 2305 1918 2413 apostolicam

119 2406 459 2505 benedictionem.
489 2415 592 2493 Cum
621 2416 664 2494 in
692 2414 833 2523 Regno
868 2416 1077 2495 Danorum
1121 2414 1358 2496 auctoritate
1387 2415 1454 2523 pie
1492 2415 1692 2496 memoria.
1720 2407 1918 2526 Gx'qldpe.

117 2529 420 2618 Predecessoris
448 2525 599 2638 nostrj,
632 2525 683 2610 de
716 2526 1212 2634 redemptioneuotor'um
1230 2524 1603 2634 crucesignatorum
1631 2526 1815 2618 eitndem
1836 2529 1915 2609 Re·

117 2643 193 2758 gni
222 2671 301 2752 pro
330 2637 512 2726 subsidio
538 2657 644 2720 terre
672 2654 828 2736 sancte,
858 2638 1057 2746 receperis
1085 2638 1191 2720 sicut
1219 2665 1299 2746 pro
1331 2653 1444 2717 certo
1471 2633 1686 2724 didicimus
1710 2641 1919 2750 quandam
1969 2738 1973 2742 ⁸
2005 2680 2011 2700 ·

119 2759 201 2838 iam
229 2752 351 2833 nobis
381 2775 608 2858 expressam
638 2751 808 2856 pecunie
835 2752 1117 2860 quantitatem,
1148 2748 1358 2832 deuotioni
1378 2764 1447 2832 tue
1460 2749 1707 2860 presentium
1728 2753 1917 2836 Auctori-

117 2883 203 2948 tate
236 2861 474 2945 mandamus
502 2877 624 2969 atque
653 2860 910 2968 precipimus.
940 2863 1130 2973 quatinus
1159 2863 1372 2970 pecuniam
1401 2861 1529 2968 ipsam
1556 2859 1706 2942 dilecto
1734 2861 1818 2943 iilic
1834 2863 1917 2942 Ma·

115 2979 253 3086 gistro
283 2972 459 3054 Johanni
487 2969 537 3052 de
567 2970 770 3080 placencia
799 2971 959 3052 Aeolito
987 2989 1028 3052 et
1061 2971 1280 3080 Capeliano
1313 2988 1453 3052 nostro
1487 2999 1609 3084 quem
1653 2999 1730 3081 pro
1772 2973 1850 3053 hiis
1878 2989 1918 3053 et

111 3089 207 3183 aliis
239 3085 461 3196 apostolice
483 3081 588 3162 sedis
617 3098 658 3161 et
687 3098 794 3168 terre
822 3101 957 3166 sancte
986 3083 1157 3194 negotiis
1187 3083 1244 3164 ad
1267 3098 1404 3192 partes
1432 3082 1520 3167 illas
1564 3081 1753 3170 duximus
1795 3084 1918 3190 desti·
1997 3171 2002 3176 ,

113 3197 319 3293 nandum,
348 3213 445 3275 non·
461 3191 624 3274 differas
652 3196 865 3303 assignare.
896 3223 942 3274 ac
969 3196 1011 3278 in
1040 3191 1188 3279 eisdem
1217 3194 1389 3302 negotiis
1432 3221 1509 3304 pro
1551 3196 1778 3280 reuerentia
1808 3195 1917 3276 beati

111 3310 231 3391 Petri
264 3323 306 3388 ct
321 3321 459 3386 nostra
488 3305 565 3414 ipsi
594 3302 816 3413 prudenter
845 3308 1042 3403 assistens,
1070 3305 1174 3386 illud
1201 3305 1279 3386 sibi
1306 3333 1380 3414 per
1408 3321 1448 3387 te
1463 3334 1510 3388 ac
1527 3304 1672 3388 fratres
1687 3304 1843 3390 ordinis
1857 3307 1918 3386 tui
1965 3395 1971 3406 ,
2104 3359 2107 3367 -

110 3421 316 3502 exhibeas
345 3415 568 3513 consilium,
597 3416 793 3498 auxilium
820 3433 861 3498 et
889 3415 1090 3514 fauorem,
1105 3417 1217 3527 quod
1234 3443 1307 3498 nos
1323 3432 1391 3498 tue
1408 3418 1647 3500 sinceritatis
1661 3417 1854 3503 affectum
1867 3417 1918 3501 de
1964 3446 1968 3453 ·

108 3560 197 3642 qua
231 3535 280 3613 in
308 3527 473 3610 domino
502 3527 622 3636 piene
650 3526 905 3625 confidimus,
936 3545 1107 3636 propter
1134 3528 1212 3611 hoc
1242 3527 1525 3611 commendare
1553 3531 1695 3610 merito
1710 3531 1919 3616 ualeamus

105 3643 238 3741 nobis
270 3642 475 3749 quamcito
502 3639 656 3746 poteris
685 3642 970 3747 rescripturus,
1004 3638 1105 3748 quid
1132 3655 1173 3718 et
1200 3655 1399 3749 quantum
1426 3667 1502 3751 per
1523 3659 1563 3721 te
1598 3639 1676 3750 ipsi
1710 3641 1829 3723 lirerit
1852 3666 1914 3718 as·

106 3741 337 3864 signatum.
368 3751 515 3830 Datum
544 3750 733 3831 Laterani
763 3751 801 3828 II
830 3748 906 3828 kal.
937 3749 1117 3830 ianuarii
1144 3747 1405 3833 Pontificatus
1434 3751 1564 3860 uostrj
1594 3759 1713 3840 Anno
1743 3752 1886 3832 Primo.
1995 3769 1999 3778 '

709 3887 876 3974 Blybullan
898 3888 1013 3973 htugcr
1033 3892 1043 3952 i
1065 3889 1336 3973 segelgarnssndre.

106 4143 257 4289 309.
784 4155 933 4267 1244
981 4137 1030 4246 d.
1078 4176 1106 4244 2
1156 4109 1264 4245 Jan.
1686 4143 1915 4249 Lateran.

189 4362 298 4430 Ριίν.
318 4358 515 4422 Isuocntrrue
535 4357 607 4424 [Vts
627 4356 825 4441 Skyddebref
841 4361 899 4446 ¹„till
928 4360 1180 4446 dile-Bislopeu
1211 4363 1221 4423 i
1251 4359 1369 4446 Upsalu
1400 4359 1461 4426 och
1492 4359 1570 4431 hant
1601 4362 1837 4450 Lydvliitloptt'
1867 4359 1920 4434 ἢ

252 4443 406 4523 Magister·
426 4443 575 4506 lomnes
596 4441 633 4502 as
649 4441 816 4506 Placentia
1623 4454 1630 4462 ·

1561 4523 1787 4596 bada&

290 4657 561 4742 Jnnomnrtus
590 4659 805 4772 episcopus
833 4688 974 4748 seruus
995 4689 1205 4743 seruorum
1232 4658 1308 4772 dei
1340 4661 1648 4756 venerabilibus
1669 4661 1866 4754 fratribus
1881 4724 1922 4752 ‚a
1975 4689 1983 4700 ’
2037 4658 2040 4670 ’

90 4773 441 4885 Archiepiscopo
470 4769 682 4905 Vbsalensi
711 4789 758 4892 et,
787 4771 1058 4890 Suflraganeis
1092 4774 1178 4858 eius
1222 4772 1396 4860 Salutem
1425 4780 1465 4854 a
1491 4773 1753 4886 apostolicam
1796 4775 1917 4868 bene·

135 4989 168 5063 ⁸)
190 4973 395 5059 originale?
408 4997 463 5042 tar
484 4977 579 5045 reden
600 4979 641 5064 pt
667 4978 830 5042 roomtalet
851 4980 884 5039 si
905 4980 1027 5043 utblelt
1047 4991 1093 5046 att
1113 4981 1166 5043 det
1187 4983 1214 5063 ej
1230 4981 1337 5052 lunda
1368 4981 1434 5050 belt
1460 4979 1523 5060 ocia
1541 4979 1639 5044 hauet
1667 4981 1742 5044 ltsas
1763 4981 1866 5064 (fenest
1879 4969 1917 5050 D.
1995 4919 2019 5032 l0

185 5067 224 5132 h.
257 5078 290 5123 ιε
316 5059 378 5144 ²89
394 5059 505 5124 ocbv.
526 5062 605 5124 Cels
623 5063 740 5128 Itum
758 5083 783 5124 s.
803 5060 855 5129 68*
873 5079 926 5123 nto
946 5069 995 5142 a);
1016 5085 1089 5126 man
1108 5064 1372 5146 detestatumque
1397 5063 1534 5128 atrittae.
1557 5067 1638 5146 gjost
1658 5067 1671 5128 i
1689 5067 1922 5147 nosmet

184 5155 302 5230 uppte
326 5151 419 5222 tuna,
442 5144 494 5204 vid
516 5143 655 5226 belluing
676 5154 760 5207 emot
780 5143 961 5232 dagstjuset,
983 5145 1065 5208 hvad
1087 5145 1144 5211 hir
1165 5145 1236 5208 med
1258 5148 1629 5212 matriniacense
