4370 5950
986 410 1041 427 -
1133 363 1235 486 5148
1338 345 1401 446 ,4-
1505 307 1512 316 ⁸

265 593 344 683 1&
371 557 656 698 tranquillitati
685 603 816 666 uestra
844 602 1009 692 paterna
1044 584 1316 667 sollicitudine
1360 581 1578 692 prouidere
1625 581 1808 662 uolentes
1850 589 2068 674 auctoritate

182 745 196 760 =
302 703 421 784 nobis
449 725 636 782 concessa
656 695 930 803 prohibemus,
961 712 1007 774 ut
1027 696 1140 792 ¹infra
1170 697 1374 776 clausuras
1391 694 1572 798 locorum
1586 711 1816 774 uestrorum
1844 696 1999 777 claustri
2011 705 2071 782 soi·

303 813 420 894 licet.
437 838 505 890 seu
535 809 796 916 grangiarum
824 823 1060 886 uestrarum.
1092 807 1229 886 nullus
1257 809 1438 914 rapinam
1467 805 1532 884 uel
1563 805 1807 886 uiolentiam.
1836 805 1994 890 furtum.
2015 840 2073 894 seu

302 918 534 1002 incendium
571 917 829 998 committere.
871 918 1072 998 hominem
1115 946 1270 1026 capere.
1314 916 1538 996 uerberare.
1582 916 1648 996 uel
1676 917 1900 997 interlicere
1936 920 2073 1004 audeat.

303 1061 372 1114 seu
397 1030 634 1130 uiolentiam
664 1029 840 1138 aliquam
869 1055 1068 1110 exercere.
1125 1030 1168 1108 Si
1197 1031 1288 1138 quis
1317 1045 1450 1107 autem
1478 1026 1572 1106 huic
1600 1044 1738 1108 nostre
1782 1029 2077 1134 confirmationis

303 1142 466 1224 decreto
495 1142 666 1220 scienter
694 1141 893 1219 contraire
921 1143 1220 1248 presumpserit.
1252 1155 1322 1218 aut
1351 1137 1571 1244 infringere
1605 1138 1767 1219 molitus
1788 1137 1910 1219 fuerit
1930 1142 2076 1246 maledi·

303 1256 545 1337 ctionem&
574 1253 674 1328 iram
703 1252 991 1358 omnipotentis
1027 1251 1092 1331 dei
1121 1257 1161 1329 a
1190 1250 1369 1330 omnium
1404 1267 1634 1328 sanctorum
1663 1278 1704 1329 se
1721 1253 1884 1330 nouerit
1911 1253 2078 1332 incursu·

302 1393 405 1445 rum.
433 1364 510 1443 nisi
538 1378 693 1442 reatum
721 1389 838 1442 suum
867 1361 1067 1468 condigna
1099 1361 1367 1442 satisfactione
1397 1361 1625 1448 correxerit.
1654 1361 1823 1443 Cunctis
1853 1380 1985 1443 autem
1998 1392 2078 1471 sepe

303 1474 487 1584 predicto
516 1472 607 1551 loco
635 1472 860 1553 noueuallis
890 1502 961 1551 sua
989 1475 1078 1551 iura
1106 1474 1361 1553 seruantibus
1404 1472 1509 1552 sicut
1537 1472 1582 1550 in
1610 1469 1687 1549 hac
1716 1474 1865 1581 pagina
1910 1476 2078 1580 cqutine·

304 1604 383 1667 tur.
414 1579 464 1666 sit
493 1611 573 1692 pax
601 1582 754 1664 domini
782 1584 911 1662 nostri
940 1585 1024 1662 iesu
1052 1583 1203 1663 christi.
1234 1585 1428 1692 quatinus
1458 1587 1498 1658 u
1525 1582 1569 1660 iu
1600 1586 1778 1687 presenti
1800 1585 1976 1664 fructum
1990 1587 2081 1692 bone

304 1698 474 1778 actionis
502 1695 739 1802 percipiant.
769 1699 812 1773 &
837 1696 880 1774 in
910 1693 1049 1774 futuro
1079 1711 1215 1774 eterne
1244 1697 1328 1774 uite
1357 1693 1511 1801 premia
1540 1693 1761 1772 inueniant.
1814 1697 1919 1775 ltem
1933 1693 2081 1776 manda·

211 1863 216 1870 -
303 1836 392 1888 mus
434 1807 642 1915 episcopis.
672 1807 894 1913 prepositis.
927 1811 965 1883 &
994 1807 1149 1885 cunctis
1175 1804 1434 1885 ecclesiarum
1463 1802 1639 1910 prelatis.
1671 1808 1710 1882 Se
1739 1807 1781 1884 in
1810 1807 1965 1885 uirtute
1989 1809 2082 1886 obe·

305 1918 455 1998 dientie
484 1917 737 2025 precipimus.
769 1933 815 1994 ut
844 1944 1109 2026 quoscunque
1138 1917 1256 1999 huius
1286 1916 1437 1996 decreti
1466 1914 1656 1993 nouerint
1690 1931 2004 2024 transgressores
2025 1943 2082 1995 eos
2171 1957 2172 1960 ¹

267 2091 271 2094 -
304 2056 387 2108 esse
416 2028 751 2107 excomunicatos
782 2026 1032 2107 denuntient.
1078 2029 1130 2105 Et
1165 2027 1242 2106 nisi
1278 2025 1531 2135 resipuerint.
1562 2022 1614 2102 ab
1643 2027 1831 2106 omuibus
1860 2028 2083 2108 ecelesiasti-

255 2240 257 2248 γ
304 2141 361 2220 cis
390 2140 644 2218 sacramentis
673 2157 983 2246 sequestrentur.

448 2283 586 2364 sigillet,
608 2285 619 2342 i
639 2280 713 2344 rddt
733 2281 811 2366 vars,
832 2281 993 2364 hsngande
1015 2281 1055 2364 pa
1078 2290 1123 2342 ett
1144 2281 1214 2363 gult
1233 2282 1293 2343 och
1315 2280 1387 2342 rddt
1409 2278 1592 2359 linneband5
1625 2280 1665 2342 Se
1687 2280 1767 2343 Tab.
1791 2283 1821 2342 3.
1844 2299 1897 2344 nto
1920 2281 1950 2340 3.

317 2687 439 2753 rao.
761 2669 773 2705 ·’
916 2664 923 2676 “
1121 2649 1293 2752 1203.

385 2869 519 2952 Kouung
540 2867 725 2934 Wanoauau
745 2871 799 2931 lits
820 2867 1012 2932 stadfastelsc
1035 2869 1075 2953 pt
1098 2867 1186 2930 hvad
1209 2867 1319 2932 Esrom
1338 2869 1453 2932 kloster
1475 2869 1552 2950 agde
1573 2873 1584 2932 i
1607 2869 1751 2934 Halland.

1775 2983 1809 3036 K.
1828 2999 1852 3036 e.
1876 2997 1900 3036 r:
1922 2985 1966 3038 80.

472 3119 519 3198 ln
553 3115 727 3198 nomine.
757 3135 891 3198 sancte
922 3123 962 3196 Se
991 3099 1200 3199 indiuidua¹
1229 3118 1420 3200 trinitatis
1450 3125 1488 3198 8c
1517 3121 1560 3198 in
1589 3120 1740 3198 virtute
1756 3118 1952 3199 eiusdem.
2012 3117 2092 3226 Ego
2170 3089 2172 3142 t

285 3227 612 3324 ,Wisasmsus
650 3231 907 3309 Wnuuuunm
950 3219 1070 3335 Regis
1112 3227 1229 3332 filius.
1290 3230 1365 3308 Dei
1409 3230 1538 3337 gratia
1582 3231 1792 3309 Danorum
1835 3231 2092 3313 Sclauorum·

303 3368 382 3449 que
410 3334 507 3422 Rex,
538 3343 633 3420 Dux
661 3341 767 3418 Jutie
796 3345 837 3417 8(
865 3340 1062 3419 Dominus
1092 3337 1396 3445 Nordalbingie.
1429 3337 1944 3421 ‘Consideransomnibus
1960 3342 2094 3421 huma·

301 3451 346 3529 ni
373 3452 531 3558 generis
559 3449 817 3557 fragilitatem
846 3453 886 3527 Se
915 3451 1110 3529 incertam
1138 3449 1454 3560 uniuscujusque
1476 3467 1656 3530 mortem.
1681 3451 1883 3554 &timens
1902 3481 1957 3532 ne
1974 3450 2094 3530 talen·
2171 3487 2172 3490 ¹

302 3578 390 3641 tum
419 3559 541 3641 michi
569 3589 593 3640 a
621 3561 709 3641 Deo
737 3559 942 3640 traditum.
973 3563 1057 3641 sine
1087 3561 1203 3642 luero
1231 3577 1445 3670 reportem.
1478 3567 1517 3639 St
1545 3561 1762 3641 nouissima
1778 3590 1866 3641 mea
1884 3579 2030 3645 mente
2045 3587 2096 3640 se·

302 3670 401 3753 dulo
429 3671 654 3752 reuoluens.
685 3669 763 3752 hoe
790 3671 921 3752 solum
949 3672 1070 3752 michi
1099 3673 1261 3753 intueor
1276 3671 1545 3754 fructuosum.
1562 3675 1595 3752 si
1619 3669 1842 3753 secundum
1857 3675 2096 3755 mandatum

301 3781 378 3863 Dei
411 3783 576 3892 eiusque
604 3781 901 3891 beneplacitum
929 3785 973 3861 iu
1003 3783 1077 3861 hac
1106 3785 1222 3863 breui
1251 3785 1333 3862 vita
1364 3784 1516 3861 vixero.
1548 3789 1754 3889 &pacem
1784 3786 2031 3894 &quietem
2046 3810 2099 3862 re·

300 3923 382 4004 guo
411 3894 532 3974 michi
561 3893 770 3974 commisso
800 3891 1025 4002 preuidero.
1055 3897 1094 3968 Sc
1123 3895 1313 4001 precipue
1342 3891 1547 3999 religiosis.
1577 3894 1673 3972 Deo,
1705 3894 1770 3974 die
1799 3912 2022 4006 noctuque
2049 3891 2099 3971 f-

247 4069 253 4078 .
300 4005 558 4086 mulantibus.
590 4010 630 4084 &
658 4033 734 4112 pro
761 4004 880 4084 nobis
908 4018 1049 4083 contra
1078 4003 1203 4081 atrias
1232 3999 1449 4111 potestates
1477 4003 1597 4083 armis
1612 4005 1894 4112 spiritualibus
1910 4033 2101 4116 pugnan-

301 4105 421 4197 tibus.
479 4118 580 4199 lnde
610 4133 679 4196 est.
708 4114 821 4226 quod
857 4114 1052 4196 fratribus
1081 4115 1228 4193 nostris
1258 4113 1308 4193 de
1338 4116 1480 4193 Esrom
1509 4142 1648 4193 omnes
1676 4118 1970 4223 possessiones.
2004 4141 2101 4228 quas

248 4267 255 4283 ·
298 4225 448 4307 habent
477 4227 518 4309 in
547 4225 771 4308 Hallandia.
810 4225 894 4304 siue
923 4254 946 4304 a
975 4240 1091 4333 patre
1119 4251 1219 4304 mec.
1250 4225 1335 4304 siue
1364 4254 1387 4303 a
1416 4223 1542 4303 fratre
1572 4252 1671 4304 meo.
1703 4227 1768 4306 vel
1797 4229 1850 4308 ab
1867 4229 1968 4309 aliis
1985 4227 2100 4308 bonis
2170 4301 2172 4312 .

301 4337 409 4416 viris.
439 4334 658 4420 donatione
686 4338 749 4417 vel
779 4337 993 4444 emptione.
1011 4363 1081 4415 seu
1097 4335 1418 4415 concambitione
1435 4333 1572 4444 adepti
1588 4352 1693 4415 sunt.
1712 4340 1980 4421 Auctoritate
1998 4337 2105 4446 regia

301 4447 620 4530 corroboramus.
657 4453 695 4527 8c
729 4446 849 4552 sigilli
878 4449 1007 4527 nostri
1036 4446 1265 4528 testimonio
1295 4443 1584 4526 confirmamus.
1644 4448 1820 4528 Colonos
1849 4479 2032 4562 quoque
2047 4451 2104 4556 ip·

182 4577 189 4592 ‘
299 4579 435 4635 sorum
463 4588 600 4641 omnes
629 4559 679 4639 ab
708 4556 910 4637 uniuersis
933 4555 1173 4638 seruitiis&
1200 4558 1477 4639 exactionibus
1506 4560 1615 4668 regie
1646 4557 1921 4640 iurisdictioni
1940 4562 2104 4644 debitis.

299 4667 605 4777 emancipamus.
635 4675 675 4750 &
702 4665 960 4748 absoluimus.
1019 4669 1061 4748 si
1090 4669 1180 4777 quis
1209 4673 1343 4750 autem
1372 4697 1472 4749 ausu
1501 4672 1712 4751 temerario
1740 4669 1818 4750 hoc
1847 4670 2106 4754 donatiuum

298 4792 483 4858 nostrum
510 4796 632 4888 atque
660 4779 927 4890 priuilegium.
958 4779 1160 4860 infirmare
1189 4781 1485 4890 presumpserit.
1515 4809 1598 4861 non
1625 4780 1754 4860 solum
1770 4783 1872 4866 iram
1888 4787 2104 4894 Omnipo-

297 4890 420 4973 teutis
450 4888 527 4969 Dei
553 4895 593 4971 &
619 4891 946 5004 indignationem.
977 4919 1116 4978 verum
1145 4897 1184 4976 &
1210 4909 1389 4976 nostram
1418 4899 1562 4976 sentiet
1589 4888 1793 4976 ultionem.
