4368 5950
771 519 909 567 ·-,
986 483 1064 564 205
1175 529 1233 550 -

137 716 260 822 (81.
330 642 336 649 ⁸
650 735 660 756 ’
900 752 1069 862 1219.
1588 655 1919 860 ‘Linhdpinp
2013 695 2015 702 ’

208 935 343 1018 Konucg
376 925 492 998 sonmo.
521 933 695 1016 gifvohrei
718 935 769 998 till
790 934 905 1020 liiskop
925 936 1010 998 Cur.
1033 937 1043 998 i
1067 936 1167 998 Liclrd
1191 937 1198 950 '
1259 942 1340 996 sant
1360 933 1438 995 haus
1458 931 1663 998 emerendam
1683 934 1724 1018 pi
1746 955 1785 1000 en
1803 932 1884 1016 gtrd
1904 935 1917 996 i

260 1015 463 1102 thtersuuda
483 1015 614 1080 hvillen
636 1017 808 1100 Kouungen
828 1020 874 1099 sig
894 1017 1019 1102 tiltbyu
1038 1027 1104 1081 mot
1123 955 1319 1104 lhdeihejcrd
1340 1019 1353 1078 i
1374 1017 1605 1102 Grepespsngs.
1788 1082 1806 1107 ,Ι

1577 1130 1612 1183 Α.
1629 1130 1653 1182 3.
1671 1147 1697 1184 ο.
1717 1143 1740 1184 ιε
1761 1147 1783 1184 ι.
1843 1156 1845 1166 ·

996 1181 1000 1194 Ι

289 1267 339 1346 Iu.
364 1287 514 1346 nonme
544 1288 692 1348 sarcre
719 1292 769 1348 er
802 1291 1012 1351 motuinus
1041 1289 1275 1349 rnrmrams.
1304 1267 1337 1347 J.
1366 1263 1432 1346 dei
1488 1265 1598 1345 racia
1612 1293 1685 1346 rex
1712 1291 1917 1348 sweorum

129 1381 321 1463 uniuersis
350 1376 490 1457 christi
519 1374 705 1461 fidelibus
734 1407 900 1488 presens
928 1381 1124 1490 seriptum
1139 1376 1393 1461 intuentibus
1420 1293 1592 1456 salutem
1606 1377 1647 1455 in
1663 1393 1918 1485 perpetuum.

127 1494 185 1572 Ne
215 1518 279 1571 res
307 1505 437 1597 gestas
466 1486 628 1569 aboleat
658 1518 870 1598 processus
898 1510 1136 1600 temporvrn.
1175 1487 1298 1570 debet
1325 1516 1391 1568 eas
1423 1488 1660 1570 confirmare
1697 1487 1947 1598 perhennis*

126 1603 317 1682 uiuacitas
346 1600 583 1681 litterarum
625 1601 796 1682 Nouerit
824 1603 950 1710 igitur
990 1618 1074 1682 tam
1110 1601 1359 1711 presentium
1405 1614 1490 1680 etas
1532 1626 1655 1708 quam
1683 1597 1952 1701 futurorum'

125 1713 337 1824 posteritas
366 1707 480 1819 quod
495 1708 650 1792 'diuina
678 1714 813 1820 gracia
842 1714 1066 1823 inspirante
1095 1715 1137 1793 in
1167 1711 1232 1792 die
1268 1710 1551 1792 coronacionis
1567 1716 1607 1790 8(
1621 1711 1766 1818 regalis
1795 1713 1918 1793 inun-

126 1826 247 1906 tionis
275 1839 425 1919 nostre.
457 1823 703 1929 mansionem
744 1825 787 1904 in
816 1821 1031 1922 liatasvud
1060 1851 1182 1934 quam
1210 1822 1534 1931 comparauimus
1563 1847 1640 1931 pro
1669 1824 1915 1929 patrimonio

125 1953 263 2016 nostro
292 1930 405 2044 quod
433 1930 648 2013 habuimus
676 1934 719 2013 in
747 1963 1089 2047 greppaspagvm.
1118 1949 1294 2042 cognato
1331 1951 1468 2014 nostro
1498 1937 1539 2011 8(
1566 1931 1807 2014 cancellario
1835 1935 1919 2022 Ka·

125 2048 213 2128 rolo
241 2044 502 2151 Lincopensi
531 2045 733 2153 Episcopo
761 2051 802 2124 8(
829 2047 1129 2128 successoribus
1170 2049 1255 2126 eius
1296 2044 1355 2124 illi
1397 2042 1562 2125 ecclesie
1604 2043 1916 2153 presidentibus.

124 2158 303 2240 caritatis
332 2154 484 2237 intuitu
513 2160 553 2235 8(
581 2157 747 2236 honoris
777 2160 817 2235 8(
839 2155 1050 2241 fidelitatis
1077 2173 1264 2268 respectu
1293 2183 1416 2265 quam
1430 2153 1537 2236 idem
1553 2156 1767 2263 episeopus
1795 2152 1915 2268 npbis

125 2286 204 2350 tam
232 2269 277 2347 in
306 2265 486 2350 aduersis
514 2293 637 2376 quam
665 2267 709 2346 in
736 2269 942 2376 prosperis
970 2269 1189 2350 exhibebat
1218 2265 1396 2348 studiose
1423 2267 1665 2347 contulimus
1679 2295 1773 2346 cum
1788 2268 1919 2349 omni-

124 2381 199 2462 bus
247 2377 475 2459 attinenciis
510 2379 553 2456 in
594 2397 836 2488 perpetuum
878 2379 1172 2488 possidendam.
1215 2378 1345 2458 Huius
1387 2395 1520 2459 autem
1562 2379 1622 2457 rei
1651 2392 1771 2459 testes
1810 2394 1919 2460 sunt.

9 2567 11 2576 ,
126 2490 332 2573 Walerius
361 2486 702 2597 archiepiscopus
731 2489 964 2573 &karolus
992 2489 1087 2572 dux.
1117 2491 1319 2571 Robcrtus
1348 2490 1570 2597 episcopus.
1630 2488 1783 2570 Olauus
1812 2489 1918 2598 epis·

9 2595 13 2606 ’
123 2630 262 2712 copus.
290 2598 530 2681 Benedictus
558 2603 782 2708 episcopus.
825 2599 1014 2706 dominus
1041 2602 1205 2700 eskillus
1247 2597 1401 2709 legifer?
1435 2598 1621 2682 domiuus
1661 2598 1758 2680 vlfo.
1789 2597 1919 2681 dorni·

122 2742 198 2796 nus
224 2727 369 2822 petrus
397 2709 502 2791 filius
529 2709 683 2792 domini
711 2711 901 2794 laurentii
931 2721 972 2795 8(
999 2711 1186 2795 dominus
1222 2709 1462 2794 Benedictus
1503 2709 1627 2791 frater
1669 2709 1919 2819 episcopi&
2047 2795 2050 2803 ,
2146 2751 2150 2762 ¹

120 2824 309 2934 plerique
339 2822 544 2930 principes
571 2823 688 2931 regni
715 2827 847 2906 nostri
874 2854 978 2936 quos
1007 2853 1121 2907 mora
1149 2841 1208 2908 est
1236 2849 1481 2904 enumerare.
1509 2823 1552 2902 Si
1580 2823 1673 2931 quis
1708 2848 1805 2928 ergo
1834 2820 1915 2907 hoe

120 2935 265 3018 datum
293 2950 378 3016 tam
405 2931 665 3041 solempniter
700 2937 929 3017 institutum
976 2964 1130 3018 cassare
1172 2937 1235 3017 vel
1264 2937 1307 3015 in
1335 2934 1497 3013 irritum
1526 2932 1674 3015 ducere
1703 2930 1841 3012 dolose
1876 2935 1917 3012 8(

118 3047 342 3155 malignose
371 3046 681 3153 attemptaue'rit.
710 3049 878 3154 superni
906 3049 1012 3156 regis
1047 3047 1241 3129 offensam
1269 3073 1311 3125 se
1341 3046 1504 3124 nouerit
1537 3043 1803 3125 incursurum.
1835 3043 1918 3123 De·

118 3174 216 3239 tum·
235 3173 376 3238 autem
404 3155 630 3265 Lincopirc
652 3183 763 3239 anno
778 3157 832 3238 ab
847 3160 1130 3241 incarnacione
1144 3157 1309 3241 domini.
1339 3154 1412 3234 ΜΟ.
1428 3156 1528 3236 CC'.
1544 3155 1735 3239 XVIIIl⁰.
1763 3152 1918 3236 ANNO

117 3269 255 3378 Regni
282 3267 413 3377 nostrj
442 3269 580 3367 tercio.
1517 3373 1526 3390 .

243 3417 255 3454 s
280 3411 283 3420 '
570 3412 615 3474 Pe
637 3411 811 3475 tumidant
853 3415 902 3476 De
921 3414 1088 3475 collacione
1108 3412 1260 3473 bonortun
1281 3408 1313 3468 in
1335 3405 1500 3470 fiatesund.

729 3527 860 3611 sigillet,
882 3527 1028 3607 sladem,
1050 3551 1082 3591 se
1104 3529 1184 3592 Tab.
1217 3548 1245 3588 a.
1267 3542 1318 3588 nto
1340 3522 1390 3598 4³
1470 3499 1473 3508 .

123 3894 256 4002 182.
931 3899 1114 4040 1219?

200 4116 380 4197 Fdrening,
405 4113 608 4211 henrigenom
629 4114 848 4178 sembriidcrne
870 4117 990 4194 Prrm,
1005 4120 1094 4204 'Lens
1116 4115 1176 4178 och
1197 4114 1349 4193 Srcraro,
1371 4117 1476 4178 Bmcr
1497 4117 1674 4178 Mirrssors
1704 4113 1817 4209 (8118(Ἰ
1830 4109 1910 4173 sisti

252 4197 346 4260 fisket
366 4198 377 4257 l
399 4196 480 4258 sien
501 4197 550 4258 trll
572 4196 696 4279 Nydcls
716 4197 842 4260 kloster.
1489 4223 1492 4232 ·
1696 4230 1699 4240 .
1812 4220 1817 4229 -

1572 4307 1793 4364 haum&

288 4446 428 4526 Sciant
462 4460 664 4554 presentes
705 4461 746 4526 et
789 4444 919 4554 futurj
948 4444 1061 4561 quod
1093 4431 1178 4526 'nos
1219 4445 1365 4528 fratres
1392 4451 1432 4526 8(
1459 4442 1643 4556 germanj
1685 4417 1834 4525 u'terini
1865 4468 1916 4525 ue

108 4583 270 4644 omnes.
302 4560 455 4639 Petrus.
482 4555 719 4662 laurentjus.
751 4557 1017 4666 Sigtruggus.
1045 4557 1119 4666 flljj
1149 4555 1364 4666 benedictj.
1392 4555 1466 4665 filij
1481 4555 1642 4664 Mathej.
1672 4583 1807 4638 coram
1836 4471 1914 4636 deo

106 4675 149 4754 &
179 4667 309 4750 beate
337 4665 463 4775 marje
491 4683 532 4748 et
561 4667 750 4748 omnihus
776 4671 936 4750 sanctis.
966 4685 1007 4748 et
1034 4695 1172 4750 coram
1200 4669 1406 4750 monachis
1434 4677 1474 4750 8(
1502 4669 1706 4748 conuersis
1746 4667 1915 4748 firmiter

104 4779 390 4865 stabiliuimus
418 4795 579 4886 pactum
608 4781 897 4889 sempiternum
925 4781 967 4859 in
997 4778 1213 4864 nouaualle
1238 4780 1333 4860 ‘lite
1374 4778 1575 4860 eliminata
1603 4777 1830 4889 calumpnia
1891 4803 1915 4859 e

106 4895 269 5001 sopita:
325 4889 537 4997 iscatjones
565 4890 609 4969 in
635 4917 741 4999 aqua
768 4917 848 5001 que
881 4890 1032 4972 dicitur
1060 4890 1271 4971 schethina
1300 4889 1426 4971 libere
1453 4898 1492 4972 8(
1520 4916 1659 4972 secure
1687 4918 1764 4998 pro
1793 4916 1848 4969 no
1878 4887 1915 4971 is

104 5007 148 5090 &
176 5025 265 5114 pro
279 4919 515 5110 heredibus
542 5002 690 5096 nostris
718 5027 977 5112 quocumque
992 5029 1088 5083 casu
1108 5017 1335 5109 emergente
1356 5002 1652 5111 imperpetuum
1666 4999 1918 5114 possideanta
1986 5075 1987 5080 Ν

104 5113 382 5226 Quicumque
408 5111 533 5224 igitur
559 5111 640 5197 hoo
674 5127 837 5222 pactum
871 5129 953 5196 tam
987 5111 1283 5198 rationabiliter
1310 5118 1351 5198 8(
1377 5112 1653 5225 sollempniter
1687 5111 1909 5224 stabilitum
2028 5180 2031 5188 .
