4362 5946
939 473 1030 572 l-
1138 391 1221 532 aaa
1329 481 1388 503 .-

149 708 162 754 ,·
211 743 216 754 ,
290 661 444 744 multos
466 643 737 768 'generandus
755 655 1033 739 conuersicne
1056 655 1139 738 tam
1152 675 1315 756 strenue
1330 658 1610 768 multitudinis.
1627 659 2060 771 euangelibedigabut'e.

292 773 471 855 officium
500 763 737 882 profitentis.
759 783 996 866 comedet·
1014 795 1118 877 opas
1141 771 1191 850 in
1217 771 1330 850 terra
1353 771 1500 851 meruit
1528 771 1712 861 obtinere
1724 775 1923 862 maiorum.
1937 761 2049 856 Pastor

290 892 332 966 Bt
348 867 645 963 'dun’inelitus''
661 880 712 994 in·
733 875 887 988 populo
917 875 983 958 dbi
1005 877 1331 961 factus-monum
1352 881 1654 988 predicatorum
1692 882 1879 965 ordinem
1906 885 2051 966 instituit

287 993 455 1077 meritis.
473 981 693 1072 ‘ordinauit
720 989 923 1098 exemplis.
937 1032 939 1040 ·
951 1016 1026 1070 neo
1042 990 1252 1071 miraculis*
1260 993 1496 1071 confirmare
1513 991 1963 1074 desiit'euidentibuset
1975 1022 2051 1100 pro

289 1106 408 1188 batis.
437 1097 554 1184 Nam¹
571 1116 708 1210 preter
736 1127 859 1208 opera
887 1101 1110 1182 sanctitatis
1133 1107 1183 1182 »δι’
1204 1105 1319 1210 signa
1345 1105 1510 1189 uirtutis
1524 1105 1685 1213 quibus
1704 1105 1759 1182 ‘in
1781 1131 1901 1185 carne
1927 1107 2054 1211 positu

290 1215 448 1298 clamit.
476 1212 729 1294 diuersorum
758 1213 908 1293 curatis
937 1211 1173 1319 langoribus
1200 1211 1364 1320 loquela
1393 1215 1523 1294 mutis.
1560 1215 1649 1294 uisu
1696 1217 1809 1302 cecis.
1851 1214 1974 1294 surdis
1998 1239 2053 1294 au·

287 1322 393 1409 dltu.
435 1347 575 1432 gressu
602 1321 831 1430 paraliticis.
860 1337 900 1403 et
921 1322 1097 1404 ¹sanitate
1139 1325 1308 1430 pristina
1342 1325 1558 1404 multarum
1592 1325 1808 1432 generibus
1849 1317 2055 1406 inualitudi·

288 1436 390 1520 nut'u
404 1435 610 1516 restitutis.
638 1435 938 1541 apertufpatuit
967 1433 1108 1542 qualis
1125 1433 1290 1540 spiritus
1319 1435 1374 1513 in·
1391 1433 1573 1517 eiusdem
1599 1435 2056 1543 sanctissimizglehauu·

288 1535 409 1659 poris*¹
429 1535 640 1630 habitauitt
668 1547 771 1624 Cum
799 1543 1002 1652 igiturex
1031 1543 1164 1623 multa
1185 1545 1454 1632 familiaritate
1482 1574 1603 1654 quam
1621 1547 1834 1628 nobiscum
1861 1549 1904 1628 in
1931 1545 2057 1651 miuorj

290 1655 543 1742 constitutus
564 1654 713 1736 ofliclov
729 1653 873 1734 habuit
900 1671 1136 1763 argumenta
1162 1657 1383 1735 sanctitatis
1410 1657 1538 1762 ipsius
1566 1684 1624 1736 eru
1644 1658 1812 1764 insignis
1830 1660 1926 1739 uite
1947 1657 2059 1737 tetti-

174 1767 178 1790 '
287 1773 428 1852 monio
456 1762 738 1851 constitissent.
767 1767 950 1874 essetque
978 1762 1239 1874 postmodnm
1266 1764 1327 1858 dew
1346 1767 1633 1848 miraculorum
1670 1768 1839 1848 ueritate
1861 1762 2059 1847 dictorum
2144 1805 2145 1808 κ

216 1929 228 1947 =
287 1881 395 1963 facta
424 1877 545 1960 nobis
623 1892 792 1956 rtestes
817 1877 996 1976 idoneos·
1024 1876 1143 1985 plena
1172 1875 1271 1955 fides
1310 1903 1384 1956 uos
1429 1904 1521 1957 oum
1562 1877 1782 1958 commisso
1814 1877 1933 1958 nobis
1960 1904 2061 1984 grege

288 1990 447 2097 dominj
490 1906 738 2071 confidentes
747 2015 760 2084 ,·
802 1987 887 2066 eius
924 2015 1060 2096 posse.
1073 1984 1276 2094 suffragiis
1319 2013 1392 2092 per
1434 1985 1500 2066 dei
1528 1988 1841 2069 misericordiam
1886 1985 2061 2092 adiuuari.
2144 1974 2145 2021 ³

287 2117 345 2184 ut*
364 2103 483 2182 cuius·
506 2101 550 2179 in
578 2101 696 2198 terris
725 2096 917 2188 solatium
942 2103 1116 2204 gratiose
1138 2096 1425 2177 familiaritatis
1475 2098 1624 2179 habere
1654 2099 1883 2182 meruimus.
1927 2098 2012 2178 e'ius
2028 2099 2061 2176 in

223 2207 229 2216 ’
288 2209 561 2320 cells'potcnti
589 2209 836 2318 patrocinio.a
857 2207 1108 2316 gaudeamus.
1135 2209 1271 2316 ipsum
1298 2207 1348 2288 de
1377 2207 1547 2290 fratrum
1583 2226 1816 2306 nostrorum
1844 2207 2062 2290 consiliose
2138 2215 2145 2236 ⁴

287 2349 473 2420 assensu,
501 2349 546 2400 ac
577 2321 758 2400 omnium
781 2336 880 2398 tunc
909 2317 1020 2426 apud
1048 2315 1184 2398 sedern
1202 2317 1473 2425 apostolicam
1502 2321 1810 2400 consistencium
1833 2320 2062 2426 prelatorum

288 2427 506 2541 'cathalogo
535 2445 781 2512 sanctorum·
801 2429 947 2510 ascribi
990 2428 1253 2512 decreuimus.
1295 2443 1515 2509 statuentes
1556 2430 1722 2512 firmiter
1746 2460 1797 2510 eo
1826 2429 2064 2510 uniuersitati

286 2561 422 2626 uestre
452 2541 706 2651 presentibus
734 2541 989 2648 iniungentes
1018 2555 1065 2619 ut
1093 2568 1223 2620 nonas
1252 2538 1411 2645 augusti
1426 2559 1532 2622 ante
1556 2540 1665 2622 diem
1691 2567 1775 2650 quo
1790 2544 1925 2650 posita
1944 2541 2063 2620 carnis

201 2745 217 2760 .
286 2657 444 2741 sarcina
473 2654 588 2735 diues
615 2652 767 2732 meritis
795 2650 1033 2760 penetrauit.
1055 2652 1099 2730 in
1127 2665 1294 2746 sancta„
1311 2648 1449 2730 similis
1463 2664 1693 2740 sanctorum
1708 2651 1841 2732 lactus
1869 2655 1914 2731 in
1943 2651 2064 2758 gloria,

285 2767 386 2864 cius·
402 2765 587 2844 natalicia
615 2761 894 2843 celebretis&
921 2761 1376 2870 faciatissollempniteu
1392 2761 1601 2868 celebrarj.
1626 2761 1835 2869 Quatjnus.
1848 2764 1976 2871 ipsius
1990 2773 2064 2869 pte·

286 2869 410 2960 cibus
431 2874 531 2956 deus
560 2899 681 2982 quem
709 2874 854 2953 uiuens
881 2873 1008 2952 coluit
1035 2888 1245 2980 exoratus,
1275 2873 1445 2978 gratiam
1474 2875 1517 2952 in
1546 2875 1723 2980 presenti
1759 2874 1900 2956 seculo
1929 2880 1968 2954 ἃ
1994 2871 2066 2978 glo·

284 2991 387 3070 riam
415 2985 532 3092 nobis
559 2985 715 3064 tribuat
743 2981 965 3064 intutum.
994 2983 1077 3062 Nos
1105 2991 1205 3062 ue'ro
1234 2983 1339 3061 tanti
1367 2981 1607 3066 confessoris
1643 2985 1923 3067 venerabilem¹
1949 2979 2065 3090 scpul-

286 3115 424 3181 turam·
478 3093 535 3175 ue*
557 3095 845 3190 miraculorum
872 3093 1100 3201 fulgoribus
1129 3091 1353 3200 generalem
1397 3095 1573 3174 illustrat
1601 3093 1820 3176 ¹ecclesiam
1872 3096 2066 3202 cupientes

285 3208 418 3317 dignis
447 3125 664 3302 diristiane
697 3202 1178 3287 deuotionisbonoribus
1207 3201 1467 3311 frequentarj.
1504 3233 1600 3286 uere
1620 3205 1898 3312 penitentibus
1920 3213 1958 3284 &
1984 3217 2066 3286 eon·

285 3317 412 3400 fessis.
438 3317 549 3397 illam
573 3319 628 3396 iu
647 3315 864 3398 festiuitate
893 3314 1051 3422 prefata
1080 3310 1196 3394 annis
1224 3313 1391 3420 singulis
1419 3341 1509 3396 cum
1524 3316 1758 3402 deuotione.
1772 3343 1817 3395 ac
1846 3314 2064 3398 reuerentia

285 3429 425 3513 debita
453 3427 728 3523 abitantibus,
757 3425 809 3506 de
837 3426 1124 3533 omnipotentis
1153 3425 1225 3508 dei.
1255 3423 1600 3510 misericordia&
1640 3425 1853 3512 beatorum
1893 3424 2000 3534 petri
2016 3489 2021 3500 .
2037 3436 2069 3501 et

283 3540 396 3652 pauli
424 3539 702 3648 apostolorum
728 3538 813 3615 cius
849 3539 1090 3622 auctoritate
1137 3535 1287 3619 confisi.
1330 3564 1454 3620 uuum
1495 3549 1645 3621 annum
1687 3538 1737 3619 de
1778 3538 1964 3617 iniuncta
2004 3531 2068 3616 sibi

35 3749 44 3760 .
284 3651 509 3764 penitentia
538 3647 848 3729 misericorditer
876 3649 1112 3730 relaxamus.
1148 3649 1297 3729 Datum
1326 3647 1480 3730 Perusii
1508 3650 1616 3733 Nou.
1643 3649 1834 3732 Octobris
1865 3643 2068 3728 Pontifica-

146 3787 154 3796 ·
282 3783 349 3847 tus
378 3761 509 3845 nostri
535 3766 658 3854 Anno
686 3761 867 3843 Octauo·
976 3829 982 3868 ,

287 4153 438 4301 29οζ
761 4093 765 4106 ³
838 4151 839 4156 ‘
948 4267 951 4276 ¹
1124 4143 1296 4277 1234.
1688 4147 1690 4154 ⁴
1750 4111 1752 4116 Ι
1841 4140 2070 4260 'Nousis

360 4373 539 4438 Gafvobref
562 4373 599 4435 af
625 4371 704 4434 nist.
724 4372 848 4436 Tuonns
870 4373 880 4432 i
902 4359 968 4432 luo
988 4367 1037 4430 till
1057 4369 1102 4430 sin
1113 4367 1427 4468 CapellanWmnmu
1447 4367 1488 4452 pt
1511 4389 1549 4430 en
1565 4369 1694 4476 jordlott
1712 4373 1723 4432 i
1744 4371 1852 4434 Maska
1872 4353 2072 4450 Fo'rsamliug.

1452 4503 1457 4510 ’
1785 4483 1813 4540 E
1832 4483 1942 4542 5:¹10&

444 4623 610 4704 Tuoms
639 4620 706 4703 dei
734 4620 878 4728 gracia,
896 4617 1088 4699 tinnensts
1117 4615 1311 4716 aboeusis
1329 4605 1534 4717 uniuersis
1554 4637 1637 4720 tam
1658 4592 1812 4720 clericis
1840 4609 1966 4734 quam
1995 4623 2072 4727 lay·

277 4731 334 4812 cis
362 4733 687 4838 presentibus&
715 4730 864 4812 futuris
892 4726 977 4811 has·
994 4729 1147 4816 litteras
1175 4729 1322 4838 visubis
1350 4725 1414 4836 vel
1440 4724 1645 4834 audituris
1659 4731 1829 4837 salutem
1844 4747 2072 4842 presentem

241 4877 246 4882 ·
275 4842 429 4951 pariter
457 4846 497 4921 δι
524 4860 703 4943 eternam
730 4837 1150 4924 uniuersitativestre'
1170 4857 1325 4927 notum.
1356 4839 1538 4947 facimus·
1558 4871 1633 4928 uos
1665 4843 1880 4956 quandam
1924 4865 2071 4927 terram

200 5019 206 5040 .
275 4954 320 5034 in
346 4949 561 5075 parrochia
590 4952 640 5039 de
667 4953 803 5038 maske
838 4951 1029 5039 cutibus.
1056 4950 1274 5062 ydolatrie.
1300 4951 1399 5037 olim
1425 4951 1617 5038 deditam
1659 4955 1899 5066 cappellano
1933 4971 2073 5039 nostro
