4368 5950
825 387 1243 470 -225-

141 608 332 696 12122121.
420 605 475 690 od
503 635 588 690 nos.
618 606 683 715 jus
698 623 939 716 patronatus
951 608 1146 691 habentes
1166 606 1336 690 ecclesie
1345 625 1486 690 sancte
1500 609 1625 691 marie
1638 609 1800 691 maioris
1820 612 1864 692 in
1878 612 1935 694 ci·
1974 689 1977 694 ,

140 724 269 804 211212
282 784 284 794 .
298 722 370 802 lun
399 721 497 803 ensi.
551 721 612 800 De
640 719 852 800 voluntate
880 723 918 799 8c
946 746 1146 801 consensu
1174 721 1353 801 omnium
1368 722 1711 828 parochianorum
1729 723 1856 831 ipsius
1870 750 1951 807 ec·v

137 833 262 932 clesie
290 839 330 914 &
356 830 529 914 aliorum
557 831 624 939 jus
649 831 894 917 habencium
924 834 967 912 in
996 830 1147 913 eadem.
1187 833 1337 912 Damus
1352 836 1392 912 8c
1409 832 1653 916 conferimus
1667 833 1757 941 jure
1773 862 1935 945 permu-

138 941 313 1026 tacionis
353 943 542 1026 lundensi
584 944 765 1053 capitulo
807 969 1028 1056 eorumque
1071 943 1369 1024 successoribus
1418 944 1476 1022 12λ
1500 961 1753 1053 perpetuum.
1796 938 1941 1028 omnes¹

138 1057 412 1167 possessiones
439 1052 671 1164 supradicte
700 1054 864 1136 ecclesie
894 1070 1029 1135 sancte
1057 1056 1191 1134 marie.
1221 1055 1273 1136 ad
1299 1051 1544 1136 babendum.
1561 1055 1779 1139 tenendum
1794 1056 1936 1140 fruen-

139 1169 249 1251 dum.
280 1162 578 1275 possidendum.
608 1185 649 1248 et
664 1165 867 1276 quidquid
880 1168 936 1246 eis
952 1193 1174 1276 eorumque
1190 1165 1487 1247 successoribus
1502 1166 1552 1247 de
1567 1168 1662 1274 ipsis
1677 1166 1873 1277 placuerit
1886 1169 1937 1250 li·

138 1281 238 1362 bere
265 1276 494 1360 faciendum
523 1303 600 1389 pro
628 1304 676 1357 eo
705 1277 860 1358 scilicet
888 1276 1002 1386 quod
1030 1277 1137 1366 idem
1159 1276 1382 1387 capitulum
1397 1278 1560 1358 Curiam
1575 1306 1666 1358 2221
1681 1279 1779 1360 ortis
1794 1280 1935 1364 &aliis

140 1390 402 1502 pertinenciis
429 1391 523 1471 suis.
551 1402 633 1499 qu'e
661 1389 758 1469 olim
787 1388 865 1470 fuit
892 1390 1073 1496 magistri
1101 1389 1302 1496 johannis.
1337 1389 1466 1474 1121112,
1510 1392 1737 1500 nostrisque
1779 1419 1937 1474 succes-
2051 1417 2057 1428 ·

138 1501 312 1584 soribus.
350 1497 492 1582 eodem
527 1501 842 1609 permutacionis
883 1501 972 1609 jure
1016 1500 1307 1609 perpetualiter
1342 1498 1602 1580 donauerunt
1636 1501 1934 1586 Renunciantes

136 1615 249 1695 omni
278 1613 388 1721 juris·
407 1613 560 1692 auxilio
589 1614 785 1720 canonico
815 1617 855 1692 81
884 1611 994 1694 212111
1023 1613 1117 1696 Non
1147 1613 1333 1695 obstante
1362 1613 1489 1692 eciam
1517 1613 1760 1720 exeopcione
1788 1612 1936 1724 decep·
2008 1709 2011 1716 Ι

136 1727 266 1806 212212
316 1724 424 1804 vltra
459 1723 714 1805 medietatem
755 1723 851 1830 justi
895 1723 1033 1830 precii.
1073 1750 1158 1833 vque
1200 1723 1317 1809 nobis
1366 1723 1609 1832 nostrisque.
1638 1725 1936 1826 suecessoribus

135 1854 278 1946 posset
306 1852 533 1943 competere
562 1836 604 1916 in
632 1835 711 1914 hoc
741 1834 861 1932 lacto.
891 1836 933 1914 Si
962 1835 1051 1943 quis
1080 1850 1217 1916 autem
1246 1852 1386 1915 contra
1421 1834 1764 1943 permutacionem
1792 1835 1934 1942 hujus·
1993 1829 1998 1837 ’

137 1946 252 2030 modi
281 1974 403 2056 quam
431 1973 590 2054 semper
618 1945 812 2028 illibatam
841 1947 994 2028 seruari
1022 1946 1210 2028 volumus
1244 1947 1382 2025 venire
1425 1946 1726 2053 presumpserit.
1769 1963 1933 2034 eentum

137 2086 295 2140 11121222
325 2061 483 2166 argenti
511 2084 658 2166 penam
687 2057 880 2138 incurrat.
910 2085 993 2166 qua
1022 2058 1166 2138 soluta.
1194 2057 1480 2139 nichilominus
1501 2058 1750 2162 permutacio
1778 2058 1875 2166 ipsa.
1892 2061 1935 2140 in

137 2200 214 2253 222
241 2186 475 2277 permaneat
503 2169 692 2270 firmitate
748 2171 898 2248 Datum
927 2168 971 2274 jn
1001 2170 1207 2252 mansione
1235 2184 1375 2255 222112
1406 2167 1606 2284 Glustorp
1635 2167 1734 2247 XVI
1748 2166 1824 2256 kal.
1841 2167 1935 2278 julij

138 2285 262 2364 Anno
291 2281 583 2368 incarnacionis
612 2278 811 2386 dominice
828 2279 1079 2392 ¹lllCCXXII.
1796 2327 1800 2334 -

142 2542 277 2650 213.
808 2601 814 2626 ι
963 2583 1129 2652 1222.
1618 2573 1621 2579 ’
1761 2542 1931 2679 Lund.

223 2763 401 2832 trie-Bisk.
423 2771 566 2834 1112111112
587 2769 750 2832 8222222112
772 2769 782 2829 1
804 2767 893 2831 Lund
915 2726 1100 2832 belrtftelse
1116 2769 1166 2832 181·
1187 2766 1423 2852 Dum-Capitlet
1442 2769 1483 2855 pa
1504 2765 1698 2832 lb’restlende
1718 2765 1807 2852 byte.

1643 2879 1675 2936 11.
1697 2898 1720 2934 11
1740 2898 1797 2935 ma.

367 3025 464 3104 Alia
485 3024 624 3104 littera
650 3021 828 3128 ejusdem
854 3025 1005 3104 domini
1030 3025 1188 3106 Andree
1216 3051 1333 3135 super
1358 3027 1494 3110 eodem
1510 3027 1689 3106 'ecelesia
1747 3015 1750 3026 ’

308 3155 498 3231 1111211212
529 3151 602 3230 Dei
632 3151 766 3256 gracia
795 3148 1000 3244 lundensis
1030 3150 1357 3261 archiepiscopus
1385 3154 1518 3235 222212
1546 3154 1705 3261 primas.
1763 3147 1930 3230 Dilectis
2061 3247 2065 3255 ¹

135 3264 184 3343 12
212 3259 376 3340 Christo
391 3259 493 3342 liliis.
512 3260 675 3341 decano.
691 3258 975 3341 archidiacono
991 3264 1219 3371 ceterisque
1236 3261 1443 3345 lundensis
1457 3265 1621 3347 ecclesie
1635 3260 1850 3344 canonicis.
1867 3287 1930 3339 sa·
2017 3259 2025 3288 '

135 3373 265 3450 lutem
297 3378 336 3454 81
363 3389 574 3482 paternam
603 3369 858 3453 dilectionem
888 3373 996 3473 Quia
1040 3370 1245 3453 defectum
1287 3400 1420 3454 rerum
1452 3377 1778 3457 -necessariarum
1820 3369 1931 3480 apud

132 3509 212 3582 vos
240 3510 324 3562 esse
353 3484 615 3591 percepimus.
646 3481 847 3576 defectum
875 3499 1054 3564 vestrum
1084 3511 1135 3562 ex
1164 3511 1247 3594 quo
1265 3488 1520 3593 oportunitas
1534 3514 1575 3568 22
1590 3483 1740 3593 optulit
1755 3481 1930 3563 intendi·

131 3622 227 3676 mus
257 3595 445 3703 supplere
474 3593 753 3704 Redditusque
781 3597 948 3688 vestros,
979 3596 1190 3701 penuriam
1220 3615 1389 3678 vestram
1419 3598 1637 3704 relaxando
1652 3594 1845 3706 ampliare
1860 3623 1930 3675 cu·-

132 3707 318 3785 rauimus
346 3711 613 3785 &curamus
644 3704 775 3784 Huius
804 3705 862 3782 rei
894 3706 1043 3785 intuitu
1072 3721 1216 3786 notum
1245 3704 1412 3788 facimus
1440 3726 1521 3802 tam
1537 3707 1790 3817 presentibus
1805 3733 1928 3815 quarn

130 3817 284 3896 futuris
299 3815 411 3925 quod
426 3815 632 3895 ecclesiam
645 3831 780 3896 sancte
795 3815 919 3896 marie
934 3814 975 3894 in
991 3816 1154 3898 ciuitate
1170 3816 1368 3898 lundensi.
1385 3847 1465 3928 que
1479 3820 1644 3900 ecclesia
1659 3832 1795 3897 sancte
1802 3816 1927 3896 marie
2038 3829 2041 3834 '

130 3928 265 4008 maior
293 3923 472 4007 iocatur.
502 3927 619 4008 vobis
647 3927 838 4008 canonice
866 3954 889 4005 a
919 3928 1037 4008 nobis
1066 3922 1262 4008 collatam.
1279 3947 1465 4037 presente
1489 3928 1710 4011 venerabili
1725 3927 1924 4034 Gregorio

131 4038 188 4122 de
216 4039 386 4118 essentio
416 4039 636 4145 apostolice
665 4037 769 4118 sedis
797 4036 942 4147 legato.
973 4055 1019 4117 tt.
1057 4041 1185 4118 saneti
1213 4037 1402 4121 theodori
1418 4042 1610 4149 Dyacono
1627 4036 1841 4119 Cardinali.
1856 4067 1923 4119 su·
2017 4029 2020 4036 ¹

133 4177 211 4260 per
239 4148 317 4229 boc
357 4151 529 4257 negocio
574 4147 831 4257 dispensante
873 4149 1380 4233 1211128122222222111122
1422 4153 1640 4234 122111212
1680 4165 1923 4256 perpetuum

131 4259 425 4342 confirmamus.
455 4279 499 4340 vt
532 4259 711 4370 predicta
741 4261 917 4341 ecclesia.
962 4291 1054 4342 cum
1096 4256 1216 4342 terris
1258 4263 1378 4342 cultis
1422 4267 1460 4342 81
1503 4261 1666 4342 12221112
1707 4260 1784 4340 21111
1827 4263 1918 4340 2111-
2025 4273 2032 4302 ⁸
2063 4355 2066 4361 s

132 4373 550 4479 11221111112811112112
579 4378 617 4452 81
646 4373 1036 4480 possessionibus&
1079 4373 1242 4456 decimis
1285 4373 1591 4481 episcopalibus.
1634 4371 1923 4455 oblacionibus.

132 4485 280 4566 ceteris
316 4482 606 4566 euencionibus
635 4485 803 4563 annexis
845 4485 887 4562 in
930 4513 1023 4567 vsus
1066 4502 1229 4565 vestros.
1273 4484 1363 4590 jure
1406 4500 1602 4597 perpetuo
1644 4483 1759 4562 vobis
1795 4481 1923 4567 cedat

131 4597 189 4676 Ε1
217 4621 268 4673 22
295 4623 416 4703 super
444 4595 521 4674 hoc
549 4591 666 4677 12212.
683 4621 876 4704 processu
889 4599 1092 4704 temporis.
1110 4594 1246 4705 aliqua
1262 4597 1388 4702 possit
1407 4597 1551 4676 nociua
1566 4593 1681 4674 vobis
1694 4594 1923 4703 calumpnia

132 4705 310 4816 grauari.
368 4720 593 4812 presentem
645 4708 846 4818 paginam.
896 4706 1016 4813 sigilli
1066 4709 1194 4787 nostri
1244 4707 1471 4787 testimonio
1519 4704 1689 4812 dignum
1736 4703 1922 4786 duximus

134 4818 334 4898 roborare
392 4818 539 4895 Datum
577 4815 712 4897 lundis
753 4845 861 4898 anno
906 4817 1108 4898 dominice
1150 4818 1440 4898 incarnacionis
1482 4815 1692 4897 Millesimo
1734 4815 1922 4898 ducente·

132 4931 238 5010 simo
268 4929 453 5007 vicesimo
483 4927 671 5009 secundo.
890 5018 894 5029 ¹

271 5067 319 5123 Sv.
336 5067 476 5137 111ρὶ2112·
1670 5060 1720 5134 29
