4384 5946
967 441 1188 570 ’15⁸
1301 403 1423 510 -'

141 725 146 732 ·
264 667 449 780 corporis
481 661 627 748 rnione
657 694 702 746 ac
730 662 823 748 fidei
852 663 1047 744 catholice
1076 663 1242 744 veritate
1270 661 1526 746 immobiliter
1547 660 1773 770 perdurate.
1829 658 2057 738 Venerami·

264 785 307 862 ni
350 798 436 863 tcto
465 777 600 858 studio
629 777 732 858 sicut
760 776 963 883 incepistis
991 791 1156 854 matrem
1185 776 1363 854 omnium
1392 773 1567 854 fidelium
1596 789 1885 854 sacrosanctam
1913 771 2057 850 Roma·

191 966 196 974 ,
263 921 361 980 nam,
390 889 607 970 ecclesiam.
650 903 690 968 et
732 888 805 997 qui
834 885 954 994 longa
982 903 1179 966 terrarum
1208 883 1505 992 intercapedine
1534 886 1584 964 ab
1613 913 1658 963 ea
1687 882 1839 963 distatis
1868 880 2057 964 deuocio·
2160 873 2177 964 s

261 1029 315 1084 ne
349 1029 394 1082 ac
429 1002 498 1109 pio
539 998 737 1081 desiderio
766 1015 969 1106 presentes
997 998 1034 1076 ei
1064 1022 1220 1104 semper
1247 1013 1373 1076 estote
1403 997 1580 1074 Firmum
1608 993 1772 1102 quidem
1798 992 1992 1072 habemus
2020 1008 2058 1070 et
2176 1039 2177 1094 4

262 1111 528 1195 indubitabile
571 1111 667 1218 quia
709 1112 742 1190 si
771 1138 818 1188 us
850 1138 899 1190 ue
929 1105 1127 1188 adfinem
1156 1109 1198 1186 in
1225 1106 1460 1188 obediencia
1488 1107 1572 1186 eius
1601 1120 1641 1184 et
1668 1104 1920 1202 subieccione
1951 1129 2059 1180 man·
2175 1113 2177 1194 l

262 1225 391 1306 seritis
420 1239 460 1304 et
488 1223 625 1302 statuti
651 1220 798 1332 prefati
819 1138 960 1299 iratris
987 1218 1115 1298 nostri
1144 1236 1184 1298 et
1213 1216 1436 1299 doctrinam
1459 1215 1718 1324 apostolicam
1740 1212 1975 1294 studueritis
1991 1211 2059 1292 ad·

261 1337 440 1443 implere.
475 1332 527 1414 de
555 1334 725 1412 terrenis
755 1329 806 1411 ad
835 1329 1004 1410 celestia.
1034 1328 1152 1409 etde
1181 1327 1343 1408 caducis
1371 1357 1416 1407 ac
1447 1326 1685 1416 transitoriis
1715 1325 1765 1410 ad
1793 1342 1930 1404 eterna
1959 1350 2058 1402 sem·

260 1471 418 1556 perque
445 1445 650 1522 manencia
679 1442 916 1549 pertingetis
946 1442 1118 1520 Censum
1147 1457 1278 1518 autem
1303 1466 1424 1549 quem
1439 1439 1481 1516 in
1495 1453 1772 1544 argumentum
1789 1451 1918 1514 vestre
1934 1433 2070 1514 deuo·

261 1557 390 1638 cionis
432 1555 550 1634 beato
593 1571 710 1661 petro
754 1551 805 1634 dc
848 1550 966 1633 terris
1004 1551 1145 1631 vestris
1176 1549 1488 1657 persoluendum
1517 1550 1631 1628 annis
1661 1546 1827 1654 singulis
1855 1546 2058 1626 statuistis.

262 1665 454 1747 fratribus
484 1665 631 1748 nostris
659 1662 861 1772 episcopis
890 1659 1016 1742 tribui
1046 1659 1210 1741 faciatis
1240 1677 1284 1738 vt
1312 1688 1386 1768 per
1414 1687 1482 1738 eos
1511 1658 1595 1740 sedi
1623 1657 1841 1765 apostolice
1855 1657 2057 1744 transmit·
2137 1757 2142 1762 Ι
2175 1677 2177 1800 p

260 1793 382 1860 tatur.
440 1775 572 1877 Quem
601 1775 782 1883 profecto
811 1801 895 1852 non
924 1788 1005 1852 tam
1033 1769 1084 1851 ad
1113 1787 1290 1852 nostram
1319 1771 1527 1849 utilitatem
1556 1796 1677 1877 quam
1705 1766 1755 1849 ad
1786 1766 1952 1850 salutem
1975 1767 2058 1846 ani·
2176 1807 2177 1856 t

263 1914 419 1968 marum
447 1903 670 1967 vestrarum
699 1886 894 1993 exigimus
923 1879 1021 1962 dum
1048 1909 1120 1962 vus
1150 1882 1306 1959 interne
1333 1878 1569 1967 deuocionis
1599 1879 1838 1987 obsequium
1865 1878 1973 1957 beati
1989 1891 2060 1984 pe‘-

261 2000 316 2083 tri
343 1998 528 2108 cupimus
555 1997 823 2107 patrocinium
852 1993 1045 2103 optinere.
1102 1993 1249 2072 Datum
1278 1990 1440 2073 lateran.
1470 1990 1607 2072 llllzto
1622 1988 1811 2071 kalendas
1826 1986 2058 2069 decembris.

172 2435 185 2446 ·
268 2391 357 2540 39.
931 2385 1081 2494 1156
1108 2457 1191 2504 -,-
1222 2385 1390 2529 1178.

345 2609 527 2762 lrfflisk
549 2609 664 2680 Estne
687 2608 868 2677 Gttvobref
883 2609 934 2672 till
955 2609 1129 2674 Canikerca
1149 2611 1162 2673 i
1182 2605 1275 2674 Lund
1295 2605 1336 2692 pt
1358 2607 1402 2671 all
1423 2606 1528 2672 ticnde
1550 2607 1694 2673 sidetes
1713 2603 2062 2691 prebendeuochhem·

1783 2805 1864 2861 B01=
1885 2808 1926 2880 37.

432 2946 693 3054 Priuilegium
730 2943 870 3028 Eskilli
899 2941 1202 3052 Archiepiscopi
1231 2967 1351 3050 super
1379 2941 1542 3025 decimis
1571 2941 1879 3024 Canonicornm.

433 3093 482 3173 In
509 3094 672 3173 nominc
701 3109 834 3172 sancte
862 3108 903 3171 et
931 3086 1139 3169 indiuidue
1167 3088 1353 3168 trinitatis
1382 3089 1470 3193 Ego
1498 3088 1672 3170 eskillus.
1704 3105 1838 3168 sancte
1854 3087 2076 3168 lundensis·

265 3201 428 3288 ecclesie
471 3203 807 3312 archiepiscopus.
877 3199 1110 3307 Apostolice
1151 3198 1256 3280 sedis
1298 3198 1461 3307 legatus.
1518 3200 1639 3278 Dacie
1667 3216 1707 3278 et
1742 3202 1871 3280 suecic
1900 3200 2058 3307 primas.

122 3371 127 3378 -
263 3316 430 3400 Dilectis
458 3313 549 3395 filiis
577 3315 704 3394 sancti
732 3312 923 3392 laurencii
951 3310 1164 3412 canonicis.
1193 3309 1364 3390 decimas
1392 3336 1538 3391 omnes.
1569 3328 1651 3389 tam
1679 3308 1729 3390 de
1756 3313 1875 3390 terris
1890 3312 2060 3417 preben-

264 3425 408 3512 darum
449 3452 597 3510 eorum.
631 3453 678 3503 ac
721 3423 1006 3504 beneficiorum
1048 3447 1169 3529 quam
1197 3438 1240 3526 et
1259 3419 1528 3503 mansionum.
1556 3438 1754 3528 perpetuo
1784 3421 2055 3529 possidendas.
2139 3487 2144 3491 .

262 3538 425 3648 pietatis
453 3536 603 3616 intuitu
631 3531 885 3615 contulimus.
913 3530 1096 3640 prolecto
1124 3530 1292 3638 dignum
1321 3531 1522 3613 ducentes.
1551 3548 1596 3611 vt
1623 3533 1797 3612 matricis
1828 3533 1991 3612 ecclesie
2013 3531 2057 3610 fi·
2150 3611 2156 3621 .

259 3649 330 3732 liis
364 3665 635 3728 succurratur.
668 3673 844 3754 quorum
872 3645 930 3725 rei
965 3640 1170 3724 familiaris
1198 3641 1424 3750 indigencia
1451 3643 1589 3723 maior.
1618 3660 1752 3751 preter
1781 3669 1904 3751 quam
1933 3643 2057 3724 decet.

264 3789 349 3842 esse
378 3754 612 3839 dinoscitur.
669 3757 765 3841 Hoc¹
787 3757 893 3837 enim
920 3754 1175 3835 humanitatis
1204 3771 1312 3834 creat
1340 3757 1459 3834 racio.
1490 3772 1530 3834 et
1557 3753 1742 3835 ordinata
1756 3753 1881 3862 exigit
1902 3755 2055 3834 caritas.

263 3889 311 3962 vt
352 3867 452 3952 sorti
487 3867 692 3950 debiliori..
727 3867 969 3975 propensius
997 3861 1239 3943 consulatur.
1296 3864 1352 3942 Vt
1379 3865 1501 3971 igitur
1530 3864 1603 3945 hec
1632 3882 1717 3946 rata
1746 3884 1883 3946 nostra
1911 3866 2058 3946 consti·

184 4063 191 4075 ,
263 3983 376 4086 tucio
406 3977 456 4062 de
485 3993 617 4062 cetero
645 3978 849 4078 habeatur.
862 4035 865 4040 ,
879 4005 928 4058 cx
956 3975 1193 4055 auctoritate
1221 3973 1287 4053 dei
1315 3975 1601 4081 omnipotentis
1615 3993 1656 4056 et
1670 3995 1818 4057 nostra.
1833 3977 2086 4056 anathema·'

264 4111 304 4188 te
342 4119 435 4172 enm
468 4088 642 4171 ferimus.
678 4090 750 4198 qui
777 4118 827 4171 ex
854 4088 928 4171 hac
958 4085 1248 4166 constitucione
1278 4082 1432 4194 aliquid
1462 4077 1706 4167 subtrahere.
1736 4088 1958 4168 diminuere
1987 4113 2058 4168 seu

161 4255 163 4258 ι
264 4199 492 4286 anichilare.
536 4201 818 4282 attrectauerit.
889 4199 1028 4307 Sitque
1070 4224 1164 4303 pars
1207 4196 1292 4276 eius
1340 4223 1429 4277 cnm
1465 4195 1547 4277 hiis
1574 4198 1646 4306 qui
1674 4194 1863 4279 dixerunt
1893 4197 2055 4278 domino

175 4413 177 4418 Α
264 4313 344 4397 deo
373 4311 529 4396 Recede
557 4341 581 4392 a
608 4309 736 4394 nobis.
756 4311 974 4391 scienciam
1002 4309 1157 4388 viarum
1185 4324 1346 4387 tuarum
1375 4307 1563 4388 nolumus
1592 4309 1676 4410 Qui
1704 4327 1835 4390 autem
1864 4308 1947 4388 hec.
1979 4325 2056 4388 sta·

264 4423 364 4506 bilia
392 4443 433 4506 et
460 4421 608 4506 robore
636 4418 753 4531 plena
781 4421 867 4503 lore
896 4415 1104 4502 studuerit.
1133 4416 1461 4528 benedictionem
1480 4421 1522 4498 in
1552 4421 1726 4526 presenti
1755 4448 1779 4500 a
1806 4419 1972 4500 domino
1987 4419 2057 4500 de·

166 4599 170 4608 ,
262 4562 389 4728 ῧᾜετ
423 4533 603 4644 accipiat.
632 4549 672 4617 et
700 4550 793 4642 post
820 4532 1071 4642 presencium
1099 4525 1308 4612 curricula.
1325 4529 1457 4611 deum
1484 4528 1652 4611 deorum
1680 4533 1723 4613 in
1751 4559 1854 4640 syon
1881 4532 2057 4640 aspiciat.

341 4663 412 4729 ele·
472 4670 478 4679 '
1535 4669 1537 4674 ’
