4382 5964
822 458 878 482 ·-
983 415 1064 503 ¹581
1180 454 1237 518 ·‚·

128 643 228 727 lacta
255 635 605 750 sunt-litterarum
632 639 735 721 serie
761 635 1074 720 admemoriam
1115 638 1389 748 presencium,
1417 640 1460 719 8(
1486 636 1679 719 noticiam
1706 653 1915 722 transeant
1972 649 1976 658 '

127 769 396 864 posterorum,
423 765 610 832 constare
625 749 811 832 volumus
826 749 1043 846 miseren,
1071 747 1185 862 quod
1201 748 1403 863 plebanus
1421 744 1474 830 de
1487 747 1682 856 thorpum
1710 749 1753 830 in
1782 749 1915 851 §dhre

45 851 52 868 ’
125 870 162 945 8(
187 863 384 973 johannes
410 859 554 943 kanuti
595 861 713 958 lilius,
749 863 791 942 in
819 876 959 942 nostra
1001 859 1458 971 presencia‘constituti,
1503 857 1676 944 confessi
1708 877 1805 947 sunt
1832 888 1915 944 co·

9 1037 11 1043 ,
125 1001 208 1057 ram
237 971 375 1070 nobis,
405 973 671 1080 presentibus,
700 972 866 1056 domino
904 971 1115 1070 Nichclao,
1143 968 1344 1082 sigbridis,
1373 975 1414 1052 8(
1440 969 1620 1079 riphone
1660 970 1846 1055 lsarlsson
1875 977 1916 1054 8(
1942 1077 1948 1088 ⁵

125 1083 333 1198 ragwaldo
362 1081 413 1166 de
441 1083 656 1192 rasbirgh.
685 1087 726 1164 8(
752 1081 949 1195 pluribus·
972 1082 1080 1182 aliis,
1120 1108 1163 1162 se
1191 1082 1550 1212 commutacipnem
1592 1081 1827 1192 prediorum
1856 1083 1915 1168 le·

101 1223 345 1391 {tiata
358 1190 1916 1418 tillut{illisittlilt‘stntillbisl‘ss‘bllffitlil}

3 1493 5 1504 .
124 1435 186 1513 aa.
216 1425 254 1498 8(
283 1417 334 1498 ab
364 1417 503 1499 codern
534 1433 751 1526 receperat.
782 1415 948 1501 terciam
976 1433 1134 1527 partem
1162 1417 1205 1496 in
1233 1413 1437 1516 rpdhium.
1467 1419 1508 1496 8(
1534 1435 1723 1526 quartam
1758 1434 1912 1526 partem

125 1533 164 1612 in
191 1555 317 1630 norre
341 1527 615 1636 brigholp'rkiu,
643 1533 684 1610 8(
711 1527 875 1616 terciam
903 1543 1061 1637 partem
1088 1529 1132 1608 in
1146 1525 1370 1623 lallehulte‚
1398 1521 1507 1608 inlra
1520 1551 1653 1635 sepes,
1682 1535 1722 1610 8(
1748 1531 1915 1612 terciam

125 1656 277 1752 partem
306 1641 348 1719 in
376 1638 585 1748 langores,
613 1643 653 1720 &
679 1654 832 1722 sentam
861 1654 1017 1750 partem
1045 1637 1146 1720 silue
1194 1637 1477 1744 bubbatborp,
1518 1636 1621 1718 Nos.
1643 1653 1778 1721 autem
1806 1667 1916 1723 com·
2013 1675 2018 1686 ·

125 1755 392 1835 mutacionem
420 1748 670 1846 huiusmodi,
698 1750 957 1848 radicantes,
985 1748 1162 1859 sigillum
1190 1766 1370 1832 nostrum
1399 1746 1652 1854 presentibus
1681 1750 1914 1834 litterisdu·

125 1867 252 1948 ximus
280 1860 586 1976 apponendum,
619 1864 767 1949 Actum
792 1888 903 1948 anno
925 1859 1090 1946 domini.
1114 1855 1626 1946 M0.cc·.uXXX1·.xv1·.
1640 1860 1913 1972 Kalsrlprilis'.

119 2119 320 2270 ''7¹6ss
460 2201 462 2206 ·
524 2069 567 2216 i·
652 2073 670 2094 Ἰ
741 2131 888 2239 1281
938 2123 989 2236 d
1035 2064 1110 2235 ad
1155 2123 1304 2239 Mars.
1577 2104 1937 2259 ‘Stenarum

115 2288 119 2299 ¹
202 2311 285 2377 Koa.
306 2315 436 2377 Missus
457 2315 496 2378 Its
516 2315 600 2378 Dom
620 2317 631 2378 i
651 2316 761 2378 trister
781 2315 898 2392 mellan
923 2315 1062 2380 thosan
1082 2315 1102 2378 d
1122 2317 1157 2378 Μ
1179 2313 1304 2383 llabttlt
1332 2312 1395 2378 och
1425 2311 1627 2380 Litlnbultd
1648 2337 1722 2396 ena,
1753 2316 1815 2392 och
1846 2315 1919 2381 dem

258 2398 296 2459 al
311 2395 483 2482 Nissjohult
503 2397 523 2460 ri
544 2397 748 2462 andra'sidan
768 2398 902 2462 adtende
923 2395 1137 2482 jordonem}
1182 2398 1241 2462 ade
1262 2397 1506 2480 bllmiinningar·
1557 2478 1594 2540 A·
1609 2475 1638 2537 ⁶·
1655 2499 1679 2537 ι·
1700 2497 1724 2537 n
1743 2481 1786 2552 ἡ.

290 2581 465 2662 Missos
497 2579 562 2664 dei
591 2581 726 2689 gracia
761 2609 964 2664 sweorum
992 2583 1277 2692 Gotorumque
1293 2581 1393 2663 Rex.
1419 2583 1618 2664 Omnibus
1642 2610 1808 2692 presens
1821 2583 1919 2663 scri-

123 2709 238 2802 ptum
266 2691 525 2774 cernentibus
552 2691 724 2773 salutem
753 2694 795 2774 in
825 2691 895 2775 dei.
918 2693 1001 2774 lilio
1029 2693 1236 2774 crucifixo.
1285 2692 1446 2778 'fenore
1474 2697 1726 2802 presencium
1756 2721 1939 2802 presan·-

122 2807 300 2895 tibus&
328 2805 499 2912 posteris
528 2803 766 2890 innotescat.
794 2801 910 2916 quod
937 2817 1095 2912 causam
1119 2801 1439 2901 iarbabitancium
1455 2802 1715 2913 Myldatborp
1743 2805 1917 2924 &dipla-

122 2917 245 3026 thorp
278 2943 329 2996 en
362 2929 478 3024 parte
506 2942 596 2995 vna.
627 2919 667 2996 &
695 2917 988 3024 inquilinorum
1015 2901 1311 2996 denaesiohult
1336 2935 1386 2999 cx
1403 2915 1671 3025 ,partealtera
1690 2907 1916 3026 superqui-

120 3025 293 3110 busdam
321 3024 475 3135 prediis
500 3025 778 3133 Almaenninga
807 3024 936 3109 dictis.
963 3053 1101 3120 coram
1129 3024 1300 3107 diuersis
1327 3021 1530 3108 iudicibus
1559 3023 1716 3108 diucius
1743 3025 1916 3106 ventila·

11 3161 21 3170 ·
121 3157 202 3220 tam
229 3145 268 3219 8(
296 3139 497 3218 maliciose
525 3137 642 3217 nimis
671 3135 742 3218 diu
771 3154 896 3246 prout
923 3135 1192 3218 intelleximus
1218 3152 1477 3246 protractam.
1506 3133 1559 3217 ad
1588 3153 1724 3220 nostre
1759 3133 1917 3219 dudum

8 3315 15 3326 .
122 3249 379 3358 discussionis
408 3275 577 3332 examen
605 3245 1020 3332 deductamconsilio.
1052 3247 1297 3331 venerabilis
1338 3249 1465 3358 patris
1507 3247 1672 3333 domini.
1721 3243 1916 3329 Hendrici

120 3361 398 3468 Lincopensis
427 3359 608 3470 episcopi
636 3357 890 3470 aliorumque
919 3358 1185 3466 discretorum
1217 3360 1428 3457 nobiscum
1470 3353 1576 3442 tunc¹
1610 3361 1803 3468 temporis
1831 3361 1916 3438 exi·

120 3473 319 3554 stenelum
338 3472 640 3554 communicato
669 3465 932 3554 diffininimus
961 3470 1255 3553 sentencialiter
1282 3471 1326 3554 in
1349 3467 1457 3554 huuc
1485 3467 1662 3554 modum.
1692 3488 1738 3552 vt
1756 3471 1807 3555 ad
1824 3470 1915 3552 illos

120 3584 171 3667 de
205 3579 466 3690 mirklathorp
493 3587 532 3662 8(
558 3573 772 3690 litlathorp
799 3579 1124 3692 supradictorum
1154 3582 1320 3665 attineat
1348 3583 1576 3694 proprietas
1596 3581 1842 3696 prediorum.
1871 3583 1915 3661 in

119 3724 201 3807 qua
232 3722 324 3774 cum
354 3691 546 3803 predictis
574 3692 680 3774 villis
707 3691 875 3774 ecclesia
902 3693 1157 3801 lincopensis
1191 3695 1300 3776 iuxta
1340 3711 1488 3774 sortem
1531 3722 1644 3776 suam
1674 3721 1696 3774 a
1727 3693 1843 3776 nobis
1874 3695 1916 3771 in
2044 3779 2047 3788 1

119 3803 542 3909 communibussiluis
570 3830 659 3914 per,
672 3803 877 3912 quoddam
907 3802 1187 3898 concambium
1209 3804 1475 3916 conquisitam
1490 3803 1577 3884 iure
1590 3821 1790 3916 ‚perpetuo
1805 3831 1915 3910 cqrna

107 3917 353 4022 manicabit.
383 3917 439 3996 ita
468 3931 604 4012 tamen
632 3912 747 4022 quod
765 3918 911 3996 {ceteri
935 3913 996 4010 de
1014 3914 1228 3999 naesiohult
1267 3913 1517 3998 usufructum
1560 3914 1735 3996 habeant
1763 3919 1806 3996 in
1833 3918 1916 4022 ,eis-
2082 4001 2083 4004 a

118 4029 223 4112 dem.
252 4025 450 4108 videlieet.
480 4022 549 4118 lais.
578 4053 627 4105 oc
651 4023 764 4110 luuk.
790 4023 898 4134 lang.
927 4025 1202 4134 oefeaganglu
1231 4025 1354 4126 Trola
1383 4025 1915 4134 octimbirhoghwlgariter
1989 4117 1993 4122 ¹

116 4153 410 4248 nuncupatum.
441 4135 519 4218 hcc
548 4135 716 4247 prouiso
750 4137 875 4246 quod.
905 4139 1112 4218 ueteribus
1140 4141 1318 4222 contenti
1348 4135 1547 4218 duntaxat
1576 4158 1797 4240 memorata
1824 4166 1915 4246 pre

117 4251 188 4336 dia
216 4251 334 4330 nouis
364 4276 446 4329 non
477 4264 679 4356 occupent
706 4246 883 4331 edificiis.
912 4250 1232 4358 necquicquam
1261 4276 1309 4349 ex
1337 4248 1433 4356 ipsis
1460 4247 1651 4358 speciales
1673 4247 1915 4356 redigantin
2063 4249 2068 4257 '

115 4362 309 4444 culturas.
340 4378 400 4441 set
429 4357 616 4468 paschuis
643 4359 848 4470 pecudum
881 4363 922 4442 8(
949 4351 1245 4443 communibus
1265 4357 1498 4442 eorumdem
1519 4360 1608 4440 aliis
1624 4355 1759 4442 vsibns
1789 4357 1916 4466 libere

115 4471 358 4584 peremnia
398 4471 684 4580 relinquantur
718 4487 763 4552 vt
792 4473 976 4580 superius
1006 4488 1066 4550 est
1107 4496 1354 4578 expressum.
1403 4471 1467 4562 ⁴Vt
1494 4489 1628 4552 autem
1671 4500 1801 4581 super
1822 4497 1914 4580 pre·

114 4579 249 4664 missis
277 4599 412 4661 nostre
439 4583 640 4664 sentencia
668 4580 929 4665 diffinicionis
959 4577 1235 4664 irrcuocabilis
1265 4599 1441 4675 maneat¹
1462 4599 1587 4692 atque
1621 4581 1735 4663 lirma
1777 4583 1915 4692 siggil-

114 4695 204 4775 lum
234 4707 417 4771 nostrum
446 4719 527 4772 vna
553 4721 643 4772 cum
670 4695 831 4805 siggillo
859 4693 1067 4776 memorati
1096 4690 1336 4774 venerabilis
1365 4695 1493 4802 patris
1521 4691 1675 4773 domini
1692 4693 1950 4802 lincopenss·

114 4805 172 4886 sis
205 4801 258 4883 ad
288 4818 523 4911 perpetuam
551 4803 612 4880 rei
636 4807 877 4902 'memoriam
904 4810 945 4886 8(
973 4801 1223 4889 euidenciam
1251 4803 1472 4914 pleniorem
1496 4804 1750 4912 presentibus
1769 4803 1916 4932 estap-

114 4941 303 5029 pensum.
318 4914 464 4994 Datum
473 4910 750 4994 swetbnarum
758 4942 878 5014 anno.
895 4917 1060 5007 Domini
1073 4915 1471 5000 M⁰.CC⁰.LXXX⁰I·.
1487 4915 1643 4999 decimo
1655 4917 1747 4998 Kal.
1763 4914 1917 5024 aprilis.
2045 4945 2048 4955 ¹

149 5056 200 5124 rs
221 5053 388 5122 retusam
408 5054 457 5120 ne
477 5053 681 5140 emanans
708 5056 790 5120 aa
810 5055 1006 5124 masura-
1064 5056 1204 5142 sinna:
1224 5059 1286 5128 nso
1309 5077 1336 5140 t,
1355 5056 1413 5126 aa
1432 5053 1544 5144 spus
1559 5079 1654 5157 qna
1676 5078 1694 5128 2
1715 5057 1887 5124 sorana
1927 5101 1929 5109 s
