4362 5946
968 421 1025 444 -
1136 379 1214 460 322
1325 365 1404 442 -’

249 774 256 780 ³
311 615 467 738 3455
820 557 827 654 Ἰ
930 625 1076 751 1²47
1126 609 1179 714 d.
1221 603 1299 708 ad
1346 605 1475 715 Nou.
1914 611 2041 757 Lyon

239 897 247 908 ‚
382 827 470 888 Pdsv.
502 826 696 888 lnocmnts
728 823 799 886 ths
819 825 898 886 Μ
913 825 964 886 till
994 823 1167 905 llosusmgen
1189 827 1201 886 i
1228 824 1391 884 Danmark
1412 821 1484 884 med
1504 820 1642 887 tuusnnd
1662 833 1707 885 ut
1727 822 1826 887 under
1846 845 1892 886 sex
1911 827 1954 888 dn
1968 830 2043 892 utu

432 910 517 975 inum
538 905 642 980 hands
661 906 726 974 nin
746 927 767 977 ιι
788 907 886 992 pb'a‘ta
906 906 1093 989 trcdjedelen
1113 907 1151 967 af
1166 907 1226 968 den
1247 905 1296 966 till
1323 904 1353 967 Κ
1393 905 1505 965 kornas
1526 903 1690 966 under-halt
1712 907 1856 987 uslagna
1877 909 2045 989 tioudenuu·

433 987 488 1054 der
508 987 611 1054 villar
632 997 677 1050 att
697 989 757 1073 lyr
779 1010 869 1052 ornas
890 988 1072 1072 byggnader
1093 987 1294 1052 underlrdllas
1395 985 1452 1066 lius
1473 984 1631 1047 malaffas.

1527 1103 1559 1156 1.
1580 1115 1608 1158 tt
1625 1105 1683 1174 Μή.
1701 1103 1755 1163 Λιι.
1775 1103 1801 1158 5·
1821 1101 1872 1175 Ep.
1890 1105 1941 1175 Spa

466 1245 827 1431 Irgzcuetntinsgww.
870 1243 1083 1324 Carissimo
1125 1248 1167 1321 in
1206 1243 1365 1324 Christo
1396 1241 1491 1346 filio
1520 1299 1528 1318 .
1562 1240 1760 1366 .Illustri
1799 1241 1904 1346 Regi
1927 1244 2045 1336 Daca,

407 1417 414 1444 ,
617 1377 677 1430 em
765 1409 774 1428 .

426 1581 430 1590 ,
462 1495 733 1576 Benivolentia
775 1494 959 1604 specialis
993 1492 1201 1592 affectum,
1231 1524 1350 1605 quern
1381 1495 1487 1575 circa
1515 1520 1729 1602 personam
1764 1509 1873 1571 tuam
1906 1495 2051 1602 gerimus

296 1633 369 1716 per
397 1603 585 1687 effectum
619 1609 752 1714 operis
794 1621 1058 1713 exponentes,
1089 1606 1302 1686 Serenitati
1330 1621 1398 1686 tue
1427 1605 1666 1685 concessisse
1694 1601 1883 1699 dicimur,
1912 1619 1955 1681 ut
1979 1629 2051 1682 cum

295 1734 341 1798 tu
369 1743 557 1798 accensus
586 1715 673 1796 zelo
701 1715 946 1811 devotionis,
977 1744 1022 1795 ac
1051 1715 1142 1796 fidei
1170 1733 1312 1794 contra
1341 1743 1532 1823 paganos,
1548 1743 1595 1796 ac
1623 1712 1838 1810 barbaros,
1867 1715 1937 1822 qui
1968 1715 2052 1793 Neo·

294 1827 444 1936 phytos
490 1829 533 1927 in
575 1825 758 1935 partibus
802 1829 965 1906 Estonie
1012 1830 1251 1907 constitutos
1295 1823 1572 1935 multiplieiter
1599 1824 1865 1906 molestabant
1892 1838 2052 1931 potenter

295 1937 494 2057 proficisci
537 1963 786 2046 proponeres
837 1936 1083 2016 decimarum
1131 1937 1288 2017 tertiam
1331 1935 1494 2016 fabricis
1536 1937 1804 2015 Ecclesiarum
1853 1933 2053 2014 Lundensis

2138 459 2140 548 ,

2032 2045 2038 2061 .
2138 1983 2140 2060 l

295 2049 503 2156 provincie
532 2045 776 2156 deputatam,
792 2075 868 2155 pro
897 2046 1076 2127 subsidio
1106 2072 1372 2155 expensarum
1403 2066 1563 2127 tuarum
1591 2047 1634 2126 in
1676 2043 1908 2152 hujusmodi
1954 2071 2054 2124 sern-
2139 2065 2140 2126 ἰ

294 2160 353 2250 tio
382 2160 500 2239 Ihesu
529 2158 677 2239 Christi
704 2185 833 2266 usque
861 2157 913 2237 ad
942 2157 1020 2236 Sex
1049 2183 1249 2237 annorum
1278 2159 1452 2265 spatium
1481 2157 1704 2251 obtineres,
1733 2158 1789 2234 ita
1804 2171 1949 2248 tamen,
1963 2152 2052 2263 quod
2138 2167 2140 2226 l

290 2268 345 2350 de
372 2271 457 2377 ipsa
488 2266 728 2348 decimarum
758 2269 876 2348 tertia
904 2294 981 2375 pro
1009 2265 1127 2346 dictis
1154 2267 1317 2347 fabricis
1355 2269 1594 2363 sartatectis,
1624 2284 1665 2346 et
1694 2265 1958 2344 luminaribus
1979 2293 2054 2344 corr·

293 2407 406 2488 grue·
422 2379 722 2486 relinqueretur
757 2378 889 2485 pretio
919 2377 1105 2468 Ecclcsiis
1133 2379 1374 2458 memoratis.¹
1428 2375 1530 2456 cum
1558 2395 1689 2457 autern
1719 2378 1848 2456 nostri
1882 2377 1932 2454 sit
1971 2373 2054 2454 desi·

293 2489 396 2573 deuii
423 2490 670 2571 honestatem
696 2494 736 2568 &
763 2485 945 2568 ordinem
975 2489 1018 2564 in
1046 2490 1201 2567 cunctis
1230 2489 1352 2570 rebus
1380 2488 1656 2567 ecclesiasticis
1698 2488 1918 2580 observari,
1946 2486 2054 2563 Vene-

291 2601 410 2681 rabili
431 2601 564 2679 Fratri
596 2613 736 2676 nostro
764 2598 1079 2706 Archiepiscopo
1106 2596 1310 2678 Lundensi
1340 2599 1488 2678 nostris
1517 2595 1698 2678 dedimus
1727 2598 1873 2676 litteris
1910 2599 1950 2674 in
1965 2623 2055 2674 man·

154 2773 158 2781 ,
292 2708 416 2805 datis,
443 2729 489 2791 ut
516 2709 694 2788 eamdem
723 2707 967 2787 decimarum
995 2708 1151 2786 tertiam
1181 2737 1254 2816 per
1284 2709 1580 2789 Ecclesiasticus
1621 2735 1813 2816 personas
1861 2701 1983 2786 Deum
2020 2707 2057 2783 ti·

291 2837 444 2901 mentes
471 2835 513 2898 et
541 2818 729 2925 providas
758 2817 928 2898 fideliter
956 2811 1090 2923 colligi
1121 2817 1258 2915 faciat,
1289 2837 1329 2899 et
1357 2818 1554 2899 subducta
1580 2817 1726 2898 exinde
1771 2821 1960 2925 portione
1998 2842 2058 2923 pro

290 2929 532 3040 supradictis
559 2928 748 3008 fabbrieis
776 2929 1021 3017 sartatectis,
1056 2944 1097 3006 et
1126 2928 1408 3025 luminaribus,
1438 2945 1479 3007 at
1508 2931 1628 3007 etiam
1657 2956 1733 3036 pro
1762 2928 1965 3009 solvendis
2003 2926 2056 3006 de·

214 3127 219 3132 ,
289 3031 397 3139 bitis,
412 3041 561 3151 quibus
589 3038 727 3118 eedem
760 3040 935 3119 Ecclesia
966 3066 1042 3147 pro
1072 3041 1249 3146 ipsarum
1278 3039 1581 3120 necessitatibus
1609 3055 1703 3117 sunt
1734 3037 1868 3119 medio
1899 3057 2058 3145 tempore

290 3150 467 3258 obligate
494 3149 695 3230 residuam
719 3151 899 3258 predicte
929 3152 1047 3230 tertie
1077 3152 1152 3230 tibi
1181 3149 1400 3231 dummodo
1429 3168 1569 3230 contra
1599 3176 1781 3257 paganos
1810 3151 1972 3230 eosdem
2001 3175 2078 3254 pus

179 3287 182 3294 ·
290 3264 392 3342 tenti
421 3261 585 3341 brachio
613 3259 706 3340 fidei
733 3261 940 3366 negotium
969 3264 1225 3370 prosequaris
1269 3276 1461 3369 procuret
1502 3263 1658 3368 integre
1688 3261 1899 3366 assignari.
1963 3262 2057 3360 Quo·

290 3374 395 3452 circa
438 3368 721 3452 Celsitudinem
764 3385 875 3450 tuam
916 3370 1131 3451 affectione
1174 3391 1341 3480 paterna
1384 3397 1589 3478 rogamus,
1619 3373 1809 3479 quatinus
1841 3371 2059 3452 intentionis

290 3480 589 3576 rectitudinem,
620 3508 742 3587 quam
771 3482 876 3560 circa
918 3480 1148 3588 hujusmodi
1191 3483 1400 3592 negotium
1428 3483 1603 3588 gerimus
1647 3501 1800 3588 gratam
1844 3498 1922 3560 tuo
1963 3479 2059 3560 cordi

289 3595 528 3687 constituas,
558 3609 598 3671 et
626 3590 771 3696 gratia,
801 3619 919 3700 quam
950 3594 992 3670 in
1021 3591 1095 3672 hac
1124 3609 1238 3700 parte
1268 3593 1342 3672 tibi
1374 3592 1540 3672 fecimus
1582 3591 1697 3697 juxta
1741 3591 1911 3672 modum
1954 3586 2059 3698 espo-

289 3705 411 3784 situm
425 3705 468 3782 in
482 3701 683 3809 premissis
713 3717 925 3782 contentus
954 3704 1109 3798 existas,
1127 3704 1335 3810 presertim
1357 3732 1448 3782 eum
1470 3701 1637 3808 dignum
1665 3703 1736 3799 sit,
1765 3720 1806 3783 et
1848 3703 2058 3783 concedens

287 3829 404 3895 tuum
432 3839 554 3920 super
581 3812 657 3892 hiis
684 3812 739 3890 sic
768 3813 924 3920 impleri
953 3810 1211 3907 desiderium,
1240 3812 1351 3922 quod
1382 3814 1500 3892 ctiam
1518 3813 1781 3894 Ecclesiarum
1797 3812 2000 3922 profectui
2008 3826 2060 3908 ,et

288 3927 412 4034 ipsius
427 3923 572 4006 Prelati
587 3923 821 4004 consulatur
835 3925 989 4003 honori.
1023 3924 1109 4004 Dat.
1126 3925 1314 4032 Lugduni
1332 3925 1400 4006 Vl.
1418 3922 1509 4002 Kal.
1540 3923 1746 4006 Decembr.
1780 3953 1892 4004 anno
1922 3927 2060 4037 quinto.

292 4313 422 4442 346.
661 4461 670 4472 Ι
912 4329 1058 4455 1247
1108 4313 1155 4416 d.
1208 4353 1277 4458 29
1325 4316 1452 4420 Nov.
1759 4315 2061 4464 Linlropiug.

368 4531 446 4594 Birt.
466 4533 548 4596 Laus
570 4532 609 4594 Its
630 4533 641 4592 i
662 4532 836 4616 Linliiping
856 4532 934 4594 Bref
950 4531 1084 4594 rdrande
1104 4530 1275 4612 anordning
1296 4532 1334 4592 al
1349 4531 1473 4593 tionden
1495 4532 1565 4594 frdn
1587 4533 1681 4596 Slala
1701 4536 1814 4596 sochen
1835 4537 1887 4598 till
1910 4535 1972 4599 deu
1991 4535 2061 4618 uyli·

417 4633 474 4693 gen
495 4615 618 4678 tillsatte
638 4613 796 4676 Kanilens
816 4614 989 4676 underhdll.
1032 4671 1035 4682 ,
1785 4697 1807 4753 Β
1835 4701 1851 4754 3
1898 4701 1935 4770 ⁴⁶

1808 4737 1816 4753 .
1852 4713 1896 4754 :r
1936 4739 1943 4754 .

447 4792 699 4878 Lnunnuctus
730 4793 795 4902 dej
824 4795 959 4902 gracia
987 4793 1243 4901 lyncopensis
1272 4793 1496 4901 episcopus.
1528 4798 1716 4878 omnibus
1744 4800 1815 4878 has
1837 4802 1993 4879 litteras
2007 4800 2062 4904 jn·

281 4902 478 5014 spectaris
505 4903 673 4987 salutem
701 4907 746 5012 jn
776 4905 936 4985 nomine
965 4903 1078 4985 ihesu
1093 4904 1230 4985 christi
1261 4903 1440 5012 Equitati
1455 4908 1732 5014 proximum&
1746 4939 1976 4990 consonum
1990 4937 2062 4990 cer·
