4362 5946
555 538 589 606 ιΙι
809 537 867 559 -
977 509 1055 600 277
1166 527 1229 622 ³³-

142 713 340 827 possidetis
368 729 440 796 aut
468 713 511 791 in
539 709 724 791 futurum
752 715 1010 794 concessione
1031 711 1279 822 pontificum.
1304 710 1514 903 largitione
1528 735 1668 820 regum
1683 707 1749 793 uel
1764 711 1915 821 princi·
2016 719 2036 826 ζ

2040 825 2049 855 .
2128 843 2130 850 .

190 851 236 905 m.
258 824 469 905 oblacione
481 819 658 904 fidelium
673 849 744 901 seu
758 822 845 901 aliis
861 825 975 906 iustis
990 821 1120 904 modis
1134 839 1340 930 prestante
1385 823 1520 901 omino
1535 826 1719 929 poteritis
1735 821 1917 932 adipisci.

163 943 241 1018 rtira
256 937 372 1017 uobis
387 951 586 1044 perpetuo
601 949 786 1015 maneant
802 933 966 1016 illibata.
1000 935 1054 1014 Ut
1068 950 1203 1013 autem
1216 960 1296 1043 que
1312 934 1561 1041 premisimus
1575 936 1702 1016 robur
1717 933 1916 1016 firmitatis

138 1077 200 1159 per
213 1063 442 1128 successura
450 1047 669 1154 optineant
683 1047 1076 1156 tempora'presentis
1095 1043 1478 1152 scriptitastimonio
1492 1047 1794 1125 communimus.
1811 1050 1851 1124 8(
1865 1048 1917 1126 si·

137 1158 212 1268 gilli
227 1159 353 1238 nostri
368 1159 627 1264 impressione
641 1158 1168 1238 communiterrolaoramus.
1198 1156 1242 1236 Si
1270 1183 1352 1265 qua
1379 1155 1504 1262 igitur
1523 1155 1565 1232 in
1587 1153 1770 1236 futurum
1789 1156 1916 1237 eccle·

137 1273 284 1350 siastica
298 1268 540 1350 secularisue
555 1293 726 1374 persona
742 1266 837 1347 huie
852 1288 988 1349 nostre
1002 1267 1253 1349 auctoritatis
1282 1266 1496 1376 priuilegio
1511 1267 1714 1345 contraire
1736 1275 1916 1373 presum-

137 1383 266 1490 pserit.
282 1408 387 1461 ream
404 1407 446 1465 se
460 1380 602 1461 diuino
617 1378 767 1460 iudicio
782 1381 952 1489 existere
968 1396 1183 1488 cognoscat
1194 1383 1234 1460 8(
1252 1403 1276 1457 a
1305 1376 1586 1457 communione
1614 1375 1791 1458 fidelium
1820 1377 1915 1458 alie·

134 1519 218 1574 nam
249 1509 288 1571 et
317 1491 394 1585 nisi
414 1506 569 1570 reatum
589 1517 704 1572 suum
719 1517 899 1597 congrua
914 1489 1182 1571 satisfactione
1197 1489 1427 1571 correxerit.
1444 1487 1705 1570 anathematis
1719 1490 1917 1568 sententia
2024 1502 2026 1512 ’

133 1631 169 1684 se
182 1605 343 1686 nouerit
366 1599 668 1710 percellendam.
699 1601 863 1681 Cvnctis
892 1619 1026 1682 autem
1055 1602 1145 1679 loco
1161 1615 1297 1680 uestro
1312 1620 1384 1679 sua
1399 1599 1488 1678 iura
1503 1597 1758 1678 seruantibus
1771 1599 1822 1680 sit
1837 1627 1917 1706 pax
2047 1695 2049 1702 y

132 1715 389 1795 saluauatoris
418 1711 571 1792 domini
600 1715 728 1792 nostri
770 1712 852 1792 iesv
894 1712 1042 1792 christi.
1071 1727 1271 1820 quatenus
1300 1726 1341 1790 et
1368 1710 1434 1790 hic
1462 1708 1640 1789 fructum
1663 1710 1769 1789 hone
1791 1712 1916 1810 act-io-

132 1828 189 1906 nis
207 1825 446 1933 percipiant.
475 1829 515 1902 8(
542 1821 652 1930 apud
680 1834 863 1903 eternum
892 1821 1063 1903 iudicem
1092 1823 1248 1902 celestis
1277 1821 1404 1929 glorie
1434 1821 1588 1927 premia
1603 1835 1915 1929 consequantur.

130 1945 255 2017 Ausa.
288 1939 433 2014 Ausa.
452 1935 570 2013 Anas
591 1932 635 2044 *).
1241 1971 1242 1982 κ
1889 1933 1894 1944 ’

292 2047 440 2124 Datum
468 2043 543 2122 Jka
572 2069 680 2123 anno
709 2042 761 2121 ab
790 2045 1105 2124 incarnatione
1134 2044 1254 2124 uerbi
1282 2041 1493 2124 millesimo
1507 2039 1782 2122 ducentesimo
1797 2042 1916 2122 trice·

127 2160 223 2241 simo
252 2157 379 2237 tercio
408 2157 450 2236 in
477 2153 680 2235 communi
708 2154 935 2262 episcorum
962 2154 1137 2235 concilio
1166 2157 1209 2235 in
1237 2153 1377 2234 eadem
1405 2153 1612 2232 mansione
1640 2151 1808 2231 habito·

143 2299 215 2364 arn
236 2299 258 2360 s
280 2297 409 2382 Sigillen
428 2307 482 2361 aa>
503 2297 681 2378 somam,
702 2317 774 2360 men
795 2298 873 2361 aaa
893 2295 1128 2359 suess-adame
1150 2296 1199 2358 tm
1220 2295 1272 2358 aet
1293 2275 1457 2360 mearam
1478 2289 1539 2356 0012
1559 2293 1895 2360 lancastrensium
1976 2345 1985 2372 ,.
2113 2293 2116 2300 ·

810 2433 811 2438 ,
861 2380 963 2463 &friga
982 2381 1079 2444 finues
1098 2400 1185 2464 qvar.

215 2500 222 2528 ⁸
296 2492 314 2550 l

126 2603 349 2725 28ss
485 2534 489 2546 Ι
589 2595 590 2600 ¹
813 2617 1231 2764 1233-1247.

79 2791 82 2798 Ι
198 2837 384 2899 Gdsvobref
398 2837 435 2898 al
451 2837 531 2899 Bisk.
551 2839 633 2900 Lars
654 2841 664 2898 i
685 2839 860 2924 Linkiiping
880 2837 1096 2924 pi'dtsiilliga
1116 2837 1263 2904 hammon
1297 2839 1345 2902 till
1366 2837 1420 2904 det
1450 2841 1488 2902 af
1513 2835 1630 2902 honam
1666 2837 1721 2900 vid
1751 2838 1913 2922 Domlsyr-

255 2921 319 2982 kan
339 2921 491 2983 deratides
517 2920 668 2982 inrattade
689 2922 774 3003 sjette
795 2923 1012 3000 Canonicatct3
1034 2923 1107 2984 med
1127 2924 1250 3008 uppgilt
1270 2923 1371 2986 tillika
1392 2924 1434 3009 pt
1453 2922 1607 3006 aokifflge
1628 2921 1743 3000 andra,
1764 2922 1814 2983 till
1834 2923 1913 3005 kyr-

195 3099 203 3104 .
247 3004 334 3088 ‚kaus
354 3003 414 3065 och
436 3004 709 3087 biskopsemhetets
728 3005 829 3116 basta3
850 3006 996 3088 vidtague
1017 3006 1181 3110 anstalten

1592 3119 1666 3176 M:
1695 3120 1752 3191 raa
1780 3092 1809 3188 ,Γ

296 3256 504 3335 Vniuersis
545 3256 873 3340 christifidelibus
912 3278 994 3340 tam
1038 3260 1209 3372 posteris
1274 3283 1396 3365 quam
1445 3254 1700 3366 presentibus
1747 3280 1913 3362 presen-

108 3383 169 3449 tes
217 3367 379 3446 litteras
420 3368 565 3446 visuris
607 3369 670 3446 vel
701 3370 900 3451 audituris
936 3372 981 3448 L.
1013 3371 1150 3450 diuina
1187 3369 1445 3448 miseracione
1476 3367 1730 3477 lyncopensis
1758 3368 1914 3474 episco-

103 3507 197 3587 pus.
230 3479 407 3558 salutem
435 3478 667 3571 innomine
695 3481 777 3559 iesu
807 3481 945 3562 christi
974 3483 1179 3583 Quoniam
1207 3475 1393 3560 dominus
1422 3477 1520 3559 deus
1555 3479 1628 3589 qui
1647 3477 1913 3558 'de-stercore

100 3617 341 3698 pauperem
371 3589 507 3696 erigit,
536 3617 611 3668 nos
639 3589 732 3670 licet
760 3590 973 3697 jndignum
1002 3593 1236 3700 episcopum
1273 3590 1490 3685 constituit¹
1507 3591 1551 3698 jn
1579 3588 1745 3670 ecclesia
1774 3588 1913 3696 lynco-

98 3702 223 3808 pensi
248 3697 317 3780 ¹ad
346 3693 540 3779 honorem
570 3701 695 3807 ipsius
724 3699 797 3810 quj
827 3700 950 3807 digne
978 3719 1018 3780 et
1048 3700 1474 3781 laudabiliteranobis
1484 3701 1635 3780 'existat
1649 3696 1913 3781 honorandus

34 3849 38 3858 ·
94 3839 184 3893 uon
219 3810 284 3891 ad
315 3809 471 3890 laudem
501 3811 702 3892 hominem
729 3813 978 3891 Canonicum
1011 3830 1169 3892 sextum
1189 3811 1427 3919 jnuestimus
1443 3812 1488 3920 jn
1502 3811 1666 3892 ecelesia
1680 3824 1913 3906 memorata,

91 3926 356 4030 magistrum
382 3920 569 4002 videlicet
598 3923 806 4003 henricum
834 3922 913 4002 sibi
940 3929 979 4002 8(
1007 3919 1317 4003 successoribus
1333 3923 1414 4002 suis
1443 3921 1692 4031 prebendam
1708 3921 1753 4027 jn
1767 3945 1911 4028 perpe·
1957 3995 1961 4014 ,

90 4049 218 4114 tuum
255 4033 512 4140 assignantes
541 4033 591 4114 de
621 4032 771 4141 prediis
801 4050 940 4113 nostro
969 4037 1105 4142 precio
1135 4035 1391 4140 comparatis..
1417 4062 1499 4143 que
1534 4062 1608 4142 per
1637 4033 1790 4110 litteras
1839 4055 1911 4110 no·

85 4161 199 4253 atras
236 4161 334 4222 tam
362 4142 595 4224 futurorum
623 4171 744 4252 quam
774 4171 1025 4254 presencrum
1054 4147 1202 4224 noticie
1229 4144 1565 4225 commendamus.
1605 4144 1687 4224 Nos
1701 4169 1912 4251 compara·
2020 4235 2024 4248 Ι

80 4258 234 4368 nimus
272 4253 397 4334 duos
413 4256 643 4333 octonarios
671 4254 715 4361 jn
744 4257 950 4334 mansione
980 4257 1145 4336 ecclesie
1173 4252 1419 4336 stukkaruth
1448 4281 1525 4362 pro
1553 4257 1764 4338 octonario
1794 4259 1832 4331 &
1848 4252 1910 4332 di-

78 4368 223 4448 midio
242 4364 320 4472 J'n
348 4363 441 4444 villa
472 4391 551 4473 que
581 4368 814 4459 nominatur
851 4366 1070 4447 heslistadh
1098 4371 1138 4445 8(
1167 4365 1334 4446 dimidio
1376 4364 1627 4459 vidhistadh‚
1671 4363 1911 4444 duoscom·

73 4481 357 4587 parauimus'
381 4474 424 4581 jn
453 4475 551 4554 villa
580 4503 660 4585 que
689 4478 921 4555 nominatur
951 4476 1064 4557 lund.
1086 4484 1123 4556 8(
1142 4479 1186 4584 ju
1203 4478 1341 4584 precio
1355 4474 1606 4576 reddidimus
1620 4501 1688 4554 rus
1703 4473 1910 4583 quoddam
2004 4487 2027 4563 .'

70 4592 274 4672 ecclesie
312 4584 426 4712 quod
456 4588 663 4666 annuatim
694 4588 888 4694 persoluit
904 4587 1111 4669 dimidiam
1126 4588 1327 4667 marcham
1342 4611 1595 4668 nummorum
1611 4613 1688 4693 pro
1710 4585 1787 4666 hoc
1814 4613 1910 4671 rure
2012 4648 2020 4660 .

66 4715 443 4809 comparaur'mus
471 4698 624 4778 bonum
644 4698 928 4779 molendinum
957 4701 1122 4779 ecclesie
1150 4695 1263 4808 quod
1292 4726 1400 4780 nunc
1430 4700 1576 4778 attinet
1590 4698 1910 4804 mansionjhve·

63 4812 245 4895 teland.
289 4825 339 4888 et
368 4807 425 4913 jn
454 4805 530 4887 deo
559 4825 660 4889 teste
689 4808 854 4888 meliora
883 4809 1131 4891 reddidimus
1146 4809 1311 4890 ecclesie
1332 4837 1407 4890 neo
1437 4838 1519 4889 non
1547 4816 1593 4889 8(
1614 4805 1775 4888 utiliora
1804 4810 1909 4888 Nor-

62 4926 262 5018 malpso'
290 4922 620 5025 comparauimus
648 4921 811 5000 ecclesie
840 4926 1093 5001 octonarium
1123 4929 1162 5001 8(
1189 4939 1376 5032 ‹prartam
1392 4939 1546 5028 partem
1560 4919 1723 5000 alterius
1743 4936 1910 5001 octona·
1970 4939 1974 4948 ’

56 5109 61 5120 ·
99 5105 130 5178 ¹¹)
158 5101 251 5159 Den
278 5093 433 5178 fiiljande
454 5094 494 5178 pa
515 5097 561 5192 giu
581 5095 719 5156 atirakilta
740 5094 799 5158 rad
819 5055 1007 5157 anteckuadc
1030 5095 1331 5175 tidsbesttmmelsen,
1353 5095 1454 5162 ehuru
1473 5096 1610 5163 altisven
1630 5098 1703 5162 med
1724 5087 1849 5181 mychel
1869 5097 1910 5161 fi·

145 5201 248 5247 nare
276 5174 357 5242 och
376 5185 470 5240 utare
489 5177 549 5259 sul,
570 5197 658 5264 syres
679 5177 760 5241 dock
781 5201 856 5242 sara
877 5179 914 5241 af
929 5199 1046 5242 samma
1065 5178 1158 5243 hand.
