4362 5946
197 2295 198 2298 a
306 2213 538 2296 Decembris
565 2210 825 2293 Pontificatus
853 2217 979 2293 nostri
1007 2219 1126 2293 Anno
1151 2217 1319 2298 Octavo.

742 385 1414 530 ff-xsasss
2154 485 2159 729 p

173 671 178 678 ’
310 663 442 776 381.
957 667 1107 769 1250
1153 662 1452 772 d.3Dec.
1785 633 1791 828 Ἰ
1849 625 1859 706 f
1923 673 2052 820 Lyon
2153 736 2160 901 p

383 881 478 964 Pdln
494 879 690 982 lmounms
710 877 782 943 Ns
803 879 882 942 Bref
896 878 944 942 till
965 882 1096 946 Prosten
1115 883 1177 947 och
1200 885 1446 984 D⁰mkss⁸l³ffl⁰tli
1466 886 1586 988 Upssle
1616 884 1896 984 medsladfe'slelse
1915 913 1932 950 a
1949 893 2056 973 alind
2156 906 2160 1016 p

323 1042 326 1050 Ι
433 963 472 1028 ul
479 964 570 1027 ‘lbrre
590 961 724 1042 Penas,
745 983 812 1025 som
833 963 871 1024 as
887 959 1058 1048 Konunger
1078 966 1139 1029 och
1160 969 1287 1074 Furstar
1307 992 1318 1030 1
1339 969 1480 1072 Summe,
1502 969 1675 1032 lbrrmnnde
1695 969 1755 1032 fn·
1775 969 1836 1032 och
1854 972 2023 1056 rsthgbeter.
2157 1070 2158 1086 ἵ

1732 1149 1736 1159 ,
1777 1084 1814 1140 A.
1834 1103 1858 1160 t.
1872 1104 1896 1141 ι.
1912 1088 1951 1142 21:

469 1215 739 1298 Jnnocnnnus
755 1215 968 1323 episcopus
988 1240 1127 1296 seruus
1150 1245 1363 1299 seruorum
1386 1218 1463 1303 dei.
1491 1220 1655 1301 Dilectis
1682 1219 1773 1300 niis
1802 1282 1812 1300 .
1841 1281 1851 1301 .
1880 1225 2059 1332 Proposito
2157 1235 2158 1241 ‘

226 1323 255 1380 '⁸
303 1348 345 1414 et
371 1326 559 1438 Capitulo
586 1324 748 1408 ecclesie
777 1327 1005 1434 Vpsalensi,
1035 1325 1211 1410 Salutem
1241 1329 1570 1439 &apostolicam
1613 1330 1944 1414 benedictionem.
1979 1335 2062 1416 Cum
2157 1376 2159 1421 t

185 1439 189 1442 ’
305 1471 331 1522 a
356 1440 476 1521 nobis
503 1438 655 1548 petitur
671 1441 754 1516 &c
784 1439 1010 1546 Eapropter
1037 1437 1174 1519 dilecti
1201 1441 1246 1520 in
1274 1439 1439 1521 domino
1467 1441 1541 1549 filij
1575 1434 1720 1522 uestris
1754 1444 1869 1522 iustis
1911 1447 2064 1555 postula·
2155 1437 2159 1520 l

302 1551 483 1634 tionibus
508 1569 625 1658 grato
660 1565 944 1628 concurrentes
978 1575 1140 1628 assensu
1176 1578 1313 1631 omnes
1348 1552 1551 1632 libertates
1579 1559 1620 1633 8r
1648 1553 1916 1636 immunitates
1944 1586 1966 1635 a
1991 1583 2066 1663 pre·

302 1659 579 1746 decessoribus
608 1661 752 1740 nostris
783 1660 974 1738 Romanis
1002 1659 1259 1766 pontificibus
1287 1662 1452 1742 ecclesie
1480 1679 1614 1750 uestro
1646 1666 1861 1760 concessis,
1904 1693 1974 1746 nec
1999 1695 2069 1748 non

304 1772 510 1853 libertates
538 1769 878 1876 &exemptiones
912 1769 1151 1850 secularium
1194 1775 1448 1853 exactionum
1477 1775 1637 1854 aelate
1679 1776 1868 1855 memorie
1910 1777 2068 1883 Regibus
2155 1793 2160 1947 p

303 1889 345 1964 br
370 1882 625 1989 Principibus
653 1880 782 1988 Regni
810 1880 946 1960 Suetie
974 1879 1147 1989 alijsque
1175 1881 1314 1963 christi
1343 1883 1529 1964 fidelibus
1557 1885 1851 1966 rationabiliter
1880 1887 1996 1966 uobis
2021 1888 2072 1964 in·
2157 1966 2159 1994 1

304 1992 438 2075 dultas
465 1992 705 2072 auctoritate
731 1990 950 2098 apostolica
978 1991 1268 2073 confirmamus.
1299 2013 1338 2075 et
1368 1996 1563 2103 presentis
1585 1997 1724 2105 scripti
1739 1999 1966 2104 patrocinio
1980 2023 2072 2076 com·
2157 1997 2158 2024 ¹

231 2183 238 2188 ,
286 2103 514 2183 munimus.
543 2102 656 2184 Nulli
678 2127 781 2209 ergo
808 2107 882 2187 &e
910 2121 1048 2184 nostre
1074 2105 1389 2192 confirmationis
1418 2111 1491 2186 &c
1521 2107 1669 2188 Datum
1696 2106 1889 2214 Lugduni
1911 2107 2074 2189 HI'Non.
2160 2126 2161 2130 '

2058 2273 2060 2282 ’
2160 2274 2162 2325 l

752 2351 919 2435 Bbeull'an
939 2351 1107 2437 vidhsnger
1127 2357 1138 2417 i
1158 2355 1235 2419 rdda
1256 2357 1316 2420 och
1337 2359 1411 2441 gula
1437 2357 1644 2422 sillestrddar.

310 2646 442 2754 382.
570 2765 571 2770 a
941 2647 1093 2752 1250
1136 2646 1184 2751 d.
1235 2687 1263 2788 7
1312 2649 1433 2754 Dec.
1932 2649 2083 2794 Lyon.

386 2863 478 2930 ren.
498 2862 785 2928 {monuments
805 2865 883 2926 Bref
898 2865 948 2928 till
968 2862 1156 2928 isle-Bislo
1180 2886 1217 2927 en
1238 2867 1249 2927 i
1268 2865 1387 2951 Upsala
1409 2863 1469 2928 och
1480 2863 1817 2949 hansLyd-Bislropar‚
1839 2867 1916 2928 med
1939 2868 2087 2929 macelin
2161 2879 2163 2896 ³

437 2957 484 3010 att
503 2946 692 3028 Konungen,
714 2946 814 3008 Adeln
835 2947 896 3009 och
916 2947 1079 3029 Allmogen
1105 2948 1144 3012 hs
1185 2950 1284 3010 ncller
1310 2951 1377 3010 iclre
1404 2950 1503 3011 slulle
1524 2947 1880 3032 lalla’lrledliskopar
1902 2950 1967 3012 och
1990 2951 2086 3011 Bislo·
2161 3026 2162 3029 Ἴ

438 3051 512 3114 par,
534 3039 607 3090 utan
625 3039 671 3090 att
690 3028 774 3091 desse
805 3031 905 3092 slulle
939 3031 1033 3113 ve'ljas
1054 3031 1091 3092 af
1107 3031 1373 3114 Dum-Kapitlen,
1404 3031 1465 3093 och
1496 3031 1559 3103 alla
1589 3031 1636 3092 tin
1668 3028 1918 3114 isle-Riskeps-
1948 3033 2027 3094 eller
2046 3034 2091 3094 n-
2162 3032 2163 3037 ’

438 3112 625 3198 skopsstolen
645 3110 785 3175 bdrande
805 3113 971 3175 inlomster
992 3111 1052 3174 och
1072 3114 1259 3195 egendomar
1279 3112 1380 3175 bdllus
1400 3113 1624 3176 estertrtdarne
1645 3113 1823 3194 oni-syene
1844 3114 2015 3176 tillbanda

1724 3227 1760 3280 A.
1782 3243 1803 3277 r.
1822 3244 1847 3279 ι.
1866 3243 1913 3280 aa.
1934 3227 1968 3296 ⁴¹)

472 3350 738 3444 innocencius
768 3362 979 3472 episeopus
1008 3389 1149 3443 seruus
1175 3389 1384 3443 seruorum
1427 3360 1507 3468 dej.
1551 3361 1861 3441 Venerabilibus
1897 3359 2095 3441 fratribm

296 3503 316 3560 ¹.
346 3537 355 3557 .
383 3473 699 3580 Archiepiscopo
728 3472 942 3580 Vpsalensi
983 3474 1147 3582 eiusque
1167 3472 1443 3581 suffraganeis,
1473 3487 1513 3552 et
1542 3472 1708 3552 Dilectis
1725 3470 1816 3577 filijs
1845 3470 1952 3551 Toti
1985 3470 2097 3550 Clero
2161 3496 2163 3536 ³

295 3586 438 3696 Regni
465 3583 611 3664 Suetie.
641 3583 814 3662 Salutem
843 3599 884 3662 et
912 3583 1171 3690 apostolicam
1194 3577 1524 3663 benedictionem.
1556 3586 1658 3662 Cum
1679 3611 1708 3678 a
1717 3581 1834 3662 nobis
1849 3585 2021 3687 petitur
2034 3587 2099 3660 &c

297 3693 430 3778 ‘Lecta
458 3691 656 3804 siquidem
683 3689 802 3772 nobis
830 3721 877 3774 ex
908 3709 1021 3800 parte
1044 3695 1327 3773 Vniuersitatis
1362 3709 1495 3774 uestre
1529 3695 1671 3801 petitio
1706 3691 1952 3773 continebat
1996 3689 2100 3802 quod

279 3795 399 3888 “cum
426 3803 582 3888 dudum
610 3806 652 3883 in
681 3803 822 3910 Regno
850 3805 984 3884 Suetie
1013 3803 1185 3912 quedam
1215 3803 1571 3911 consuetudoque
1600 3799 2104 3910 corrupteladicendaest
2164 3821 2165 3856 ³

306 3921 443 4000 uerius
457 3915 629 4011 inolent,
659 3911 859 4014 uidelicet;
889 3931 935 3993 ut
963 3913 1271 3994 Cathedralibus
1300 3912 1475 4020 ecelesijs
1498 3914 1627 4022 ‘ipsius
1658 3913 1787 4019 Regni
1814 3932 1920 3991 non*
1936 3913 2103 4021 prefice·
2161 3863 2165 4014 l

297 4045 447 4110 'rentur
475 4025 601 4134 aliqui
630 4026 705 4105 nisi
733 4034 835 4132 quo's
862 4025 906 4103 in
934 4025 990 4104 eis
1019 4026 1175 4104 institui
1202 4026 1268 4104 uel
1296 4022 1460 4118 destitui
1510 4026 1646 4132 potius
1682 4049 1755 4130 per
1797 4023 2009 4104 secularis
2040 4047 2108 4132 po·
2163 4041 2165 4180 p

305 4140 458 4222 testatis
476 4138 699 4246 potentiam
715 4127 833 4241 Regis
847 4135 975 4214 silicet
988 4135 1254 4226 et-Baronum,
1272 4162 1345 4214 nec
1360 4157 1443 4213 non
1457 4145 1510 4214 ‘et
1523 4133 1577 4214 ad
1599 4134 1812 4212 clamorem
1841 4137 2111 4216 tumultuan·
2161 4139 2165 4212 ’.

308 4251 360 4332 tis
390 4248 537 4357 Populi
565 4247 693 4354 Regni
722 4243 894 4354 predicti
922 4261 1062 4325 contra
1090 4272 1297 4326 sacrorum
1324 4257 1474 4325 statuta
1503 4272 1704 4324 canonum
1732 4244 2019 4352 contingebat
2036 4247 2110 4323 Ve-
2162 4243 2165 4388 p

164 4359 170 4370 ’
307 4360 500 4441 nerabilis
527 4357 654 4438 frater
681 4372 855 4435 noster.
892 4356 1157 4437 ,Sabinensis
1194 4357 1418 4464 Episcopus
1460 4371 1559 4434 tune
1587 4357 1630 4433 in
1659 4353 1842 4462 partibus
1885 4355 1987 4436 illis
2021 4381 2115 4466 spo·
2163 4395 2165 4452 l

293 4470 447 4552 ¹stolice
477 4469 581 4550 sedis
609 4468 774 4576 legatus,
802 4483 882 4547 tam
911 4465 1145 4546 detestande
1173 4467 1486 4573 presumptionis
1521 4465 1689 4545 abusum
1718 4461 1950 4571 diligenter
1985 4481 2113 4548 atten·
2163 4459 2165 4550 l

309 4577 409 4659 dens
437 4609 483 4662 ac
510 4579 650 4660 volens
677 4603 799 4682 super
826 4577 904 4657 hoc
939 4576 1101 4658 salubre
1129 4574 1349 4656 remedium
1377 4575 1566 4656 adhibere
1595 4572 1769 4683 prouida
1802 4574 2118 4658 deliberatione
2164 4621 2165 4624 κ

310 4689 450 4767 statuit
476 4706 523 4769 ut
549 4692 593 4769 in
620 4686 786 4795 singulis
801 4688 1054 4769 ecclesiarum
1071 4687 1257 4794 ipsarum,
1274 4687 1317 4764 in
1331 4687 1479 4796 quibus
1494 4685 1625 4766 adhuc
1640 4684 1827 4794 Capitula
1842 4686 1975 4766 nulla
2003 4703 2118 4768 erant

309 4824 415 4878 rur-us
442 4798 620 4879 Prelatus
648 4798 817 4880 idoneus
844 4805 883 4878 &
911 4798 963 4879 ad
990 4799 1120 4879 minus
1145 4797 1342 4906 'Quinque
1374 4797 1568 4876 Canonici
1603 4795 1831 4878 habeantur
1873 4823 1968 4903 per
2020 4819 2121 4910 quos

351 5039 376 5113 *l
398 5037 510 5097 Finnes
531 5035 590 5096 ock
611 5039 621 5097 i
643 5039 679 5097 Α.
703 5058 728 5099 ι.
749 5039 778 5100 d.
799 5037 819 5098 5
840 5039 946 5101 vidim.
966 5037 1003 5099 al
1017 5038 1087 5100 Not.
1107 5037 1199 5101 Publ
1221 5039 1256 5100 P.
1278 5037 1440 5102 Tidechini
1463 5040 1472 5098 i
1493 5037 1612 5122 Upsala
1633 5038 1662 5099 d.
1689 5057 1723 5120 ¹7
1746 5038 1816 5098 Oct
1842 5035 1946 5112 ¹43²·

2157 5071 2165 5130 l

2157 5569 2165 5626 ,
