4370 5950
805 443 1221 559 ..107¹-

111 669 313 766 lectionis,
342 677 381 753 &
409 669 604 752 doctrinae
632 672 872 780 poterimus,
901 673 1034 782 parati
1062 700 1199 753 sumus
1227 672 1264 754 ei
1291 671 1541 780 impendere,
1563 689 1743 757 materna
1757 671 1902 783 saepius

109 780 253 879 vbera,
283 811 406 892 quam
434 799 603 892 paterna
633 782 802 864 verbera
832 784 1070 892 porrecturi.

114 1104 246 1284 83.¹
752 1273 756 1282 .
803 1181 1238 1327 1178-1'196.

197 1399 315 1482 Bislop
335 1401 488 1463 Srrrarrs
507 1401 517 1461 i
537 1401 677 1464 Toumai
697 1421 771 1462 svar
792 1403 842 1464 till
865 1401 1045 1466 drle-Bisk.
1067 1405 1207 1469 Arsame
1231 1405 1242 1465 i
1263 1395 1364 1481 Limd,
1377 1398 1903 1488 angaleudesortstttniugenal'lla·

78 1493 81 1498 '
237 1483 330 1544 niken
355 1482 407 1544 vid
419 1483 463 1545 St.
486 1483 665 1561 Genetera,
687 1486 804 1547 Parma
826 1487 1056 1570 vetenslapliga
1079 1487 1229 1569 bildning.
1391 1491 1410 1530 '·
1478 1525 1485 1536 ι
1522 1527 1527 1547 f
1682 1519 1685 1524 ·
1762 1485 1798 1541 Π.
1838 1505 1861 1536 ==
1884 1493 1913 1534 ἰ

1434 1601 1471 1656 tt.
1490 1601 1521 1654 l:
1536 1611 1567 1654 aa
1584 1601 1646 1655 51¹.
1663 1613 1709 1656 nto
1726 1617 1769 1673 97.

349 1734 551 1841 Londenei
572 1735 875 1845 Archiepiseopo
893 1766 974 1849 pro
1001 1741 1126 1818 Petro
1153 1737 1350 1850 Caoomssco
1379 1736 1421 1815 S.
1451 1735 1679 1838 Gerrouefae.
1788 1704 1792 1714 .

278 1875 457 1956 Hilarem
491 1876 554 1956 sui
588 1876 743 1983 praebet
779 1879 1012 1987 opinionem
1047 1878 1298 1976 adolescens,
1333 1879 1447 1960 ouius
1484 1881 1590 1959 inter
1618 1881 1743 1960 aetatis
1770 1881 1906 1980 initia,

109 1988 274 2068 virtutis
301 1979 449 2068 indicia
478 1987 720 2071 coalescunt.
778 1989 1016 2098 Respieiunt
1058 1991 1142 2071 hoec
1170 1993 1213 2070 P.
1242 2005 1427 2072 nostrum
1455 1990 1606 2097 pariter
1635 2017 1683 2070 ao
1710 2006 1906 2088 vestrum,

111 2099 185 2209 qui
233 2099 442 2180 vobiscum
498 2095 693 2205 regularis
743 2099 946 2207 professus
995 2099 1233 2183 obedienter
1281 2101 1457 2208 suscepit
1499 2107 1539 2180 8(
1587 2097 1814 2184 doctrinam
1854 2102 1910 2182 in

112 2207 276 2316 studijs,
311 2212 351 2290 8(
385 2209 428 2287 in
470 2207 649 2288 moribus
698 2208 964 2320 disciplinam.
1041 2214 1095 2290 Et
1130 2212 1324 2320 quoniam
1359 2212 1403 2290 in
1444 2237 1493 2291 eo
1533 2211 1700 2318 spiritus
1742 2211 1912 2320 quidem

112 2336 345 2428 promptus,
374 2345 470 2398 caro
498 2334 632 2398 autem
660 2320 835 2416 infirma,
865 2319 1087 2401 secundum
1116 2321 1348 2404 mandatum
1375 2336 1554 2402 vestrum
1574 2321 1691 2400 vobis
1705 2347 1908 2402 commen·

112 2431 255 2512 damus
283 2456 378 2534 eum
403 2434 442 2510 8(
469 2430 764 2526 committimus,
801 2433 925 2513 satius
953 2433 1196 2528 aestimantes
1223 2438 1262 2510 8(
1289 2433 1443 2539 gratius
1472 2457 1563 2511 eum
1592 2428 1701 2537 apud
1729 2459 1802 2513 vos
1822 2459 1910 2526 mo·

113 2539 215 2636 rari,
259 2567 380 2649 quam
415 2538 525 2647 apud
562 2567 637 2619 nos
671 2543 785 2620 mori.
853 2539 1022 2623 Infestae
1059 2559 1268 2652 quartanae
1296 2541 1497 2623 molestias
1525 2541 1669 2621 crebro
1698 2543 1840 2638 sentit,
1870 2547 1912 2625 8(

113 2651 221 2731 illius
249 2649 516 2732 infestationis
543 2650 724 2762 reliquiae
752 2650 857 2733 diem
885 2669 1073 2763 nostrumx
1098 2668 1226 2761 agunt
1256 2653 1343 2733 sibi.
1401 2651 1486 2732 Soli
1500 2649 1646 2731 natalis
1660 2655 1700 2731 8(
1714 2651 1917 2745 naturalis.

113 2763 217 2842 a'eris
255 2759 448 2843 beneficio
480 2789 597 2870 posse
633 2755 765 2843 iuuari
794 2760 992 2842 oredimus
1022 2779 1187 2854 teneros
1212 2765 1339 2842 aetatis
1367 2789 1511 2860 annos,
1540 2767 1580 2843 8(
1605 2760 1794 2856 humores
1827 2787 1919 2841 ma·-

112 2873 239 2953 ternis
274 2870 467 2953 vberibus
502 2869 656 2952 infusos
690 2889 861 2981 paterno
892 2872 1009 2962 simul
1038 2879 1078 2954 8(
1106 2889 1290 2958 materno
1317 2872 1463 2954 solatio
1490 2869 1713 2954 confoueri.
1772 2873 1910 2954 Vnum

111 3000 174 3064 est
208 2977 321 3091 quod
355 2981 393 3060 ei
433 2982 538 3075 sicut
571 2982 655 3062 filio
689 2984 893 3064 carissimo
921 2982 1186 3084 consulimus,
1214 2981 1467 3079 mandamus,
1496 2988 1536 3064 8(
1564 2982 1836 3090 precipimus,
1866 2998 1911 3060 vt

111 3091 309 3206 quamdiu
344 3092 387 3171 in
420 3108 530 3174 terra
566 3093 636 3172 illa
671 3120 823 3176 moram
860 3089 999 3174 fecerit
1027 3095 1164 3201 vagari
1192 3121 1278 3176 non
1306 3093 1473 3200 incipiat
1502 3108 1594 3200 post
1622 3118 1764 3199 greges
1792 3089 1916 3174 soda·.

110 3203 213 3284 lium
249 3229 413 3308 suorum
440 3203 701 3306 secularium
731 3202 816 3305 sed,
839 3221 908 3284 aut
937 3205 981 3283 in
1009 3203 1186 3286 claustro
1200 3204 1453 3312 regularibus
1467 3201 1690 3310 disciplinis
1705 3200 1909 3296 intendat,

112 3343 207 3398 oum
242 3309 445 3410 fratribus
462 3314 556 3406 ‚suis
590 3313 665 3394 sub
702 3313 923 3394 venerabili
960 3311 1083 3396 fratre
1111 3331 1253 3394 nostro
1297 3315 1373 3392 Vv.
1418 3312 1592 3396 Domino
1620 3313 1911 3408 seruientibus,
2007 3343 2018 3354 ·

112 3442 187 3506 aut
225 3421 412 3534 quotiens
448 3411 487 3505 8(
522 3422 690 3533 quando
717 3426 926 3506 volueritis
954 3423 1164 3506 vobiscum
1192 3426 1234 3506 in
1262 3424 1374 3508 curia
1402 3443 1534 3506 vestra
1577 3422 1764 3531 religiose
1794 3413 1910 3501 ¹sicut

113 3536 231 3618 decet
259 3537 298 3616 8(
324 3533 489 3644 expedit
517 3547 792 3616 conuersetur.
850 3532 975 3638 Quod
1004 3549 1137 3616 autem
1164 3532 1216 3614 de
1244 3536 1333 3642 ipso
1361 3535 1480 3615 nobis
1502 3558 1576 3641 per
1592 3530 1745 3613 litteras
1760 3548 1912 3612 vestras

112 3645 349 3740 intimastis,
377 3644 442 3724 vel
470 3645 513 3724 in
542 3643 676 3726 monte
704 3646 767 3725 vel
796 3645 839 3724 in
871 3644 1153 3726 Parisiensium
1181 3644 1418 3726 secularium
1432 3641 1600 3740 scholas,
1628 3648 1668 3724 8(
1682 3641 1912 3724 venditores

114 3746 299 3839 aelorum
333 3754 549 3853 mittendo,
584 3755 695 3836 salua
723 3755 855 3864 gratia
883 3774 1017 3839 vestra
1044 3782 1130 3837 non
1158 3752 1421 3850 admittimus,
1449 3755 1640 3865 quoniam
1668 3749 1919 3835 institutioni.
1969 3799 1977 3812 ·

116 3886 264 3950 nostrae
292 3884 494 3975 repugnat
521 3873 562 3950 &
578 3863 888 3961 consuetudini,
912 3867 1016 3946 sieut
1031 3865 1252 3974 peripsum
1266 3864 1530 3974 praesentibus
1544 3861 1740 3944 fratribus
1758 3887 1913 3948 nouum
1969 3963 1974 3970 ,

119 3993 376 4088 proponetur
418 3976 692 4083 spectaculum
734 3974 849 4104 quod
878 3974 1025 4056 futuris
1062 3977 1334 4083 perniciosum
1369 3975 1550 4056 trahatur
1585 3975 1629 4052 in
1672 3970 1910 4077 exemplum.
1967 3973 1973 3981 “

30 4169 35 4176 .
118 4089 253 4169 llabet
291 4089 333 4167 in
368 4084 553 4166 claustris
586 4089 785 4194 sapientia
821 4086 979 4194 regulas
1009 4113 1122 4183 suas,
1149 4088 1307 4195 erigens
1334 4084 1413 4166 sibi
1440 4083 1615 4180 scholas,
1644 4078 1739 4160 inde
1764 4081 1913 4162 verita·

119 4201 190 4297 tis,
227 4199 324 4278 binc
355 4198 526 4278 virtutis.
585 4194 710 4302 Quod
738 4197 772 4276 si
799 4195 905 4278 forte
934 4195 1147 4302 consilium
1175 4214 1354 4278 vestrum
1383 4198 1426 4278 in
1452 4195 1530 4278 hoo
1558 4191 1840 4286 declinauerit,
1868 4207 1915 4272 rt

118 4307 171 4390 de
208 4307 387 4416 regulari
423 4307 643 4389 secularem
671 4306 802 4390 facere
830 4305 1100 4404 contendatis,
1127 4307 1244 4392 aliam
1272 4334 1395 4418 quam
1424 4306 1599 4388 Parisios
1626 4299 1842 4398 ciuitatem,
1871 4302 1915 4382 in

118 4447 202 4530 qua
245 4415 470 4515 studuerat,
506 4417 660 4525 eligite,
697 4445 749 4500 ne
785 4419 828 4497 in
864 4418 991 4503 oeulis
1020 4417 1164 4505 vestris
1193 4441 1270 4526 pro
1298 4418 1497 4500 matutino
1525 4418 1565 4494 8(
1591 4410 1824 4518 vespertino
1853 4441 1914 4493 sa·

119 4527 273 4609 orificio
316 4528 429 4637 quod
473 4529 683 4609 nobiscum
724 4525 874 4608 offerre
911 4525 1119 4625 debuerat,
1164 4529 1340 4610 Domino
1381 4526 1599 4608 verborum
1642 4522 1832 4629 strepitus
1876 4528 1941 4609 8(.

121 4638 442 4750 disputationum
470 4637 675 4720 anfractus
702 4637 866 4734 offerat,
893 4643 936 4732 8(
962 4637 1069 4723 vnde
1098 4642 1346 4752 sperauimus
1376 4635 1570 4733 fructum,
1598 4647 1782 4720 vertatur
1798 4631 1915 4716 nobis

122 4752 164 4832 in
192 4749 463 4863 opprobrium
491 4755 529 4832 8(
558 4762 844 4856 contemptum.
953 4811 967 4832 ‚
