4362 5946
990 547 1525 654 *²⁷4*
2155 539 2167 695 l

266 777 271 784 ’
315 767 455 866 nobis,
482 761 597 876 quod
625 791 716 844 cum
731 790 854 874 super
868 768 1167 849 incontinentia
1183 765 1432 850 Clericorum
1445 783 1516 848 tue
1532 768 1711 848 Diocesis
1733 767 1959 848 canonicam
1976 796 2063 858 exer·
2155 724 2158 780 ¹

306 879 397 962 ceas
423 873 699 985 disciplinam,
741 874 929 960 nonnulli
956 907 1006 959 ex
1035 880 1092 958 eis
1120 893 1167 958 ut
1194 878 1323 987 ipsam
1365 876 1587 988 effugiant,
1630 895 1672 959 et
1700 881 1743 958 in
1769 877 1955 960 sordibus
1981 907 2065 966 corn·
2155 860 2158 938 l

305 1003 543 1101 putrescant
569 1014 611 1068 se
639 989 952 1097 conspirationis
979 989 1144 1072 vinculo
1159 989 1412 1097 colligantes,
1441 1006 1523 1070 tam
1537 990 1777 1098 juramentis
1790 987 1945 1086 illicitis,
1970 1019 2068 1100 quan
2158 996 2159 1017 ³

303 1102 421 1212 penis
448 1098 692 1209 pecuniariis
720 1099 773 1180 ad
802 1099 973 1180 invicem
1001 1129 1042 1183 se
1071 1102 1317 1211 astringunt,
1353 1100 1467 1212 quod
1495 1117 1636 1183 mutuo
1666 1103 1709 1180 in
1737 1101 1886 1182 talibus
1927 1100 2071 1185 debcant

305 1241 348 1295 sc
373 1209 536 1320 juvare,
564 1237 611 1289 ac
639 1210 879 1292 omnimodis
908 1211 1122 1320 impedire,
1151 1215 1370 1322 quominus
1399 1213 1506 1321 ipsos
1535 1213 1683 1320 punire
1697 1211 1828 1294 valeas
1843 1211 1895 1292 de
1910 1211 1978 1292 hac
1996 1239 2070 1293 cau·

128 1416 136 1425 ,
302 1351 359 1407 sa.
390 1323 530 1426 Quare
557 1319 678 1402 nobis
705 1320 910 1403 humiliter
938 1324 1194 1432 supplicasti,
1222 1339 1269 1403 ut
1296 1325 1592 1432 conspiratores
1607 1321 1842 1431 hujusmodi
1857 1325 2070 1406 auctoritate

168 1461 171 1470 ’
304 1450 447 1518 nostra
473 1432 550 1514 tibi
578 1431 696 1512 liceat
722 1461 746 1512 a
774 1433 857 1513 suis
885 1433 1497 1543 presumptionibus‘cohibere,
1527 1433 1756 1516 invocando
1770 1461 1894 1542 super
1921 1434 1993 1513 boc
2018 1461 2073 1513 au·

305 1545 446 1627 xilium
474 1541 633 1623 brachii
661 1543 869 1639 secularis,
899 1573 991 1626 curn
1019 1546 1121 1626 adeo
1151 1546 1231 1634 sint
1260 1544 1386 1656 aliqui
1414 1546 1624 1642 obstinati,
1653 1544 1765 1656 quod
1797 1571 2003 1626 censuram
2027 1571 2077 1625 ec·

305 1649 564 1746 clesiasticam
592 1653 855 1763 vilipendant.
886 1654 986 1736 'l'uis
1014 1657 1138 1766 igitur
1164 1656 1530 1765 supplicationibus
1573 1673 1704 1738 ratum
1733 1656 2006 1764 impartientes
2030 1682 2078 1736 as·

304 1795 466 1851 sensum
495 1766 736 1847 auctoritate
765 1767 840 1848 tibi
869 1768 1116 1877 presentium
1146 1767 1403 1849 concedimus
1430 1688 1646 1879 postulata.
1678 1765 1791 1848 Nulli
1820 1793 1936 1874 ergo,
1965 1784 2080 1846 nostre

306 1877 573 1961 concessionis
601 1881 675 1958 &c
706 1877 749 1958 Si
777 1879 868 1988 quis
897 1896 1033 1958 autem
1063 1885 1136 1960 &a
1196 1879 1343 1958 Datum
1371 1881 1555 1990 Anagnie
1585 1880 1653 1961 ΙΙΙ.
1683 1879 1817 1959 Nonas
1848 1878 2081 1969 Decembris,

289 1989 564 2109 *Pontificatus
591 1989 721 2070 nostri
747 1990 867 2071 Anno
897 1990 1029 2072 sexto.

312 2377 444 2525 278.
718 2339 720 2346 v
967 2381 1113 2486 1232
1163 2379 1211 2487 d.
1262 2380 1292 2486 3
1342 2381 1467 2488 Dec.
1510 2461 1514 2474 .
1887 2381 2088 2524 Anagni.

388 2599 480 2666 Ptfv.
499 2597 676 2664 anoonms
698 2600 766 2663 txrs
787 2599 1030 2663 Tilntsndsbres
1044 2602 1094 2667 fot
1115 2599 1367 2684 lr·ke-Bislopen
1386 2605 1397 2662 i
1418 2601 1526 2679 tund,
1555 2610 1615 2679 att,
1637 2600 1737 2664 under
1757 2604 1835 2664 vissa
1857 2600 1982 2678 vilior,
2003 2599 2089 2662 tetta

441 2683 514 2746 rrtn
534 2683 741 2766 bannlysning
762 2683 801 2744 de
821 2683 946 2746 llerler
967 2683 1028 2745 och
1049 2684 1183 2762 lelmiin,
1205 2705 1271 2746 som
1290 2684 1357 2766 lagt
1379 2683 1648 2766 handfiandcliga
1661 2680 2094 2770 personer·,underbillitfril·
2166 2747 2167 2762 ἢ

441 2765 506 2844 lor,
527 2764 664 2828 fiirtifvat
683 2764 893 2845 mordbrand,
914 2766 1028 2829 riifven'
1049 2767 1126 2830 eller
1146 2765 1391 2848 helgedomsran.
2165 2765 2167 2882 Ι

1551 2881 1703 2952 santo.
1720 2883 1819 2938 Aac·
1837 2852 1978 2952 liprw.
2058 2909 2063 2918 ·
2166 2950 2167 2963 χ

959 3019 1180 3127 Gregorius
1208 3025 1279 3100 &a
1308 3017 1462 3099 Eidem.
1904 2985 1908 2992 ι
2165 2967 2167 3054 l

238 3251 242 3256 ,
474 3159 564 3242 Tua
592 3160 712 3242 nobis
741 3163 774 3242 F
775 3161 990 3242 raternitas
1014 3162 1274 3270 supplicavit,
1304 3179 1350 3241 ut
1379 3188 1472 3242 cum
1499 3161 1689 3241 nonnulli
1705 3161 1921 3270 Religiosi,
1953 3177 1996 3240 et
2022 3155 2097 3236 Cle
2166 3221 2167 3226 Ν

307 3270 382 3354 rici
409 3272 607 3354 seculares
634 3288 702 3354 tue
730 3273 940 3382 provincie
968 3299 1044 3379 pro
1075 3272 1253 3351 violenta
1282 3270 1500 3380 injectione
1520 3299 1711 3353 manuum
1740 3274 1781 3351 in
1797 3297 2007 3379 personas
2022 3265 2100 3346 reli·

308 3384 460 3494 giosas,
490 3401 531 3464 et
559 3383 736 3465 Clericos
764 3381 981 3478 seculares,
1014 3383 1131 3463 multi
1159 3409 1257 3465 vero
1300 3385 1498 3464 seculares
1526 3381 1673 3464 Clerici
1701 3383 1743 3461 in
1773 3383 1912 3463 Sacris
1959 3377 2100 3462 ordini·

307 3495 386 3576 bus
412 3496 623 3575 constituti
658 3520 736 3601 pro
766 3493 997 3574 detentione
1025 3494 1368 3590 Concubinarum,
1397 3495 1585 3602 pluresve
1614 3494 1748 3574 elerici
1791 3510 1832 3574 et
1870 3491 1978 3574 laici
2023 3512 2102 3598 pro·
2166 3561 2167 3570 2

307 3621 399 3713 pter
427 3602 629 3700 incendia,
657 3606 833 3712 rapinas,
862 3620 904 3686 et
931 3604 1137 3712 sacrilegia
1166 3606 1353 3715 laqueum
1381 3605 1806 3685 excommunicationis
1834 3600 2106 3690 incurrerint,

308 3742 484 3826 quorum
513 3714 640 3824 aliq'ui
666 3714 829 3795 ordines
857 3733 1139 3822 susceperunt,
1175 3731 1216 3796 et
1245 3715 1381 3796 divina
1416 3716 1672 3798 celebrarunt
1706 3714 1838 3796 officia
1885 3717 1953 3796 sic
1987 3711 2104 3820 ligati,

307 3853 393 3909 non
420 3827 541 3935 pauci
569 3851 734 3936 quoque
763 3825 953 3934 Religiosi
982 3828 1208 3931 symoniace
1237 3828 1280 3904 in
1296 3827 1389 3906 'suis
1417 3827 1669 3930 Monasteriis
1703 3826 1784 3905 sint
1820 3828 2014 3934 recepti,
2049 3818 2108 3931 qui

307 3953 478 4048 propter
505 3937 662 4040 viarum
686 3935 919 4038 ¹discrimina
948 3936 998 4017 dc
1027 3952 1110 4018 tarn
1151 3937 1315 4016 remotis
1356 3938 1543 4044 partibus
1570 3936 1623 4017 ad
1651 3935 1925 4045 apostolicam
1976 3932 2108 4016 Seden

307 4045 517 4136 commode
545 4047 651 4129 mitti
679 4074 765 4129 non
793 4064 982 4158 possunt,
1011 4045 1227 4155 providere
1254 4074 1379 4156 super
1405 4047 1483 4130 hoc
1511 4049 1720 4157 presertim
1749 4076 1840 4128 curn
1891 4039 2111 4129 multitudo

307 4161 454 4242 existat
482 4158 526 4239 in
552 4185 673 4240 causa
701 4160 1013 4241 misericorditer
1041 4158 1314 4266 dignaremur.
1345 4159 1444 4240 Tuis
1472 4161 1485 4239 i
1514 4161 1597 4240 itur
1630 4159 2021 4270 supplicationibus
2061 4155 2112 4234 in·

308 4269 467 4366 clinati‚
496 4272 737 4368 auctoritate
764 4270 842 4351 tibi
871 4270 1117 4380 presentium
1146 4268 1334 4351 duximus
1355 4189 1677 4367 concedendum,
1707 4288 1753 4350 ut
1779 4269 2112 4351 excommunica·

307 4397 372 4464 tos
400 4382 509 4489 ipsos
525 4379 748 4462 'absolvere
776 4380 911 4462 valeas
938 4383 991 4463 ab
1019 4381 1480 4462 excommunicationum
1522 4381 1729 4461 sententiis
1770 4380 1895 4488 juxta
1949 4380 2116 4461 formam

308 4489 485 4572 Ecclesie
512 4491 601 4575 vice
629 4508 782 4574 nostra
821 4493 1006 4589 Proviso,
1040 4508 1086 4572 ut
1114 4488 1190 4588 hii,
1218 4493 1290 4600 qui
1319 4517 1396 4600 pro
1423 4492 1599 4573 violenta
1627 4491 1845 4600 injectione
1901 4513 2113 4598 manuum

308 4599 522 4699 incendiis,
551 4619 592 4683 et
619 4603 772 4713 rapinis
799 4603 964 4684 vinculo
983 4618 1079 4683 sunt
1099 4601 1519 4683 excommunicationis
1554 4603 1727 4699 astricti,
1757 4602 1890 4711 passis
1928 4602 2117 4712 dampna

308 4725 350 4794 et
378 4709 548 4816 injurias
575 4713 823 4796 satisfaciant
848 4727 1142 4822 competenter,
1170 4729 1211 4796 et
1238 4713 1272 4793 si
1299 4713 1528 4824 aliquorum
1558 4713 1678 4795 fuerit
1691 4716 1826 4823 gravis
1853 4731 1908 4794 et
1942 4710 2118 4794 enormis
2161 4735 2167 4752 “

308 4845 511 4918 excessus,
538 4825 638 4909 tales
666 4827 800 4908 mittas
828 4821 881 4906 ad
910 4821 1053 4906 Sedern
1096 4821 1356 4934 apostolicam
1397 4823 1686 4922 absolvendos,
1727 4853 1820 4906 cum
1847 4840 2044 4915 tuarum
2070 4839 2119 4902 te·

308 4931 501 5029 stimonic
529 4930 765 5020 litterarum.
795 4934 1087 5045 Concubinarij
1114 4961 1212 5016 vero
1241 4933 1478 5017 concubinis
1505 4964 1527 5017 a
1557 4961 1599 5018 se
1626 4963 1794 5046 prorsus
1821 4934 2023 5045 abjectis
2051 4929 2121 5016 suf·

283 5041 510 5148 ,scientem
537 5043 753 5128 exhibeant
780 5047 1009 5129 cautionem
1039 5043 1091 5128 de
1118 5045 1215 5146 illis,
1241 5047 1306 5128 vel
1335 5045 1423 5129 aliis
1452 5047 1612 5127 minime
1639 5044 1912 5130 resumendis.
1950 5049 2044 5129 Illis
2059 5072 2121 5124 au·
2166 5121 2167 5126 t

309 5169 392 5238 tem
423 5153 496 5268 qui
522 5152 581 5236 sio
608 5153 722 5262 ligati
749 5186 824 5268 per
849 5159 1145 5272 simplicitatem
1173 5157 1237 5243 vel
1263 5157 1367 5270 juris
1392 5159 1661 5270 ignorantiam
1695 5177 1990 5268 susceperunt
2020 5153 2125 5244 ordi·
2161 5181 2165 5186 ·
