4370 5950
989 504 1402 560 ’'102⁸-

267 687 517 790 enormitate·
527 701 710 808 corrupti
731 697 862 779 animi.
878 697 956 779 Sed
971 696 1135 807 quando
1150 699 1223 778 ista
1239 701 1368 780 cernit
1381 698 1546 781 oculus?
1562 692 1739 802 Quando
1753 696 1987 777 incuruatur
2001 687 2050 773 ad
2117 781 2121 789 ,

267 809 760 905 suasfaecesreuoluendas,
776 809 941 917 quando
957 811 1158 888 lucernam
1166 807 1711 893 accendit&euertitdomum
1719 834 1903 916 quaerens
1911 803 2052 886 drach-

267 954 371 1008 mam
398 922 617 1031 perditam,
633 920 796 1030 quando
826 925 1015 1000 scissuras
1030 922 1072 998 in
1088 921 1212 998 muris
1228 920 1472 1001 Hierusalem
1491 928 1529 1000 8(
1543 923 1680 999 ruinas
1695 919 1868 1024 respicit,
1899 917 1931 996 si
1948 914 2052 995 forte

150 1031 153 1038 ¹
268 1064 360 1118 eum
378 1031 604 1115 Zorobab'el
621 1040 659 1112 8(
675 1032 800 1112 Esdra
815 1059 1003 1139 reparare
1019 1033 1171 1116 licitum
1187 1033 1248 1111 sit.
1293 1033 1528 1112 Occurrunt
1542 1031 1707 1136 vestigia
1722 1056 1862 1124 erucae,
1878 1028 2050 1121 locustae,

269 1143 434 1241 bruchi,
464 1146 673 1252 rubiginis,
702 1172 791 1252 quae
807 1141 1108 1223 deuorauerunt
1135 1144 1321 1221 uniuersa
1342 1145 1519 1250 speciosa
1548 1143 1704 1236 deserti,
1720 1139 1849 1246 pilosi,
1878 1165 2053 1217 onocen-

226 1245 230 1254 ‘
269 1258 394 1353 tauri,
422 1256 556 1352 vlulae,
585 1255 716 1350 simiae,
746 1260 785 1332 8(
813 1255 939 1333 omnis
955 1253 1109 1359 generis
1138 1253 1457 1361 phantasmatum
1487 1250 1650 1361 grandis
1678 1249 1803 1359 sylua.
1832 1244 2053 1356 Siquando

270 1386 403 1448 autem
431 1363 535 1445 idem
566 1364 706 1446 oculus
734 1393 890 1443 sursum
920 1362 1133 1471 palpebras
1161 1365 1350 1460 erexerit,
1381 1371 1420 1443 8(
1448 1366 1587 1444 caelum
1602 1361 1815 1471 aspexerit,
1843 1357 1952 1439 videt
1974 1359 2054 1438 Do·

268 1483 422 1559 minum
450 1478 631 1556 innixum
660 1475 791 1569 scalae,
821 1492 1027 1556 vocantem
1057 1481 1095 1554 8(
1124 1492 1399 1582 expectantem
1436 1476 1537 1556 male
1571 1487 1823 1582 soporatum,
1852 1475 1891 1550 8(
1919 1466 2055 1547 dicen·

269 1607 369 1684 tem,
398 1617 518 1695 surge
546 1595 616 1696 qui
640 1589 808 1682 dormis,
841 1593 879 1665 8(
906 1617 1058 1696 exurge
1087 1617 1114 1665 a
1141 1591 1316 1680 mortuis,
1330 1593 1395 1682 ·8(,
1422 1591 1577 1667 Lazaro
1598 1588 1840 1686 occisoriis,
1858 1586 1908 1674 8(,
1923 1580 2083 1658 adole-¹

264 1729 379 1782 ,scens
405 1700 479 1780 tibi
504 1699 591 1779 dieo
620 1727 750 1804 surge,
780 1702 830 1792 u,
855 1702 991 1808 puella
1018 1699 1150 1804 surge.
1179 1699 1353 1804 Porrigit
1379 1724 1544 1807 quoque
1573 1723 1735 1774 manum
1750 1695 1870 1772 Petro
1892 1687 2054 1768 naufra-

272 1809 402 1918 ganti,
431 1811 609 1890 occurrit
622 1809 665 1887 in
681 1811 744 1888 via
761 1808 884 1888 Saulo
913 1810 1080 1917 spiranti
1093 1810 1277 1888 minas&
1293 1809 1417 1888 caedes
1448 1811 1489 1886 in
1517 1805 1736 1913 discipulos
1758 1805 1929 1882 Domini:
1959 1829 2054 1908 pro-

271 1920 368 2028 digo
398 1919 479 2000 filio
507 1921 742 2014 reuertenti,
786 1919 945 2015 stolam,
989 1918 1152 1997 anulum
1181 1925 1218 1997 8(
1247 1919 1503 1998 calciamenta
1532 1917 1723 2011 restituit,
1752 1913 1989 1995 conuiuium
2018 1917 2063 2020 8(

270 2031 440 2113 vitulum
474 2028 667 2125 immolat,
696 2036 734 2109 8(
764 2028 1124 2109 misericordiarum
1153 2057 1312 2108 suarum
1341 2030 1496 2134 syluam
1525 2028 1764 2109 condensam
1808 2021 2056 2134 fugientibus

271 2139 484 2250 &ereptis
513 2141 563 2222 de
591 2140 740 2250 laqueis
769 2141 906 2219 ferreis
935 2139 985 2220 ad
1015 2169 1097 2220 sese
1125 2138 1387 2221 refouendum
1415 2140 1545 2224 offert.
1602 2134 1843 2244 Hujusmodi
1885 2133 2055 2238 collyrio

270 2253 474 2334 releuatur
502 2253 687 2332 turbatus
716 2249 765 2330 de
795 2253 925 2358 seipso
955 2251 1006 2332 ad
1037 2252 1210 2360 seipsum
1238 2251 1390 2332 oculus.
1421 2253 1505 2329 lam
1519 2249 1632 2328 illum
1648 2249 1845 2327 conuenio
1873 2245 2055 2340 oculum,
2144 2290 2148 2304 =

231 2423 242 2442 ,
271 2355 343 2475 qui
371 2363 421 2444 de
449 2365 564 2444 vobis
593 2362 855 2442 amicabiliter
883 2363 1095 2459 sollicitus,
1131 2364 1274 2442 lustrat
1303 2365 1386 2442 vias
1429 2381 1585 2440 nostras
1614 2367 1652 2440 8(
1680 2355 1812 2438 studia
1842 2357 1892 2436 ab
1922 2352 2056 2436 adole·

272 2475 430 2558 scentia.
489 2475 565 2553 Dic
592 2473 699 2569 mihi,
730 2474 837 2554 bone
866 2476 999 2570 ocule,
1028 2473 1078 2554 de
1108 2475 1234 2554 amico
1263 2491 1403 2553 nostro
1433 2473 1545 2582 quod
1574 2470 1762 2564 occurrit,
1792 2467 1903 2578 quod
1925 2467 2082 2561 sentis,

272 2583 384 2697 quod
413 2585 613 2690 intelligis.
643 2586 735 2664 Non
763 2587 846 2663 sine
861 2584 984 2664 multa
999 2582 1252 2690 fatigatione,
1281 2585 1430 2692 inquit,
1460 2598 1568 2690 gesta
1583 2583 1669 2662 eius
1683 2578 1835 2676 recolo,
1864 2580 1958 2688 quia
1988 2577 2057 2656 ali-

302 2695 437 2776 uaddo
465 2695 548 2777 vidi
577 2695 689 2774 illum
712 2723 833 2802 supra
862 2695 988 2776 nubes
1017 2697 1305 2794 ambulantem,
1334 2704 1372 2774 8(
1400 2722 1525 2804 vsque
1553 2698 1595 2775 in
1625 2689 1893 2772 densissimam
1921 2689 2058 2768 altitu-

272 2727 406 2888 dinem
436 2807 673 2886 euolantem.
702 2807 803 2908 Quis
832 2804 1001 2912 gloriam
1031 2806 1155 2902 illam,
1186 2809 1277 2916 quis
1305 2823 1558 2914 potestatem,
1595 2805 1687 2913 quis
1723 2800 2056 2896 dominationem,

273 2921 364 3026 quis
379 2947 513 2997 rerum
527 2916 706 2996 omnium
721 2918 977 3023 opulentiam,
1008 2921 1098 3026 quis
1113 2919 1363 3025 erogationes
1378 2923 1416 2996 8(
1432 2915 1668 2997 donationes
1696 2931 1775 2992 tam
1804 2913 1945 3020 largas,
1977 2929 2056 2990 tam

272 3031 501 3108 innumeras
529 3053 715 3107 enarrare
745 3027 939 3108 sufficiat?
973 3029 1075 3130 Quis
1105 3031 1425 3138 enauigationes,
1455 3029 1545 3138 quis
1574 3029 1726 3106 marina
1747 3022 1936 3132 pericula,
1967 3024 2056 3134 quis

272 3138 434 3243 insidias
463 3164 697 3245 magnorum
726 3137 926 3218 latronum
955 3138 1087 3219 dicati
1116 3139 1296 3219 Tandem
1325 3139 1484 3219 Lucifer
1512 3139 1589 3234 ille,
1619 3137 1690 3249 qui
1704 3164 1819 3214 mane
1833 3133 2057 3234 oriebatur,

274 3251 344 3360 qui
373 3252 477 3328 inter
505 3264 610 3329 astra
654 3249 728 3328 Dei
757 3249 900 3331 solium
943 3249 1081 3355 gloriae
1109 3256 1147 3329 8(
1177 3249 1554 3356 Archiepiscopatus
1596 3262 1799 3344 tenuerat,
1843 3274 1925 3326 non
1954 3249 2057 3327 sicut

275 3360 411 3467 fulgur
439 3359 489 3440 de
517 3359 613 3440 caelo
643 3357 803 3454 cecidit,
839 3358 909 3439 sed
938 3361 1041 3450 siout
1069 3358 1173 3441 lilius
1201 3360 1372 3444 hominis
1401 3361 1657 3468 semetipsum
1693 3357 1930 3454 exinaniuit,
1975 3355 2057 3438 for-

274 3499 376 3549 mam
407 3471 595 3577 pauperis
624 3472 853 3578 assumpsit,
882 3471 1075 3579 principis
1105 3470 1243 3554 mundi
1266 3474 1432 3552 exuuias
1460 3472 1611 3566 reiecit,
1640 3488 1685 3551 vt
1718 3472 1751 3549 si
1772 3469 1912 3550 Laban
1937 3469 2056 3552 Iacob

275 3583 476 3661 insecutus
503 3579 640 3674 fuerit,
667 3579 775 3661 idola
803 3608 873 3662 sua
904 3582 1011 3690 apud
1042 3581 1152 3663 illum
1173 3611 1256 3662 nou
1280 3584 1482 3679 inueniat,
1511 3589 1550 3663 8(
1578 3611 1669 3662 oum
1698 3582 1888 3674 Domino,
1919 3581 2056 3662 saltem

275 3720 365 3773 oum
395 3692 438 3769 B.
468 3691 640 3769 Martino
665 3691 792 3806 dicat,
822 3693 929 3774 Nihil
959 3695 1003 3773 in
1029 3721 1090 3773 me
1118 3697 1311 3803 reperies,
1340 3695 1510 3774 inimice.
1541 3696 1644 3774 Ecce
1672 3693 1729 3771 sic
1757 3690 1988 3772 humiliatus
2015 3697 2057 3772 in

275 3802 494 3882 Claravalle
529 3802 657 3908 spicas
700 3802 899 3908 recolligit
932 3823 1024 3910 post
1057 3823 1169 3911 terga
1203 3806 1453 3900 metentium,
1486 3833 1571 3884 non
1604 3802 1780 3913 glorians
1816 3800 1866 3882 de
1900 3802 2055 3896 labore,

124 3899 133 3916 ’
176 4013 182 4019 ¹
226 3979 228 3982 .
275 3911 345 3994 sed
375 3940 415 3991 se
445 3910 657 3991 humilians
685 3911 736 3992 de
764 3914 1092 4021 impossibilitate.
1123 3917 1342 3996 Voluntate
1357 3913 1518 4026 quidem
1534 3916 1677 4011 currit,
1707 3921 1746 3994 &
1773 3914 1937 3996 caritate
1967 3943 2055 3993 eum

274 4020 477 4131 prioribus
507 4029 545 4102 8(
573 4022 803 4120 iuuenibus,
833 4022 902 4104 sed
931 4040 1045 4106 aetate
1072 4044 1111 4107 et
1139 4027 1364 4105 infirmitate
1387 4043 1534 4106 sortem
1562 4026 1684 4106 habet
1701 4053 1789 4104 cum
1821 4027 2055 4130 nouissimis,

187 4217 190 4222 ,
272 4150 317 4218 vt
347 4136 396 4212 sit
430 4135 685 4229 nouissimus,
722 4136 950 4234 vocatione,
994 4139 1148 4243 primus
1190 4138 1529 4218 remuneratione:
1567 4140 1668 4246 'quia
1705 4135 1814 4244 apud
1842 4137 2020 4244 patremf
2038 4180 2056 4196 ·

275 4245 422 4340 milias,
465 4244 577 4323 cuius
619 4245 816 4326 uniuersae
857 4249 932 4327 viae
969 4247 1240 4334 misericordia
1278 4254 1315 4328 8(
1343 4250 1510 4345 veritas,
1554 4266 1725 4329 nonest
1761 4250 1896 4355 potior
1925 4275 2067 4340 remus

274 4354 479 4434 neratione
500 4356 573 4463 qui
588 4356 701 4462 prior
728 4376 924 4466 tempore,
954 4361 1024 4442 sed
1040 4359 1153 4468 prior
1168 4360 1323 4469 denarij
1338 4362 1589 4470 acceptione,
1618 4361 1690 4469 qui
1705 4361 1904 4466 posterior
1920 4359 2059 4441 labore

273 4470 312 4548 8(
340 4483 531 4572 tempore.
560 4468 721 4546 Annon
744 4470 799 4549 ita
828 4471 911 4550 est?
954 4472 1074 4553 Plane
1102 4472 1180 4553 hoc
1208 4473 1355 4582 probat
1392 4475 1557 4569 veritas,
1593 4499 1684 4580 quae
1718 4471 1831 4578 prius
1860 4470 2060 4551 latronem

273 4573 322 4655 de
350 4602 468 4653 cruce
496 4577 700 4656 transtulit
728 4581 771 4659 in
801 4581 1046 4688 paradisum,
1075 4610 1194 4691 quam
1224 4585 1445 4692 principem
1464 4580 1752 4692 Apostolorum
1777 4581 1958 4679 Petrum,
1992 4581 2059 4663 oui

272 4704 402 4765 tamen
429 4682 594 4765 dederat
609 4687 742 4769 claues
758 4694 869 4798 regni
899 4692 1103 4776 coelorum.
1133 4696 1296 4778 Pietatis
1317 4713 1393 4790 est,
1422 4724 1562 4803 parum
1580 4693 1629 4774 de
1646 4693 1796 4773 meritis
1811 4721 2060 4800 praesumen-

272 4811 351 4874 tem
381 4795 599 4901 suscipere:
630 4826 811 4880 securum
841 4831 956 4900 vcro,
986 4807 1019 4886 si
1047 4834 1203 4889 necesse
1232 4811 1282 4891 sit
1310 4806 1486 4903 differre,
1519 4813 1558 4886 8(
1586 4807 1705 4884 citius
1734 4803 2001 4912 trepidantem
2029 4835 2060 4886 a

272 4907 413 4984 timore
442 4925 648 5000 excutere,
678 4939 798 5018 quam
828 4914 904 4995 iam
933 4917 1184 5001 subarratum
1213 4922 1432 5002 admittere.
1471 4921 1593 5013 Ecce,
1624 4930 1740 5025 pater
1777 4918 2062 5020 amantissime,

269 5035 314 5098 vt
341 5013 472 5111 cred0,
502 5044 587 5096 non
615 5022 832 5105 melefellit
861 5025 1002 5108 oculus
1031 5057 1151 5113 meus.
1207 5035 1300 5117 Haeo
1321 5033 1427 5115 enim
1456 5030 1594 5111 eadem
1624 5043 1772 5139 praeter
1800 5027 1913 5109 illum
1943 5034 2065 5116 multi
