4370 5950
543 467 547 479 ·
823 439 881 556 ἑ-
990 422 1068 531 '77'
1130 467 1212 546 ‚-

206 681 207 689 Ν
245 631 394 724 sanna
415 640 623 728 mapsa
643 640 826 710 suanam
853 591 1072 726 amsani,
1098 664 1164 706 som
1184 645 1253 710 rue
1274 665 1326 708 ss
1342 649 1396 708 rm
1415 643 1620 730 numan
1639 645 1905 717 crasmarus

249 729 399 810 Andelige
430 725 634 790 underlestos
665 726 813 810 rerldslig
843 724 991 803 domstol,
1014 723 1136 790 landets
1155 729 1225 810 lag,
1244 727 1461 812 jembdrdm
1482 749 1539 807 m,
1566 729 1821 815 samtantmffas
1840 733 1903 803 och

244 811 371 896 drt'pps3
392 809 520 873 hrillet
540 809 600 872 allt
619 805 870 894 lrke-Biskopen
890 805 991 871 borde'
1008 805 1200 882 'lb'relromma
1220 831 1330 894 gesom
1351 819 1399 871 att
1426 809 1542 872 hindra
1562 811 1602 874 de
1633 813 1802 897 verldsliga
1833 825 1910 898 toga

247 893 422 976 besalming'
458 891 530 955 med
570 892 689 976 kyrkor
714 891 774 958 oeh
801 890 956 973 Andelige
971 891 1235 975 'hemmingus
1255 901 1440 976 genennt
1460 893 1570 956 detta
1591 893 1651 957 oell
1672 895 1825 978 bennlyse
1844 897 1907 962 den

246 972 351 1054 Prest,
379 997 445 1038 som
467 976 504 1038 af
520 975 671 1057 verldstig
690 974 1208 1056 man‘mottager..sin'verdighett
1230 987 1277 1038 att
1297 978 1326 1060 ej
1346 973 1496 1041 fdrordne
1517 975 1615 1046 andra
1636 979 1911 1058 Praestandum

248 1061 385 1126 sversla
405 1059 555 1141 Bislioper
575 1060 645 1140 vigt
664 1059 724 1122 och
745 1059 795 1120 sdr
815 1057 963 1138 skiclligir
982 1057 1107 1122 'er-lent:
1130 1068 1177 1120 att
1195 1060 1223 1158 ej
1244 1059 1349 1122 tituta
1369 1059 1496 1120 Proster
1516 1059 1651 1122 insulta
1671 1063 1721 1124 lllr
1756 1062 1909 1146 verldslig

173 1189 176 1196 ·
252 1141 385 1206 domstol
406 1141 485 1204 eller
505 1139 574 1223 stag
595 1161 628 1202 es
660 1141 821 1220 'ernbb'rd‚
853 1139 1020 1222 vatmprot'
1042 1141 1120 1203 eller
1141 1161 1271 1224 ¹conge,
1292 1153 1369 1208 utun
1391 1138 1517 1202 afdlima
1538 1140 1578 1202 de
1598 1141 1763 1225 Andeliges
1775 1145 1910 1209 trenden

251 1227 332 1290 ester
353 1223 527 1286 Cenonisla
547 1161 626 1312 elder
647 1164 818 1289 homerska
840 1223 944 1304 lagen,
966 1222 1142 1307 hvarjemte
1162 1223 1226 1285 han
1250 1225 1361 1302 skulle,
1376 1241 1487 1306 genem
1506 1223 1755 1307 lb'resttllainger
1773 1227 1835 1290 och
1848 1227 1909 1291 vid

249 1307 468 1390 behosgenom
480 1303 686 1390 bennlysning
706 1307 807 1370 llirml
828 1307 926 1370 folket
962 1305 1050 1386 gllva
1071 1305 1176 1370 tionde
1196 1317 1276 1368 samt
1296 1307 1459 1368 bannsttta
1479 1305 1549 1383 den,
1562 1326 1628 1370 som
1643 1308 1747 1390 legger
1767 1309 1852 1372 hand
1865 1310 1914 1394 ps
1954 1357 1965 1374 ,

247 1393 351 1538 paglon
371 1390 478 1466 Prae
498 1387 610 1454 hvilka
631 1389 824 1474 stedgauden
844 1387 1000 1452 banasa
1022 1409 1133 1472 gersom
1164 1389 1349 1454 suffirandet
1371 1387 1415 1452 af
1441 1387 1656 1474 Kyrkofaders
1697 1388 1757 1452 och
1788 1394 1909 1456 alerem

271 1495 303 1537 es
316 1483 361 1536 ut.
813 1485 818 1496 “
868 1531 876 1544 ,
1970 1498 1975 1512 ·

1290 1559 1314 1588 ²
1403 1585 1485 1642 nn
1510 1589 1623 1656 2:⁶19.
1659 1583 1776 1656 moro.
1897 1591 1901 1602 ’

278 1673 512 1810 Aleaander
553 1696 674 1848 Papa
714 1725 932 1836 Vpsellcrari
971 1723 1294 1835 Arelu'episcopo‚
1332 1731 1371 1806 8(
1398 1727 1594 1807 uniuersis
1622 1723 1910 1832 suffragare&

316 1843 420 1936 eius,
453 1856 539 1918 tam
566 1845 608 1918 in
638 1838 795 1932 Suetia,
828 1864 948 1944 quom
962 1843 1019 1928 „in
1045 1837 1195 1917 Gothia
1223 1841 1460 1916 constitutis.

282 1981 500 2088 Constituti
542 2011 566 2062 a
607 1981 803 2075 Domino,
840 1979 933 2058 licet
969 1977 1304 2068 insufficientibus
1340 1982 1508 2077 meritiS,
1544 2007 1667 2090 super
1700 1999 1837 2090 gentes
1870 1987 1912 2064 8(
1962 1974 1966 1982 ’

125 2121 254 2202 regna,
269 2121 321 2186 ex
349 2095 539 2174 iniunetae
566 2094 683 2174 nobis
712 2090 1064 2172 administrationis
1093 2091 1227 2172 officio
1255 2089 1474 2202 debitoque
1495 2094 1772 2201 compellimur
1786 2096 1912 2176 aciem

126 2221 262 2286 nostrae
296 2203 627 2285 considerationis
655 2203 707 2285 ad
749 2203 980 2282 vniuersum
1025 2202 1224 2282 commissi
1253 2205 1384 2310 gregis
1412 2231 1561 2312 eorpus
1590 2204 1823 2300 extendere,
1852 2221 1912 2285 at·

127 2343 198 2425 que
224 2319 410 2397 omnium
438 2315 615 2398 fidelium
644 2313 765 2396 corda
795 2313 1056 2392 institutionis
1087 2311 1330 2421 Apostolicae
1358 2341 1404 2393 ae
1433 2314 1628 2396 doctrinas
1642 2315 1824 2396 salutaris
1838 2316 1912 2396 im·

124 2426 188 2507 bre
222 2425 487 2535 perfundere:
521 2444 566 2508 vt
593 2427 696 2508 sicut
729 2426 770 2504 in
800 2449 959 2503 omnem
989 2441 1135 2503 terram
1161 2424 1287 2503 exiuit
1315 2452 1436 2504 sonus
1464 2427 1773 2533 Apostolorum,
1802 2433 1842 2508 8(
1868 2426 1914 2506 in

127 2538 215 2618 fines
242 2538 356 2648 orbis
390 2556 507 2619 terrae
545 2538 668 2618 verba
697 2561 853 2615 eorum:
883 2533 938 2613 ita
965 2562 1131 2644 quoque
1159 2563 1252 2629 nos,
1281 2537 1354 2644 qui
1383 2564 1523 2616 eorum
1550 2535 1747 2618 cathedrae
1775 2538 1913 2644 praesi-
1965 2589 1974 2598 -
2064 2539 2067 2552 '

125 2647 277 2745 demus,
307 2649 380 2758 qui
408 2650 464 2729 eis
492 2676 577 2730 non
604 2649 647 2731 in
675 2647 767 2727 vitae
795 2645 955 2740 merito,
982 2672 1068 2725 non
1096 2646 1137 2726 in
1167 2673 1336 2753 operum
1363 2649 1586 2745 sanctitate,
1615 2646 1686 2728 sed
1714 2649 1758 2728 in
1778 2667 1915 2755 pasto-
1968 2725 1972 2734 .

125 2760 193 2839 mli
221 2789 322 2840 cura
350 2766 390 2840 8(
418 2759 611 2867 dignitate
642 2748 919 2850 sudoessimns,
949 2758 1116 2837 verbum
1145 2758 1300 2853 salutis,
1330 2758 1595 2864 Euangelium
1610 2759 1843 2839 Christianae
1854 2777 1915 2842 at·

123 2897 197 2978 que
224 2871 444 2956 Catholicae
474 2871 650 2952 veritatis
679 2867 963 2948 annunciemus
991 2864 1053 2947 his
1083 2869 1153 2976 qui
1183 2869 1320 2974 longe,
1351 2875 1390 2948 8(
1417 2869 1479 2948 his
1508 2873 1580 2978 qui
1602 2879 1751 2979 prope‘,
1765 2895 1916 2951 nomen

125 2983 500 3091 Apostolicumn'on
524 2981 642 3063 inane
670 3005 801 3089 neque
827 2976 994 3074 nudum,
1024 2983 1062 3056 8(
1090 2979 1132 3057 in
1160 2979 1245 3058 sola
1273 3005 1373 3059 voce
1401 2998 1594 3087 gerentes,
1622 2980 1691 3062 sed
1713 2981 1915 3082 inexecu·
2078 3043 2081 3051 .

121 3093 381 3201 tione-oflicij
397 3099 437 3173 8(
472 3093 639 3174 veritate
674 3090 826 3200 operis,
856 3089 898 3166 in
926 3107 1121 3197 quantum
1151 3089 1268 3170 nohis
1298 3092 1407 3168 Deus
1435 3088 1602 3188 dederit,
1640 3090 1914 3199 adimplentes.
2051 3135 2057 3182 z

118 3204 359 3285 audiuimus
387 3206 493 3284 enim
520 3210 561 3285 8(
588 3201 793 3284 audientes
828 3225 913 3277 non
943 3201 1146 3308 potuimus
1174 3228 1258 3280 non
1285 3200 1440 3313 dolere,
1469 3201 1581 3311 quod
1609 3202 1718 3310 apud
1734 3230 1818 3301 vos,
1831 3221 1917 3284 tam
2078 3205 2084 3212 ’

118 3316 160 3395 in
190 3315 332 3396 Suetia
366 3312 553 3395 videlicet
580 3341 701 3422 quam
729 3314 772 3392 in
800 3310 959 3406 Gothia,
988 3338 1038 3390 ex
1066 3312 1188 3392 nimia
1216 3317 1254 3390 8(
1284 3337 1474 3417 peruersa
1502 3341 1586 3393 non
1614 3313 1815 3410 libertate,
1843 3313 1917 3396 sed
2037 3341 2043 3358 ¹

118 3425 311 3510 abusione
350 3428 485 3533 potius
513 3429 554 3506 8(
580 3423 792 3505 insolentia
819 3421 1035 3518 laicorum,
1066 3420 1315 3502 consuetudo
1346 3424 1523 3530 pessima·
1543 3429 1582 3504 8(
1609 3425 1774 3504 omnino
1803 3425 1915 3506 dete·

119 3538 274 3620 stabilis
305 3536 497 3617 inoleuit:
531 3563 581 3615 ex
618 3561 700 3646 qua
735 3533 854 3613 etiam
898 3534 1023 3611 multa
1051 3532 1189 3614 illicita
1217 3552 1512 3639 prouenerunt,
1540 3540 1581 3615 8(
1608 3534 1711 3615 mala
1739 3564 1824 3617 non
1851 3563 1916 3618 so·

117 3647 197 3727 lum
225 3649 428 3746 enormia,
456 3675 595 3728 verum
625 3651 746 3727 etiam
775 3642 1042 3723 intolerabilia
1069 3643 1329 3751 pullularunt.
1388 3647 1469 3751 Ipsi
1498 3647 1603 3724 enim
1631 3648 1747 3728 vobis
1775 3648 1916 3728 incon·

12 3817 13 3827 ι
116 3759 249 3857 sultis,
280 3761 387 3842 sicut
416 3757 585 3853 dicium,
615 3775 684 3838 aut
719 3754 976 3860 contemptis,
1014 3751 1242 3834 concedunt
1270 3760 1310 3834 8(
1338 3755 1553 3836 conferunt
1581 3755 1795 3854 Ecclesias,
1824 3756 1917 3864 qui·

13 3952 14 3961 Ν
119 3868 192 3949 bus
234 3869 404 3952 volunt:
434 3869 569 3951 omnia
611 3867 844 3961 simoniace,
873 3866 958 3948 siue
987 3892 1060 3972 per
1088 3866 1319 3974 pecuniam,
1349 3868 1433 3947 siue
1462 3895 1535 3974 per
1564 3867 1763 3974 priuatam
1790 3868 1915 3976 grati·

12 3974 14 4035 l
123 4007 184 4062 am
212 3981 280 4062 vel
319 3977 460 4062 odium
487 3994 662 4089 agentes.
719 3980 780 4058 Ex'
808 3974 887 4054 hoe
914 3991 1047 4054 autem
1075 3975 1203 4055 multa
1232 3974 1424 4057 dicuntur
1451 3996 1531 4058 tam
1560 3979 1649 4084 ipso
1678 3995 1771 4060 actu
1792 4005 1917 4086 quam

119 4093 304 4201 exemplo
317 4093 481 4171 nociua
509 4096 549 4170 8(
576 4089 799 4198 perniciosa
828 4087 1071 4193 contingere.
1110 4087 1294 4188 Quilibet
1309 4087 1418 4167 enim'
1424 4095 1471 4168 8(
1483 4089 1762 4199 undecumque
1777 4089 1916 4169 Sacer·

118 4201 188 4282 dos
217 4201 461 4298 adueniens,
490 4197 584 4281 licet
625 4198 888 4281 ordinationis
914 4204 996 4277 suae
1027 4196 1183 4278 nullum
1212 4197 1357 4278 haheat
1383 4201 1674 4296 testimonium,
1703 4198 1791 4280 solo
1806 4225 1918 4280 man·

12 4336 13 4347 ¹
117 4308 212 4394 dato
247 4341 325 4397 seu
361 4331 465 4394 nutu
501 4311 620 4392 etiam
653 4311 885 4404 Laicorum,
922 4308 1062 4389 diuina
1097 4310 1140 4387 in
1167 4307 1306 4389 salutis
1335 4337 1474 4391 eorum
1502 4339 1560 4392 su⁴
1642 4338 1664 4390 e
1692 4310 1918 4416 periculum

118 4420 324 4506 celebrare
347 4435 565 4533 praesumit.
623 4421 741 4504 Vnde
783 4446 1077 4525 nonnunquam
1121 4424 1272 4528 euenit,
1301 4439 1346 4500 vt
1374 4339 1752 4530 monechfddgitiui
1766 4421 1830 4502 vel
1844 4421 1918 4502 h'o·

117 4532 297 4632 micidse,
334 4563 406 4616 seu
440 4533 686 4644 quibuslibet
737 4530 882 4613 irretiti
924 4537 963 4610 8(
998 4532 1126 4611 notati
1154 4529 1401 4629 sceleribus,
1417 4550 1488 4614 aut
1516 4543 1559 4612 in
1583 4529 1751 4640 gradum
1780 4533 1918 4614 Sacer·

117 4641 220 4754 dotij
257 4641 825 4755 non'promoti1,‘sacerdotio
855 4638 972 4749 fungi
1000 4641 1151 4722 nefaria
1179 4645 1295 4724 nimis
1323 4649 1362 4722 8(
1390 4643 1610 4725 damnabili
1638 4645 1919 4752 praesumptio·

115 4779 165 4834 ne
202 4757 296 4844 non
336 4772 525 4838 metuant.
587 4756 770 4858 Quilibet
804 4779 903 4836 vero
931 4752 994 4832 vel
1024 4755 1188 4835 omnino
1217 4780 1356 4834 carens
1385 4754 1578 4852 Ecclesia,
1608 4753 1670 4836 vel
1700 4780 1920 4865 pauperem

120 4863 279 4950 habens
332 4873 371 4950 8(
399 4866 580 4949 ambiens
614 4865 810 4966 ditiorem,
840 4864 1138 4976 potentioribus
1165 4863 1217 4947 de
1245 4865 1477 4974 parrochia,
1508 4863 1600 4948 data
1626 4865 1690 4948 vel
1719 4867 1916 4974 promisse
2022 4918 2051 4958 ,·
