4370 5950
753 449 759 495 ·'
809 479 893 519 ·.··.
935 419 1057 546 {109
1168 481 1225 503 *-

130 684 222 740 rere.
251 655 294 738 Si
321 683 575 738 numeremus
603 681 805 738 annorum
832 671 1016 765 tempora
1051 657 1209 738 iuuenis
1247 674 1338 756 est,
1364 686 1488 740 senex
1516 661 1550 739 si
1576 684 1735 745 morum
1765 660 1908 741 merita

100 783 406 876 'computemus
450 769 562 850 Inter
589 753 791 852 scholares
819 767 997 864 subtilis,
1026 767 1130 848 inter
1158 767 1391 851 claustrales
1419 771 1598 866 humilis,
1628 771 1684 851 ibi
1714 797 1910 853 verecun-

127 877 215 974 dus,
243 877 307 960 hic
335 907 429 960 vere
458 878 651 960 mundus:
681 879 832 990 ubique
859 878 979 986 auide
1008 878 1235 975 laudabilis,
1264 883 1359 991 quia
1387 909 1591 992 nunquam
1607 880 1751 963 auidus
1767 881 1910 964 laudis.

33 1071 37 1084 ,
128 992 171 1080 ln
198 990 371 1069 Ecclesia
400 1007 533 1072 vestra
552 988 680 1072 simul
709 996 748 1071 8(
775 1016 847 1069 sua
875 990 1003 1070 verbo
1031 992 1285 1088 naturalem,
1303 993 1456 1099 scripto
1487 993 1662 1091 ciuilem,
1697 999 1797 1076 re&
1811 1021 1912 1076 con·

126 1127 238 1180 sensu
266 1129 356 1179 cum
386 1118 558 1213 vtraque
586 1102 841 1197 canonicam,
870 1128 962 1182 cum
990 1102 1110 1182 beata
1132 1103 1319 1210 Virgine,
1348 1105 1414 1183 cui
1430 1105 1663 1200 assistimus,
1694 1104 1935 1213 obligatio·¹
2030 1176 2033 1186 ,

126 1237 210 1289 nem
236 1212 452 1310 contraxit,
481 1214 595 1292 cuius
623 1211 863 1294 solutionem
892 1239 968 1292 nec
995 1211 1186 1322 praelatus
1215 1211 1337 1293 debet
1372 1212 1611 1312 concedere,
1653 1239 1729 1294 nec
1771 1216 1910 1297 subdi·

125 1338 185 1402 tus
223 1321 441 1429 postulare.
485 1323 616 1402 Tanta
649 1351 740 1404 eum
769 1320 980 1429 diligentia
1008 1327 1250 1419 curauimus,
1281 1326 1406 1402 tantis
1434 1322 1650 1432 impendiis
1678 1326 1911 1424 extulimus,

126 1446 234 1510 tanto
248 1429 390 1511 fauore
405 1431 590 1530 louimus,
604 1449 648 1512 vt
663 1460 755 1512 eum
770 1431 945 1514 solutum
966 1433 1019 1513 ab
1047 1433 1278 1515 obedientia
1307 1452 1444 1514 nostra
1471 1437 1676 1516 remittere
1704 1435 1804 1514 nihil
1840 1439 1911 1518 ali·

125 1537 177 1620 nd
190 1569 311 1650 quam
326 1545 550 1624 ammittere
563 1544 810 1626 aestimemus.
840 1542 957 1627 Absit
985 1560 1030 1623 vt
1059 1543 1273 1654 acephalus
1302 1562 1419 1625 exeat
1448 1573 1471 1624 a
1501 1545 1630 1642 nobis,
1646 1550 1686 1625 8(
1714 1562 1910 1655 tanquam

124 1655 246 1732 ventis
274 1654 498 1760 expositus,
526 1656 612 1736 sine
638 1655 762 1736 titulo
789 1652 976 1750 clericus,
1004 1657 1089 1736 sine
1118 1653 1322 1763 stipendio
1350 1657 1484 1755 miles,
1507 1657 1593 1736 sine
1622 1656 1767 1740 solatio
1795 1677 1911 1768 toga·

121 1777 182 1842 tus
196 1761 410 1860 discurrat,
439 1765 677 1846 miraculum
692 1767 789 1860 suis,
804 1765 1078 1874 spectaculum
1090 1766 1243 1849 alienis.
1273 1767 1333 1848 Ne
1362 1782 1497 1848 tamen
1525 1759 1697 1849 uestram
1726 1766 1912 1850 offenda-

120 1899 203 1952 mus
230 1875 420 1982 gratiam,
435 1903 487 1956 ne
502 1892 678 1958 vestram
691 1877 945 1954 incurramus
966 1874 1183 1972 offensam,
1198 1904 1291 1956 eum
1307 1905 1391 1957 non
1413 1894 1604 1988 tanquam
1620 1875 1730 1986 apud
1745 1903 1820 1958 nos
1841 1877 1912 1960 de·
2033 1893 2040 1910 ’
2125 1962 2129 1970 ,

119 1985 292 2088 positum
304 1984 421 2064 vobis
436 1988 692 2085 restituimus,
707 1983 776 2066 sed
792 1988 1121 2095 tanquampnobis
1137 1986 1366 2097 depositum
1381 2015 1472 2068 eurn
1486 1988 1603 2070 vobis
1618 1988 1788 2069 multum
1804 2017 1913 2074 com·

16 2110 21 2118 ’
119 2093 360 2174 mandamus.
391 2096 515 2200 Quod
543 2099 577 2177 si
604 2110 678 2204 per
712 2097 788 2176 Dei
807 2095 1131 2194 miscricordiam,
1147 2105 1186 2179 8(
1201 2126 1318 2207 opem
1333 2100 1449 2180 simul
1465 2126 1512 2178 ac
1541 2127 1706 2207 operam
1720 2118 1911 2197 vestram,

119 2203 168 2282 ab
194 2205 401 2285 humiliori
430 2204 482 2286 ad
510 2207 784 2288 sublimiorem
813 2205 1003 2314 gradum,
1032 2209 1244 2289 ascabello
1258 2209 1311 2290 ad
1325 2209 1576 2306 cathedram,
1593 2239 1616 2289 a
1632 2210 1801 2319 puluere
1816 2210 1926 2291 suh-·

117 2315 298 2416 iectionis
312 2315 365 2396 ad
379 2317 583 2425 speculam
598 2317 802 2428 regiminis
817 2345 908 2397 eum
921 2346 1066 2399 vocare
1080 2319 1306 2429 contigerit,
1336 2323 1379 2400 in
1407 2322 1484 2400 hoc
1513 2319 1707 2402 laudabili
1722 2319 1911 2431 profectu
1955 2319 1962 2327 ⁴

116 2429 152 2506 8(
172 2445 374 2535 prouectu
387 2428 605 2540 plenamssei
620 2429 915 2511 absolutionem
930 2429 1203 2540 indulgemus,
1218 2431 1381 2540 plenam
1397 2431 1652 2512 concedimus
1671 2432 1911 2532 libertatem.

118 2720 204 2828 86.
400 2865 403 2870 ¹
496 2863 497 2866 Ν
808 2731 1232 2877 1178—1196.

191 2945 276 3008 Bisk.
300 2947 452 3010 Sumus
476 2949 486 3010 i
509 2949 647 3012 Tournai
667 2951 747 3014 Bref
763 2952 814 3015 till
835 2951 979 3016 Kaniken
1000 2953 1111 3017 Persa.
1455 2965 1459 2981 ¹

1426 3031 1461 3086 K.
1480 3034 1509 3086 h.
1528 3049 1554 3088 a:
1572 3035 1630 3090 523.
1650 3047 1697 3087 nto
1717 3033 1773 3106 ¹⁵7·

277 3159 432 3248 Fratri
447 3170 570 3248 Petro
612 3168 661 3246 de
697 3171 843 3266 Dacia,
876 3169 919 3252 S.
949 3170 1167 3272 Gereouey‘ae
1195 3173 1393 3282 canonico,
1425 3169 1599 3279 deposito
1626 3169 1912 3279 Septentriones

299 3281 480 3384 frigore,
497 3279 681 3382 'flammo
708 3285 892 3361 caritatis
920 3282 1073 3361 ardere.

262 3420 431 3501 Solitam
446 3450 529 3502 non
544 3419 714 3502 solutam
730 3421 989 3506 fraternitatis
1005 3431 1044 3504 8(
1058 3425 1196 3531 gratiae
1212 3423 1287 3502 tibi
1302 3449 1553 3503 reseruemus
1568 3422 1781 3501 amicitiam
1798 3421 1915 3524 fideti,

105 3531 314 3627 memoria,
330 3560 402 3612 nec
418 3551 528 3613 tuam
542 3553 847 3642 compensantes
863 3535 1098 3630 absentiam,
1113 3563 1186 3622 nec
1202 3534 1323 3642 longa
1341 3550 1541 3614 terrarum
1556 3534 1685 3640 spatia
1700 3533 1810 3612 facili
1831 3535 1909 3612 sal-

104 3655 149 3718 tu
158 3639 337 3722 desideri
340 3671 354 3750 J
364 3660 628 3726 transeuntes.
640 3645 715 3734 His¹
728 3643 949 3725 affectuum
964 3645 1146 3754 passibus
1162 3661 1384 3724 occurrunt
1397 3643 1476 3723 sibi
1490 3643 1907 3751 cultores&discipuli

104 3753 305 3850 caritatis,
320 3753 635 3835 sollicitudinem
649 3783 761 3835 suam
775 3755 969 3852 solantur,
986 3755 1274 3866 negligentiam
1288 3753 1516 3864 negligunt,
1531 3755 1733 3835 tristitiam
1749 3753 1905 3862 fugant,

102 3863 378 3944 &artificioso
393 3865 570 3975 quodam
584 3884 740 3962 naturae
755 3866 960 3976 colloquio
975 3866 1053 3947 sibi
1066 3866 1383 3946 confabulantur
1398 3865 1595 3947 absentes.
1608 3868 1786 3945 Currant
1801 3869 1907 3945 inter

100 3997 175 4052 nos
205 3973 295 4055 haec
316 3973 503 4084 religiosa
531 3978 780 4075 commercia,
795 3977 960 4087 &quod
974 3977 1131 4058 inuidet
1159 3977 1467 4057 commeantium
1494 3979 1647 4072 raritas,
1677 3979 1906 4056 communio

101 4084 298 4192 suppleat
313 4087 580 4168 voluntatum.
610 4087 920 4196 Congaudemus
934 4088 1028 4185 tibi,
1047 4086 1159 4198 quod
1177 4088 1359 4196 deposita
1375 4104 1541 4167 vetustae
1557 4088 1779 4166 natiuitatis
1796 4087 1905 4167 auita

99 4189 315 4292 barbarie,
346 4211 456 4278 totns
486 4200 529 4278 in
558 4199 827 4278 Christianam
856 4227 1013 4280 morum
1042 4201 1377 4309 compositionem
1403 4199 1698 4292 mansueueris,
1725 4203 1763 4275 8(
1791 4199 1904 4304 quod

99 4301 321 4414 AEthiopes
337 4309 567 4388 mutatione·
592 4309 751 4418 nigellae
765 4312 881 4418 pellis
911 4309 1042 4390 facere
1072 4338 1157 4389 non
1186 4326 1379 4418 possunt,
1412 4306 1584 4388 candida
1614 4307 1792 4413 glacialis
1822 4307 1903 4388 Da·

98 4411 391 4497 nesmarchiae'
411 4421 628 4528 progenies
672 4423 783 4500 inte
826 4423 979 4529 pariter
1022 4427 1061 4500 8(
1090 4418 1143 4501 de
1169 4437 1211 4500 te
1239 4421 1317 4502 sibi
1358 4417 1509 4530 gaudet
1547 4417 1673 4497 -fnisse
1701 4418 1902 4517 collatum.

98 4523 178 4604 His
211 4525 410 4611 accedunt
439 4530 637 4639 regularis
667 4531 934 4613 obseruantiae
963 4533 1186 4642 disciplina,
1217 4560 1300 4642 qua
1336 4533 1514 4612 imbutus
1557 4557 1597 4607 es
1640 4530 1682 4607 in
1711 4529 1900 4625 claustro,

96 4661 229 4717 sacrae
245 4640 454 4746 scripturae
469 4639 674 4738 doctrina,
689 4671 811 4752 quam
839 4646 882 4723 in
910 4640 1055 4725 scholis
1084 4642 1274 4736 didicisti.
1330 4644 1391 4720 Ex
1419 4655 1591 4748 vtroque
1606 4639 1901 4720 matutinum&

95 4751 381 4856 vespertinum
409 4751 648 4832 sacrificium
676 4752 877 4836 offerendi
893 4755 980 4834 Deo
990 4754 1182 4851 ,voluntas
1196 4771 1265 4833 tua
1281 4753 1402 4847 bona,
1414 4757 1454 4830 8(
1468 4749 1741 4857 beneplacens,
1758 4757 1795 4831 8(
1809 4779 1904 4858 per·

93 4855 222 4940 fecta.
252 4859 348 4940 Haec
370 4862 413 4939 in
441 4880 555 4943 aetate
571 4882 641 4944 tua
657 4880 796 4945 tenera
809 4883 950 4945 tenere
964 4866 1004 4945 te
1019 4864 1216 4946 volumus.
1243 4867 1501 4943 quentatem
1515 4877 1626 4940 tuam
1641 4864 1753 4941 iuuat
1769 4890 1842 4942 nos
1858 4865 1899 4940 in

93 4965 177 5050 hoc
202 4967 394 5078 profectu
410 4972 623 5079 proficisci.
653 4975 751 5054 Dies
764 4990 968 5056 extremos
989 4994 1087 5064 ¹tuos
1112 4976 1146 5053 si
1175 4972 1392 5079 eontigerit
1419 4973 1533 5052 annis
1561 4999 1786 5067 senescere,
1815 4999 1898 5052 non

95 5082 321 5191 contingat
349 5083 491 5164 animis
519 5111 561 5166 se
591 5087 758 5167 nescire.
813 5087 979 5167 Interim
1006 5084 1059 5188 de
1085 5100 1195 5164 statu
1222 5099 1296 5162 tuo
1323 5081 1505 5180 solliciti,
1531 5111 1606 5192 per
1627 5085 1820 5166 nuncium
1834 5083 1898 5166 vel
