4362 5946
646 571 652 587 ,
759 561 816 584 ..
929 517 1025 625 2s5-
1120 561 1189 594 ...,
1441 620 1448 632 ἱ

108 755 228 878 lod.
311 807 316 818 ·
456 797 478 816 0
692 762 878 914 1¹²4?
928 739 1256 854 drFehr.
1654 748 1887 932 Rpshild.

129 1011 132 1022 .
171 919 305 1051 Q
326 911 511 1040 wana..
532 965 588 1036 m
607 965 742 1058 aaa
761 912 1090 1046 armannum
1111 967 1161 1032 m
1181 967 1297 1034 aterve
1316 935 1448 1034 nanu
1464 912 1614 1038 sam
1633 974 1650 1036 s
1671 921 1782 1061 unp.
1801 989 1887 1042 ema

621 1043 626 1053 ι

58 1069 62 1074 ·
123 1131 134 1148 ι,
222 1046 628 1148 ᾃαοιᾳεοάιὶδὼποήι,

1458 1165 1461 1170 ’
1576 1167 1753 1244 butu

253 1307 323 1386 W.
355 1303 431 1386 Dei
458 1307 586 1415 gratia
616 1306 825 1389 Darronrm
839 1302 1287 1417 Schlavorumqnellex
1306 1305 1504 1388 uniuersis
1525 1321 1757 1416 presentem
1770 1312 1886 1419 pagi·

98 1442 185 1496 nam
214 1415 456 1525 inspecturis
482 1414 652 1497 salutem
679 1422 719 1498 a
747 1417 928 1526 gratiam.
958 1416 1185 1499 suffocaret
1220 1417 1398 1502 breviter
1432 1434 1543 1527 gesta
1577 1415 1756 1500 fidelium
1792 1447 1918 1528 pre.

94 1552 223 1609 cessns
251 1528 462 1635 temporis,
490 1528 569 1608 nisi
596 1527 758 1636 seriptis
785 1527 851 1609 vel
875 1528 1085 1615 bonorum
1112 1530 1347 1612 testimonio
1376 1529 1649 1634 firmarentur.
1687 1529 1889 1612 Noverint
2005 1605 2008 1622 ,

94 1657 189 1749 ergo
230 1639 408 1720 ursiversi
439 1656 533 1719 tam
569 1639 724 1747 posteri
746 1665 868 1749 quam
886 1657 1105 1748 presentes
1132 1668 1208 1721 nos
1236 1640 1385 1723 Comiti
1421 1638 1587 1722 domino
1616 1639 1679 1722 Ni.
1707 1666 1785 1750 pro
1810 1641 1889 1732 bo·

92 1748 151 1830 nis
176 1777 262 1861 que
290 1749 438 1832 babeat
466 1749 510 1828 in
539 1749 706 1847 Zverin‚
732 1777 823 1831 cum
851 1752 999 1861 qvibns
1027 1751 1114 1860 ipse
1131 1779 1217 1832 nos
1245 1751 1467 1834 seeundum
1496 1751 1669 1834 consilia·
1677 1751 1888 1834 meliorum

90 1863 201 1968 regrri
230 1861 362 1941 nostri
391 1889 414 1941 a
441 1861 629 1966 captione
656 1861 913 1953 inimicorum
940 1861 1131 1960 redemit,
1159 1862 1364 1945 dimidiam
1379 1859 1638 1944 Hallandiam
1667 1859 1890 1946 reddidisse

80 1997 132 2050 ae
159 1989 338 2054 scomsse
365 1988 566 2080 perpetuo
595 1970 891 2082 possidendam.
924 1975 986 2056 Ne
1019 1974 1145 2084 igitur
1175 1978 1216 2055 in
1245 1991 1453 2086 posterum
1480 2001 1604 2084 super
1631 1977 1710 2056 hoe
1753 1973 1890 2085 aliqua

88 2099 221 2188 posset
251 2083 351 2164 oriri
379 2085 579 2164 calumnia
608 2083 718 2165 dieto
745 2084 913 2166 domino
941 2093 980 2167 81
1008 2085 1136 2194 ipsius
1149 2087 1381 2171 ¹heredibus
1411 2101 1633 2196 praesentes
1661 2087 1816 2168 litteras
1843 2087 1889 2170 in

86 2197 362 2276 testimonium
389 2195 510 2303 sigilli
539 2198 669 2283 nostri
698 2196 921 2278 munimine
964 2196 1167 2280 duximus.
1194 2195 1456 2281 roborandas.
1504 2197 1655 2280 Datum
1683 2195 1888 2284 Roschildt

84 2302 206 2386 Anno
239 2307 403 2408 Domini
438 2306 797 2402 radr.Cal.t'ebr.
845 2347 850 2363 .
1011 2379 1015 2384 .
1709 2383 1711 2388 ,

84 2699 201 2804 305
336 2643 341 2654 ⁵
628 2811 632 2826 ,
754 2631 1248 2846 1241d.⁸6Maj.
1615 2609 1885 2808 ¹Gtithala.

159 2917 383 3002 hrhe-Biskop
403 2919 535 2994 lautas
556 2916 617 2979 och
638 2915 716 2979 haus
736 2916 969 3002 Lydbislopars
989 2921 1160 3003 hesallning
1180 2932 1226 2987 att
1247 2919 1328 3005 dop-
1349 2921 1427 2984 eller
1447 2919 1645 3002 fimufgisten
1665 2919 1764 2982 slulle
1784 2921 1887 3002 erltig-

214 3023 274 3084 gas
294 3001 343 3062 till
365 3001 460 3062 domh
498 3002 561 3100 'han
581 3003 593 3063 i
614 3000 789 3086 Linhiiping
809 2999 869 3062 och
890 3001 934 3084 ej,
965 3023 1032 3066 som
1063 3025 1175 3086 genam
1197 3003 1406 3068 missliirsttnd
1427 3003 1521 3083 slett,
1543 3003 1593 3066 till
1617 3003 1678 3066 den
1698 3002 1820 3066 mindre
1841 3003 1887 3066 sn

214 3085 379 3146 Laurentii
399 3085 460 3167 lyr
481 3105 529 3144 an.
1777 3143 1781 3148 .

1616 3197 1649 3255 B·
1668 3202 1694 3256 3²
1710 3201 1759 3257 82..
1811 3235 1819 3252 ι
1834 3230 1841 3252 ο

256 3336 473 3428 Jnntsnrus
503 3331 569 3420 dei
584 3335 718 3441 gracia
733 3334 1307 3445 upsalensisarchicpiseupus
1317 3337 1549 3446 anesqssue
1562 3337 1627 3420 sui
1641 3334 1887 3446 suffraganei

70 3445 266 3554 legifero*
282 3443 514 3552 gothorum
529 3445 808 3557 omnibusque
828 3447 1004 3558 pacificis
1018 3447 1198 3529 eitrsdem
1215 3465 1322 3528 terre
1349 3448 1690 3530 inhabitatoribus
1718 3475 1884 3557 presen-

107 3695 134 3768 *)
157 3687 185 3752 l
203 3691 400 3770 ntargen'lir
420 3689 626 3752 onteclrnadt:
647 3689 693 3750 Ex
715 3691 835 3751 actione
861 3691 898 3751 R.
920 3691 1095 3774 Christoph.
1118 3693 1139 3752 l.
1162 3691 1496 3776 inlac.E1·l.AEpm
1519 3693 1618 3756 Lund.
1639 3696 1671 3756 in
1693 3691 1886 3754 Misnbuxd.

151 3773 276 3848 Halm,
299 3773 355 3832 och
375 3774 459 3852 ester
479 3772 691 3854 haadlingen:
713 3772 859 3834 Confirm.
885 3771 961 3834 1283
983 3777 1015 3835 in
1031 3785 1091 3835 nat.
1111 3775 1143 3838 b.
1166 3776 1241 3855 virg.
1264 3774 1663 3856 v01·thingb.alt.E1·(ico).
1684 3775 1886 3853 Hall(andic).

149 3855 320 3939 paruam).
340 3855 403 3915 scil.
425 3855 670 3937 aquilon(arem).
690 3854 774 3915 ultra
795 3853 894 3916 Ethra
916 3877 987 3918 cum
1014 3857 1158 3918 omnibus
1189 3857 1389 3919 solutionibus
1420 3859 1520 3920 libert
1542 3867 1573 3918 et
1594 3859 1684 3942 jurib.
1717 3860 1885 3938 ceterisque
1921 3855 1924 3861 ’
2018 3912 2023 3918 .

149 3942 249 4004 attin.
274 3945 305 3999 et
326 3938 455 3998 servitiis
476 3957 590 3998 corone
611 3937 696 3998 attin
718 3937 830 4000 Camiti
855 3939 975 4001 Jacobo
1002 3943 1226 4021 consangvineo
1247 3961 1301 4002 suo
1315 3926 1442 4022 'arisque
1463 3940 1637 4004 haeredibus
1648 3942 1705 4002 sub
1716 3961 1770 4001 suo
1782 3941 1834 4020 sig.
1846 3941 1884 4000 D.

147 4022 203 4084 Jo.
229 4019 325 4099 AEpi
347 4019 445 4080 Lund.
467 4030 498 4081 et
519 4019 664 4103 Episcop.
685 4020 750 4084 lae.
773 4019 866 4082 Slesv.
888 4022 1072 4084 Cancellarii
1092 4025 1137 4086 sui
1166 4023 1304 4085 Tulronis
1324 4025 1412 4086 Anas
1426 4025 1571 4085 Trionis
1592 4024 1661 4106 Rip.
1681 4024 1767 4084 Jvari
1794 4022 1886 4081 Rosl.
2011 4037 2013 4044 ·

147 4105 250 4166 Petri
274 4101 406 4182 Viburg.
427 4101 497 4164 Joh.
519 4101 624 4163 Otton.
636 4103 744 4166 Reval.
765 4101 835 4163 Jolr.
857 4113 888 4164 et
909 4105 961 4166 Fr.
974 4107 1001 4166 N
1003 4106 1093 4166 icolai
1105 4107 1190 4182 elect.
1202 4107 1339 4172 confirm.
1352 4105 1495 4186 Burglan.
1507 4127 1562 4167 nec
1574 4128 1635 4166 non
1647 4107 1754 4166 Dtnor.
1765 4104 1884 4165 Vislavi

145 4188 314 4272 principis
342 4183 489 4246 Ruianor.
516 4184 609 4246 Gcrh.
637 4185 723 4247 Com.
750 4186 812 4266 jun.
840 4186 917 4248 Com
946 4187 1030 4256 Hols
1056 4201 1086 4250 ct
1114 4190 1221 4250 Dtnor.
1243 4187 1399 4250 Comitum
1420 4187 1733 4256 AlbertideGlichen
1755 4188 1826 4250 Alb.
1847 4187 1886 4248 de

144 4270 328 4337 Eser-stein
349 4267 443 4334 Henr.
463 4268 502 4329 de
523 4265 662 4332 Glichen.
1117 4311 1119 4318 ι
1181 4333 1199 4346 ..

141 4377 144 4387 ·
195 4354 241 4414 H.
268 4351 370 4435 Epist.
393 4349 556 4428 Helmold,
578 4361 608 4412 et
629 4353 699 4416 Nic.
721 4350 854 4413 Comites
875 4351 991 4414 Sverin.
1013 4352 1192 4436 quoddam
1214 4354 1289 4414 olim
1312 4351 1400 4414 dznus
1432 4353 1628 4416 Guazellinus
1649 4355 1701 4436 qui
1722 4373 1783 4413 una
1814 4373 1886 4414 cum

144 4437 233 4499 dtno
260 4435 357 4496 llenr.
379 4433 568 4494 Comitatum
591 4433 803 4497 sverinensem
825 4433 937 4497 habuit
958 4437 1104 4518 inclytam
1125 4437 1261 4520 puellam
1283 4433 1387 4496 Odam
1398 4431 1592 4496 filiarnsuarn
1613 4436 1710 4497 nobili
1731 4434 1884 4497 vir-odrno

144 4523 226 4582 Nic.
253 4537 337 4577 com.
359 4515 560 4594 fluitanda).
581 4517 853 4578 matrimonialiter
874 4519 1044 4600 copulasset
1066 4521 1261 4581 medietatem
1290 4521 1380 4579 castri
1413 4519 1600 4580 sverinensis
1631 4538 1668 4578 ac
1690 4520 1782 4579 totius
1803 4528 1886 4594 terre

141 4596 506 4684 adjacentispraedictae
527 4599 636 4681 puellae
657 4611 805 4682 tanquam
827 4600 935 4664 heredi
957 4604 1100 4684 legitimae
1127 4609 1329 4685 paternorum
1360 4601 1514 4666 bonam
1546 4602 1711 4680 assignavit
1731 4621 1790 4682 pro
1811 4599 1883 4662 dote

142 4685 191 4748 ad
217 4703 323 4745 onera
345 4683 533 4754 matrimonii
555 4682 774 4766 supportanda.
796 4683 936 4747 Tandem
958 4707 986 4746 v.
1009 4685 1184 4748 cumidem
1206 4683 1540 4746 Nicolausexeadem
1569 4681 1641 4743 Oda
1668 4683 1768 4744 filium
1790 4703 1888 4763 gene·

62 4775 64 4780 “
141 4775 258 4831 resset
283 4757 331 4826 sui
348 4766 479 4824 nominis
501 4765 534 4832 &
554 4764 705 4848 praedictae
727 4764 804 4826 dotis
825 4766 979 4830 haeredem
1000 4770 1189 4850 legitimum,
1212 4765 1356 4831 videlicet
1376 4769 1441 4830 Nic.
1463 4776 1582 4849 patrem
1604 4765 1706 4848 jacobi
1727 4786 1808 4826 nune
1833 4769 1884 4827 vi·
1941 4773 1945 4804 ·'

140 4851 272 4914 ventis.
295 4847 335 4910 Et
356 4847 420 4929 ipse
439 4849 558 4929 primus
578 4848 727 4908 Nicolaus'
743 4851 942 4931 postmodum
964 4854 1109 4914 universa
1131 4853 1232 4912 carnis
1258 4849 1397 4912 debitum
1428 4847 1609 4931 persoluiset
1639 4850 1699 4932 piae
1730 4851 1886 4910 memoria

142 4937 265 4998 nanus
288 4929 494 4993 Voldemarus
515 4930 646 5012 inclytus
660 4929 732 5004 ,Rea
755 4931 931 5012 Danorum,
954 4947 1047 5017 prout
1067 4957 1103 4996 ex
1124 4936 1300 5017 propinqua
1322 4933 1589 5012 consangvinitatis
1611 4931 1692 4992 linea
1713 4941 1836 5013 poterat
1857 4945 1887 4994 et

140 5013 303 5080 debebat
322 5011 458 5094 ejusdem
479 5013 599 5074 Nicolai
622 5015 653 5074 in
674 5022 762 5074 aetate
782 5016 931 5100 pupillari
952 5026 1026 5090 utne
1047 5019 1198 5078 existentis
1218 5013 1385 5096 legittimus
1415 5025 1498 5075 tutor
1518 5023 1591 5074 erat
1613 5015 1674 5102 Qvi
1695 5013 1770 5074 dum
1791 5036 1810 5073 a
1832 5035 1883 5074 su-

143 5096 313 5189 pradicto
333 5096 373 5158 H.
394 5096 511 5159 eomite'
529 5095 701 5188 stetinensi
722 5099 863 5180 captivus
882 5109 1038 5162 teneretur
1058 5093 1120 5164 &c
1141 5101 1211 5163 Dat.
1234 5096 1352 5160 Sverin
1379 5095 1455 5160 1283
1477 5099 1509 5158 in
1529 5095 1579 5159 die
1602 5095 1632 5159 S.
1654 5097 1824 5178 Augustini.
