4398 5958
1064 423 1143 442 --
1253 379 1331 458 556
1390 353 1496 440 Ἅ-

403 625 495 682 cnm
522 593 669 677 dilecto
699 595 843 674 marito
866 607 1021 676 nostro.
1048 595 1089 674 R
1115 592 1290 702 philippi
1318 593 1411 674 filio.
1439 594 1482 672 in
1509 594 1615 672 hunc
1645 592 1804 672 modum
1826 593 1949 676 fecisse
1972 618 2096 684 canuc·

402 707 600 787 tacionem
627 701 828 783 curiarum
856 719 1040 811 presente
1068 701 1191 785 fratre
1219 719 1357 782 nostro
1383 701 1559 782 domino.
1588 701 1629 780 R
1660 699 1824 806 legifero
1851 709 1889 784 δι
1914 705 2044 784 fauente
2062 735 2098 785 re

401 814 580 920 cepimus
606 809 658 890 ab
686 812 775 916 ipso
802 835 922 892 unam
963 812 1113 890 curiam
1142 813 1184 891 in
1210 812 1403 915 vesgocia'
1427 809 1583 891 dictam
1624 807 1832 917 frmbierg.
1864 839 1946 892 cun
1970 815 2100 896 omnibu

399 923 481 1004 suis
508 919 746 1002 attinenciis.
775 943 1033 1027 peromnem
1060 920 1365 1026 acquisicionem
1393 918 1618 1025 legitimam.
1648 920 1819 997 martino
1846 920 1894 1001 de
1918 918 2101 1027 slyclriopre

399 1028 503 1114 testa
529 1027 775 1136 recepcionis
800 1025 1028 1109 huiusmodi
1055 1026 1333 1135 proloquente.
1360 1026 1594 1134 reliquimus
1620 1045 1750 1106 antem
1779 1028 1817 1107 ei
1846 1057 1954 1108 vnarn
1972 1027 2102 1110 decuriis

401 1136 548 1218 nocuis
575 1138 689 1219 sitam
716 1137 759 1216 in
786 1134 889 1234 edre
915 1133 1088 1215 nomine.
1118 1136 1184 1232 vir.
1211 1163 1303 1214 cum
1333 1135 1519 1214 omnibus
1540 1137 1623 1213 eius
1637 1133 1883 1234 adiacenciis.
1908 1165 1972 1245 per
1994 1164 2102 1217 omnen

401 1245 687 1330 clienacionem
714 1243 890 1353 legalem.
918 1242 1000 1322 dan
1021 1240 1071 1323 de
1098 1243 1257 1323 arastad
1273 1271 1344 1350 pre
1359 1241 1453 1324 festa
1470 1243 1722 1322 alienacionis
1738 1243 1993 1325 huiuscemodi
2004 1244 2102 1325 discer-

400 1370 534 1438 nente.
564 1349 729 1434 maritus
756 1379 853 1433 vero
879 1367 1017 1432 noster
1044 1350 1225 1458 prefatus
1251 1355 1494 1431 nominatam
1521 1353 1672 1431 curiam
1702 1352 1745 1430 in
1772 1353 1840 1449 vir.
1866 1353 1998 1434 dilecto
2029 1351 2101 1432 inti

400 1481 542 1546 nostro
558 1457 732 1545 domino.
757 1461 800 1543 b.
828 1459 995 1569 legifero
1024 1459 1285 1568 osgotborum
1314 1489 1390 1567 pro
1418 1461 1605 1540 trecentis
1633 1463 1901 1569 &sexaginta
1915 1462 2032 1542 marcis
2052 1489 2100 1540 ns

400 1573 497 1655 ioris
523 1573 679 1652 numeri
713 1569 894 1652 vendidit
944 1595 1036 1649 curn
1077 1585 1216 1648 nostro
1257 1595 1453 1649 consensu
1492 1568 1683 1647 beniuolo
1710 1573 1749 1648 u
1778 1569 1921 1650 fauore.
1948 1599 1988 1649 ac
2010 1587 2102 1648 nostn

401 1683 554 1790 pariter
581 1683 771 1761 interesse
798 1705 873 1758 nos
900 1691 1032 1758 autem
1067 1678 1186 1757 istum
1215 1691 1463 1759 contractum
1476 1676 1552 1755 sub
1566 1675 1723 1756 ulcione
1744 1677 1880 1758 diuina
1909 1679 2102 1786 prohibemus

400 1817 475 1918 per
501 1789 666 1870 heredes
693 1804 851 1869 nostros
878 1787 1035 1892 genitos
1062 1787 1124 1865 vel
1152 1786 1374 1894 gignendos
1402 1785 1527 1867 verbo
1541 1785 1603 1864 vel
1619 1812 1741 1892 opere
1775 1791 1981 1867 retractari.
2002 1787 2040 1866 ad
2059 1815 2100 1865 cu

399 1925 463 1980 tus
490 1898 586 1980 facti
613 1895 859 1979 enidenciam
880 1894 1111 2001 pleniorem.
1142 1896 1212 1976 has
1239 1894 1401 1975 litteras.
1431 1893 1607 2002 siggillis.
1637 1895 1789 1975 domini
1818 1897 1928 2002 regis.
1954 1897 1996 1976 ll.
2019 1896 2101 1976 doni·

399 2033 547 2088 norum
574 2007 865 2113 episcoporum.
895 2003 1122 2110 upsalensis.
1160 2003 1423 2110 lincopensis.
1452 2003 1657 2083 skarensis.
1685 2009 1976 2112 strengenensis.
2001 2004 2101 2084 donini

400 2115 594 2197 iohannis.
621 2114 807 2222 philippi.
833 2113 984 2193 domini
1012 2109 1197 2190 iohannis
1224 2111 1367 2191 karuli.
1396 2139 1471 2191 nec
1497 2139 1581 2192 non
1609 2139 1702 2221 sepe
1740 2113 1842 2194 dicti
1869 2117 1984 2192 mariti
2017 2115 2101 2191 nosti

400 2249 593 2304 unacum
619 2237 769 2300 nostro.
799 2221 960 2301 fecimus
987 2219 1191 2326 siggillari.
1232 2221 1378 2300 Actum
1407 2221 1515 2326 apud
1545 2219 1628 2318 ido
1655 2248 1762 2301 anno
1791 2221 1946 2303 domini.
1970 2224 2099 2303 M'.CC‘··

399 2330 635 2412 LXX⁰.IX‘.
663 2330 720 2408 V·
749 2329 854 2428 idus
881 2329 1068 2409 octobris.

400 2465 485 2532 stoa
504 2481 573 2534 atne
593 2467 633 2532 de
653 2470 724 2530 sista
744 2464 872 2548 Sigillen
892 2463 986 2528 balta
1005 2464 1108 2528 blilvit
1128 2475 1203 2528 cette
1224 2463 1322 2528 under
1331 2464 1512 2528 bretveede
1533 2474 1586 2529 tto
1597 2468 1776 2546 bor-tiollne3
1795 2471 1956 2533 rddasillet
1970 2471 2099 2550 fimesqtn

402 2821 536 2968 689.
700 2965 704 2972 Ι
1036 2861 1185 2994 1279
1231 2823 1277 2928 d·
1334 2866 1395 2931 11
1446 2821 1559 2930 Oct

480 3041 600 3102 Biton·
616 3039 804 3100 Pmlmona
824 3039 902 3103 Btef
916 3059 967 3103 om
988 3041 1096 3122 utbyte
1117 3040 1156 3100 al
1169 3039 1322 3119 Friisberg
1343 3050 1408 3102 mot
1428 3041 1499 3118 Wi,
1521 3041 1581 3103 och
1602 3025 1819 3127 ldrsiljningeir
1840 3050 1876 3110 as
1890 3049 1937 3112 det
1954 3041 2083 3112 tintinnis

1819 3165 2012 3219 Lunum

566 3283 766 3364 Omnibus
807 3301 1011 3396 presentes
1051 3287 1203 3378 litteras
1241 3285 1491 3392 inspecturis.
1534 3287 1576 3366 B.
1605 3290 1814 3398 quondam
1854 3294 2006 3405 philippi
2033 3289 2094 3368 lilius

402 3382 570 3470 salutern
598 3393 641 3470 in
667 3395 847 3498 omnium
875 3391 1083 3476 saluatore.
1114 3394 1273 3488 Tenore
1287 3397 1535 3499 presencium
1546 3397 1666 3478 uobis
1685 3419 1852 3502 constet.
1879 3433 1947 3484 nos
1956 3404 2092 3482 auten

404 3495 570 3580 domino
599 3495 812 3580 benedicto
838 3503 1097 3610 osgothorum
1126 3499 1294 3610 legifero
1314 3518 1361 3601 ,et
1388 3501 1554 3586 favente.
1587 3534 1676 3586 cum
1705 3508 1851 3594 dilecta
1881 3539 1991 3592 ποτε
2008 3521 2092 3587 nuta

403 3604 548 3688 vluildi
575 3608 618 3687 in
645 3605 754 3687 hunc
783 3609 945 3690 modum
965 3613 1093 3692 *inisse
1121 3611 1319 3692 cambium
1360 3613 1825 3724 curiarumrecepimus
1853 3622 1902 3702 ab
1927 3623 2003 3728 ipsa
2021 3637 2092 3700 utu

403 3715 555 3818 curiam
582 3715 744 3797 s‘eilicet.
774 3717 840 3815 vir.
868 3719 911 3798 in
939 3719 1051 3815 idre.
1089 3749 1177 3804 eum
1215 3717 1400 3798 omnibus
1427 3723 1511 3801 eins
1553 3707 1803 3807 adiacenciis.
1844 3757 1914 3837 per
1950 3725 2094 3833 legitimo

405 3821 703 3911 clienacionem.
729 3824 820 3903 Dan
849 3823 900 3906 de
927 3827 1095 3908 arastad.
1112 3854 1184 3933 pre
1199 3827 1308 3907 festa.
1336 3827 1422 3907 aliis
1435 3829 1741 3930 discrecioribus
1755 3833 2052 3918 commanentibus
2061 3830 2094 3905 iu

405 3930 578 4014 stimode
618 3929 877 4014 discernente.
918 3959 991 4013 nos
1017 3959 1114 4013 vero
1142 3936 1376 4043 reliquimus
1402 3938 1450 4019 ei.
1477 3939 1593 4019 aliam
1622 3941 1672 4021 de
1700 3949 1849 4026 nostris
1875 3950 1975 4026 sitam
1998 3945 2094 4020 inm

403 4043 522 4148 gocia
562 4041 725 4122 nomine
760 4038 959 4148 friisbierg
985 4067 1076 4121 cum
1117 4043 1242 4148 ipsius
1283 4045 1509 4125 attinenciis
1558 4053 1763 4132 vniuersis
1806 4053 1985 4135 consimili
2005 4046 2093 4126 alien

403 4146 530 4229 done.
558 4150 731 4230 martino
758 4146 809 4228 de
834 4147 989 4246 sliclrio
1017 4176 1094 4257 pro
1120 4152 1193 4232 hac
1228 4169 1340 4258 parte
1366 4180 1439 4260 pre
1468 4153 1566 4235 festa
1595 4157 1772 4265 legaliter
1800 4151 2093 4271 proloquenteStl

402 4281 479 4338 nos
506 4254 652 4336 dictam
679 4257 832 4357 coriaut
860 4257 903 4336 in
931 4257 998 4354 vir.
1031 4255 1191 4365 prefato
1201 4260 1378 4341 domino.
1407 4262 1455 4360 B.
1478 4263 1642 4372 legifero
1670 4296 1747 4375 pro
1776 4271 1955 4350 trecentis
1977 4283 2011 4346 et
2030 4285 2091 4340 sen

434 4365 518 4446 inta
544 4363 697 4444 marcis.
725 4366 885 4445 maioris
913 4367 1081 4447 numeri.
1112 4394 1203 4448 cum
1231 4372 1340 4451 omni
1367 4370 1609 4454 alienacione
1636 4376 1862 4460 iusticiaria.
1905 4369 2091 4458 vendidimus

449 4470 562 4551 erulo
588 4467 691 4550 lalca
724 4469 775 4553 de
803 4470 1010 4573 slortobir.
1039 4503 1111 4584 pre
1138 4475 1383 4560 lesta'hnius
1402 4482 1513 4562 curie
1540 4480 1768 4578 disserente.
1803 4481 2031 4596 prohibentes
2056 4477 2092 4554 lt

404 4578 570 4666 cedibus
594 4579 752 4664 coenis.
766 4583 987 4774 progenitis
1013 4609 1085 4665 aen
1112 4611 1195 4667 non
1222 4590 1444 4696 progenitis
1470 4588 1576 4670 istud
1594 4595 1819 4704 aliqualiter
1833 4596 1950 4676 verbo
1973 4591 2022 4672 vel
2040 4607 2092 4690 opt

404 4713 449 4794 re
477 4703 701 4820 retractare.
728 4691 770 4782 A,
821 4693 933 4774 cuiue
942 4692 1003 4783 rei
1017 4691 1287 4807 euidenciapi..
1301 4693 1479 4813 siggillis.
1493 4699 1783 4812 dominiregis
1794 4707 1862 4797 „lb
1888 4704 2093 4802 domnice
