4404 5960
825 355 1464 460 ι...ι-417·-.ι“Δ

130 579 229 658 iuter
257 598 329 656 vos
356 589 399 656 et
421 573 555 684 ipsos,
578 571 705 684 possit
733 573 777 654 in
804 587 1008 683 personas·
1026 572 1488 671 excommunicationis„
1509 548 1593 662 aut*
1606 591 1734 661 terras
1762 595 1919 664 vestras

128 683 328 778 interdicti
356 685 573 772 sententias
591 687 841 782 ¹auctoritate
859 685 1037 792 ‘propria
1065 686 1335 794 promulgare.
1386 685 1499 766 Nulli
1526 715 1625 798 ergo
1653 707 1790 772 nostre
1817 711 1915 774 ecn-

127 796 308 882 cessionis
336 801 409 876 &c
439 798 591 882 Datum
615 791 731 912 ,apud
758 793 1087 878 Urbemvetercm
1116 795 1207 884 llll,
1237 797 1374 880 Nonas
1417 796 1613 897 ianuarii,
1656 801 1915 884 pontificatus

127 889 262 992 nostri
279 909 401 989 Anno
429 907 579 996 Tertio.

37 1313 258 1440 ¹494.
555 1357 557 1362 ·
781 1296 929 1428 1264
980 1296 1263 1408 dudan.
1383 1265 1385 1270 Ι
1545 1397 1558 1426 ,
1765 1305 1912 1414 Rom.

109 1537 117 1546 ¹
201 1513 291 1578 Patr.
311 1515 455 1582 Uolsce
477 1517 548 1583 ths
568 1517 706 1581 tillstiud
727 1518 776 1580 sci·
797 1517 837 1580 de
858 1539 976 1580 samma
1007 1526 1069 1596 att,
1091 1520 1102 1579 i
1123 1517 1267 1580 hindelse
1298 1472 1393 1601 uiget
1423 1521 1560 1602 lyruans
1590 1520 1704 1583 liirbud
1736 1523 1774 1585 ei
1798 1481 1912 1588 ntmdc

251 1602 394 1671 Prelater
413 1601 569 1669 ldrkleras
588 1601 678 1669 iiiver
699 1604 801 1680 stdrre
817 1600 894 1663 eller
916 1598 1038 1662 mindre
1059 1599 1110 1661 del
1131 1601 1169 1663 ef
1184 1600 1304 1681 laudet,
1326 1604 1336 1662 i
1356 1607 1407 1666 sitt
1428 1603 1716 1689 Hos-Capellhillc
1736 1603 1911 1690 gudrtjemt.
2001 1679 2004 1684 ⁴

1379 1719 1414 1814 n
1431 1734 1454 1774 ιι
1473 1720 1533 1792 ase
1550 1721 1607 1775 nn.
1625 1717 1649 1773 a.
1667 1717 1720 1789 up.
1736 1720 1779 1776 ce.
1861 1725 1866 1730 ·

781 1817 967 1898 Urbanus
994 1822 1065 1900 &c
1096 1816 1269 1901 Eisdem.

285 1969 365 2047 Pro
394 1963 548 2066 sincere
577 1943 804 2042 decorione
833 1966 908 2040 &c
937 1980 983 2043 ut
1009 1968 1051 2042 in
1077 1969 1274 2074 asperiori
1292 1968 1483 2074 proxima
1502 1995 1623 2074 usquc
1650 1962 1912 2072 complacere.

117 2081 227 2162 Hinc
255 2093 314 2158 est
342 2075 454 2186 quod
484 2101 558 2156 nos
586 2073 727 2153 vestris
762 2071 1128 2179 supplicationibus
1170 2073 1371 2173 inclinati,
1405 2074 1521 2156 vobis
1550 2077 1790 2156 auctoritate
1820 2102 1913 2184 pre·
1952 2155 1954 2160 .

116 2193 291 2272 sentium
320 2178 595 2293 indulgemus,
623 2198 670 2262 ut
698 2209 790 2261 cum
814 2183 1021 2291 generale,
1050 2182 1114 2263 vel
1143 2184 1317 2292 speciale
1352 2201 1461 2271 terre
1503 2185 1625 2265 fuerit
1654 2184 1912 2268 interdictum

108 2303 240 2382 'liceat
269 2297 384 2379 vobis
415 2313 455 2377 et
484 2293 630 2375 familie
658 2308 789 2373 vestre
818 2293 861 2373 in
893 2293 1075 2402 Capellis·
1096 2296 1236 2375 vestris
1272 2322 1345 2403 per
1385 2296 1656 2404 Cappellanos
1701 2297 1912 2406 proprios,

113 2412 251 2521 januis
279 2409 442 2503 clausis,
471 2403 695 2486 interdictis
723 2419 765 2483 et
792 2405 1147 2486 excommunicatis
1175 2405 1364 2502 exclusis,
1393 2433 1479 2488 non
1500 2406 1668 2515 pulsatis
1693 2411 1913 2514 campanis,

111 2524 324 2605 summissa
351 2546 449 2598 voce
477 2517 609 2604 facere
640 2513 854 2610 celebrari,
870 2533 922 2598 ‚et
951 2514 1082 2599 audiri
1117 2514 1273 2611 divina,
1316 2533 1356 2604 et
1392 2512 1658 2611 ecclesiastiea
1700 2519 1912 2627 percipere

109 2646 386 2731 sacramenta,
415 2625 635 2710 dummodo
663 2652 734 2704 vos
762 2624 826 2704 vel
855 2622 1024 2722 familia,
1053 2641 1124 2704 aut
1154 2626 1392 2736 Cappellani
1421 2625 1594 2737 predicti
1637 2653 1798 2713 causam
1825 2655 1912 2709 non

108 2743 309 2834 dederitis
338 2737 575 2844 interdicte,
605 2737 667 2816 vel
697 2733 738 2820 id
769 2735 903 2832 vobis,
942 2752 1013 2816 aut
1042 2734 1119 2816 illis
1147 2764 1231 2817 non
1272 2741 1480 2846 contingat
1553 2741 1598 2820 er
1626 2737 1745 2842 alios,
1788 2766 1910 2848 quam

107 2882 185 2964 per
216 2916 230 2935 .
260 2913 269 2933 .
304 2914 312 2933 .
340 2846 595 2938 Lundcnsem
624 2844 993 2956 Archiepiscopum
1015 2865 1055 2928 et
1077 2908 1085 2928 .
1109 2911 1117 2928 .
1144 2909 1153 2928 .
1176 2848 1423 2956 Episcopum
1437 2767 1740 2948 Rosiildensem
1755 2865 1910 2937 vestros

110 2983 156 3046 ut
192 2963 334 3047 dicitis
363 2958 549 3070 publicos
577 2958 778 3054 inimicos,
810 2956 1050 3039 durantibus
1077 2957 1309 3066 hujusmodi
1332 2959 1557 3060 inimicitiis
1584 2957 1811 3080 specialiter
1845 2960 1908 3038 in·

95 3075 275 3174 ‘terdiei
319 3071 430 3171 Nulli
473 3098 572 3179 ,ergo
602 3075 673 3168 &e
711 3073 858 3165 Datum
887 3082 933 3165 ut
962 3096 1095 3198 supra,
1826 3101 1831 3119 ¹

103 3465 252 3610 495Ρ
779 3399 929 3587 1264
975 3457 1023 3562 d.
1073 3495 1100 3562 2
1148 3460 1257 3562 lan.
1757 3459 1924 3565 Rom:

185 3670 454 3744 paratissimi
476 3677 546 3740 {Vs
566 3675 791 3742 Fb’rordnandc
812 3677 864 3745 fiir
884 3673 964 3752 Bisk.
985 3675 1105 3764 ilerum
1125 3678 1136 3738 i
1157 3677 1293 3758 Wiborg
1314 3685 1368 3752 att,
1389 3676 1488 3740 under
1518 3671 1695 3747 brie-Bisk.
1724 3678 1819 3748 ,Jrcoe
1840 3679 1907 3742 En-

248 3781 411 3823 uunssous
432 3763 602 3824 bortovaro
623 3763 666 3838 uti
688 3759 792 3836 Luuds
812 3759 886 3840 still,
909 3759 1039 3833 l'drr'a'lta
1060 3759 1377 3852 Bislopsgiirumdlen.

281 3979 466 4068 Urbanus
493 3985 564 4060 &u
592 3981 816 4072 Venerabili
841 3981 985 4072 Fratri
1006 4037 1020 4079 ⁵.
1052 4040 1061 4058 .
1093 4040 1102 4070 ,
1132 3975 1325 4089 Episcopo
1353 3869 1817 4084 bisibenzigrebsiadiduudim
1831 3981 1904 4058 &a
2002 3921 2006 3926 Ι

226 4165 229 4168 -
280 4124 345 4206 ad
375 4121 621 4212 audientiam
651 4139 831 4207 nostram
859 4101 1057 4233 pervenit,
1087 4122 1198 4233 quod
1223 4119 1475 4208 Venerabilis
1488 4119 1631 4212 Frater
1645 4133 1785 4206 noster
1813 4178 1822 4199 .
1853 4179 1901 4199 ..

78 4229 457 4360 Arcbiepiseopus
484 4233 712 4316 Lundensis
739 4261 782 4324 se
811 4262 835 4313 a
864 4234 1035 4326 Civitate
1063 4260 1108 4314 ac
1139 4234 1297 4318 Diocesi
1325 4227 1532 4316 Luudensi
1567 4246 1650 4310 tam
1680 4248 1793 4311 motu
1808 4257 1914 4339 pro-,

112 4354 214 4448 ric,
252 4374 379 4456 quam
407 4347 488 4428 suis
519 4343 650 4453 culpis
676 4346 942 4452 exigentibus
963 4342 1115 4424 diutius
1155 4342 1399 4437 absentavit,
1437 4339 1641 4426 Carissimi
1669 4340 1712 4422 in
1741 4338 1903 4420 Christo

69 4381 157 4544 iiii
185 4459 347 4561 ¹nostri
376 4457 418 4542 Ε,
448 4458 586 4567 Regis,
615 4483 662 4535 ao
684 4453 699 4550 ’,.
730 4517 739 4536 .
770 4517 779 4538 .
807 4457 959 4565 Regine
989 4456 1111 4542 Dacie
1139 4454 1361 4547 Illustrium
1389 4450 1560 4554 inimicis
1575 4447 1749 4560 publicis
1777 4449 1901 4532 adhe-

65 4569 261 4666 rend0‚
293 4569 350 4648 sic
380 4595 429 4648 ue
458 4596 541 4649 non
568 4583 645 4664 est,
674 4593 749 4646 nec
779 4564 857 4658 fuit
885 4566 1000 4647 annis
1028 4565 1214 4675 pluribus
1254 4563 1337 4674 jam
1380 4561 1542 4671 elapsis,
1583 4561 1656 4670 qui
1683 4561 1726 4645 iu
1753 4560 1917 4644 eisdem.

61 4597 382 4780 civitatevd
411 4680 570 4768 Diocesi
599 4679 742 4770 crisma
771 4678 995 4774 conficeret,
1023 4678 1232 4768 crismaret
1260 4701 1426 4785 pueros,
1454 4689 1495 4762 et
1522 4669 1704 4762 Subditis
1719 4669 1899 4854 {polone
1934 4757 1940 4779 Ι

245 4823 304 4890 §aa
322 4821 446 4893 Diplom.
472 4867 476 4877 .
1696 4848 1699 4858 ι
1829 4863 1832 4870 i
