4370 5950
929 465 1378 550 ·-80-

290 683 507 796 spolietur:
541 678 638 870 qpia
662 678 816 778 altare,
835 680 1110 780 ·deci1nas,-&
1138 684 1333 792 Spiritum
1349 701 1532 766 sanctum
1560 677 1706 784 emere,
1735 684 1799 768 vel
1827 684 2004 768 rendere
2030 690 2077 768 si-

288 797 527 880 moniacam
584 792 725 874 cresim
746 825 750 832 ·
772 820 855 874 esse
898 794 1033 874 nullus
1068 793 1244 876 fidelium
1262 799 1450 904 ignorat.
1513 794 1623 877 Idem
1659 797 1780 878 alibia
1818 795 2078 898 vunentanus,

292 903 554 1014 dilectissimi,
583 903 696 1012 quod
724 931 797 985 nos
827 904 965 997 audire
994 908 1195 1014 oportuit,
1224 907 1293 988 sed
1322 897 1477 988 audisse
1506 907 1688 1018 profecto
1712 935 1795 988 non
1811 908 1947 1000 libuit:
1962 936 2079 1016 quos·

291 1019 383 1102 dam
420 1015 571 1096 scilicet
606 1041 810 1095 sacrorum
823 1095 825 1103 ,
839 1016 1026 1097 ordinum
1062 1044 1145 1098 esse
1173 1017 1438 1125 professores,
1468 1021 1540 1129 qui
1570 1019 1644 1100 sub
1661 1047 1883 1101 munerum
1912 1018 2080 1115 datione,

291 1129 356 1212 vel
380 1129 643 1235 acceptione,
681 1127 755 1206 Dei
787 1128 997 1224 Ecclesiae,
1026 1129 1089 1208 vel
1119 1155 1255 1209 earum
1285 1130 1360 1212 sibi
1390 1130 1594 1210 sacrificia·
1611 1148 1826 1239 usurpant:
1854 1128 1976 1238 quod·
1997 1132 2081 1239 qui,-

288 1240 380 1324 dem
402 1237 533 1320 scelus'
560 1263 630 1317 vos
659 1264 741 1316 non
770 1236 1002 1319 iamdudum
1031 1241 1176 1319 acriter
1204 1243 1421 1321 correxisse
1438 1241 1636 1320 miramur.
1695 1245 1803 1322 luste
1839 1243 1945 1320 enim
1975 1239 2079 1321 uter-⁴

321 1379 378 1431 ue⁴
401 1346 681 1456 corripiendus
716 1366 791 1444 est,
820 1355 859 1430 δι
888 1377 910 1429 a
939 1369 1083 1429 sanctae
1112 1351 1314 1433 liminibus
1332 1350 1516 1431 Ecclesiae
1531 1351 2081 1460 summouendus,&qui·pro

290 1381 476 1544 Ecclesiae
511 1457 664 1538 ambitu
697 1487 861 1540 munera
891 1461 1077 1568 largitur,
1107 1469 1146 1542 &
1175 1465 1246 1570 qui
1275 1482 1320 1545 vt
1349 1456 1562 1542 Ecclesiam
1591 1461 1670 1560 det,
1713 1464 1929 1572 quicquam
1982 1491 2081 1570 prae·

293 1571 414 1656 sumit
461 1572 653 1677 accipere.
711 1570 791 1650 lstc
818 1572 972 1680 quippe
1000 1572 1151 1655 donum
1182 1575 1257 1654 Dei
1286 1601 1432 1670 emere,
1462 1573 1527 1652 hic
1564 1591 1696 1654 autem
1725 1573 1899 1654 vendere
1964 1601 2081 1654 raesu·

289 1686 372 1766 mit.
432 1682 649 1786 Sacrilegic
678 1708 843 1791 quoque
871 1684 950 1764 hoc
977 1682 1129 1763 facinus
1158 1713 1240 1764 non
1269 1685 1404 1792 dispar
1436 1686 1624 1780 dixerim,
1651 1708 1743 1764 curn
1759 1682 1821 1780 id,
1838 1603 2084 1792 quodspou·

290 1812 331 1880 tc
358 1801 398 1875 &
426 1820 539 1874 sacro
577 1789 876 1873 deliberationis
903 1792 1072 1875 arbitrio
1102 1797 1224 1900 gratis
1258 1795 1343 1876 fieri
1366 1795 1536 1890 debuit,
1573 1795 1648 1876 sub
1685 1799 1865 1903 pecuniae
1900 1796 2083 1902 pactione

166 1987 173 1994 ,
291 1921 490 1990 causatur.
528 1930 532 1960 ¹
563 1904 710 2003 Quare,
740 1903 882 1984 fratres
925 1907 1134 2000 carissimi,
1178 1935 1268 2016 quae
1312 1908 1445 1987 taliter
1474 1907 1575 1986 facta
1608 1924 1702 1987 sunt
1730 1908 1886 1987 curiose
1900 1905 2085 2002 refellite,

175 2073 176 2078 =
267 2017 437 2102 ‘infecta
464 2012 691 2121 prohibere,
720 2016 942 2123 vestrisque
958 2017 1200 2098 iussionibus
1228 2019 1455 2097 resistentes
1484 2017 1609 2124 digno
1629 2017 1897 2098 anathematis
1924 2017 2085 2098 vinculo

230 2171 235 2193 ν
289 2145 503 2242 percutere
531 2155 614 2207 non
642 2124 837 2206 dubitate.
896 2127 1008 2222 ltem,
1039 2129 1079 2207 Si
1110 2129 1201 2237 quis
1230 2126 1348 2208 dator
1376 2128 1439 2206 vel
1468 2146 1656 2235 acceptor
1686 2127 1760 2208 Dei
1789 2129 2004 2224 Ecclesiae,
2027 2129 2085 2209 vel

292 2241 569 2326 Ecclesiastica
604 2235 813 2332 beneficia,
851 2266 941 2348 quas
969 2238 1133 2347 quidam
1163 2238 1397 2346 praebendas
1426 2256 1592 2334 vocant,
1636 2237 1712 2318 sub
1742 2241 1922 2347 pecuniae
1966 2241 2085 2319 inter-

177 2365 180 2379 ’
287 2349 539 2447 mortmaine
553 2348 689 2432 dando
717 2349 865 2445 emerit,
895 2351 990 2442 siue,
1008 2348 1243 2456 accipiendo
1271 2349 1547 2446 vendiderit,a
1578 2350 1751 2430 Simonis
1766 2379 1849 2431 non
1864 2351 2087 2459 excluditur

293 2465 532 2580 perditione.
591 2461 685 2541 Non
713 2458 843 2538 solnm
873 2479 1002 2544 autem
1032 2463 1221 2568 pecunia,
1251 2460 1320 2543 sed
1348 2467 1387 2542 8(
1415 2451 1609 2570 quaelibet¹
1634 2461 1823 2571 obsequij
1851 2479 1922 2542 aut
1951 2490 2088 2542 mune·

231 2625 236 2632 .
289 2585 350 2663 'ris
378 2580 534 2686 species
556 2574 599 2651 in
627 2570 858 2651 huiusmodi
883 2572 1143 2658 criminaliter
1172 2572 1391 2654 intercedit.
1451 2571 1568 2652 Vnde
1596 2571 1700 2654 idem
1729 2576 1869 2657 beatus
1898 2575 2088 2682 Gregori-

292 2721 360 2793 us,
389 2693 511 2784 Rene,
541 2687 692 2792 inquit,
721 2709 813 2789 cum
842 2681 974 2762 virum
1002 2683 1150 2762 iustum
1178 2707 1254 2792 pro
1283 2683 1501 2793 praebenda
1530 2684 1790 2784 describeret,
1830 2688 1902 2784 ait,
1947 2692 2088 2769 Beatus
2170 2725 2171 2730 Ν

294 2808 363 2916 qui
407 2803 560 2886 excutit
595 2822 735 2878 manus
772 2797 864 2874 suas
899 2793 950 2874 ab
980 2796 1088 2874 omni
1117 2823 1290 2876 munere.
1347 2797 1439 2876 Non
1468 2793 1577 2876 dixit.
1597 2797 1725 2878 solum
1755 2825 1778 2877 a
1808 2827 1993 2897 munere,
2023 2797 2090 2878 sed

294 2921 347 3003 ab
376 2920 486 3002 omni
515 2935 697 2992 munere:
727 2906 823 3018 quia
852 2903 963 2989 aliud
993 2923 1053 2988 est
1078 2936 1222 2990 munus
1251 2909 1301 2990 ab
1331 2907 1545 3017 obsequio,
1578 2908 1687 2990 aliud
1716 2931 1741 3016 a·
1768 2931 1898 3009 manu,
1928 2909 2090 2994 aliuda

286 3031 448 3140 lingua.
515 3025 660 3107 Munus
696 3021 747 3102 ab
782 3019 979 3130 obsequio
1013 3040 1073 3103 est
1107 3025 1280 3106 seruitus
1317 3019 1493 3101 indebite
1522 3021 1717 3128 impensa,
1747 3051 1892 3106 munus
1921 3055 1944 3104 a
1972 3047 2092 3104 manu
2155 3087 2160 3096 .

294 3145 464 3250 pecunia
499 3158 576 3236 est,
616 3162 761 3216 munus
799 3161 822 3212 a
858 3135 1005 3242 lingua,
1033 3132 1160 3215 fauor.
1217 3134 1300 3237 Qui
1327 3161 1431 3240 ergo¹
1454 3158 1587 3213 sacros
1615 3136 1775 3217 ordines
1804 3135 1969 3236 tribuit,
1997 3155 2091 3217 tunc

288 3253 348 3335 'ab
382 3256 491 3336 omni
527 3277 691 3332 munere
719 3271 859 3325 manus
888 3245 1056 3340 excutit,
1089 3246 1253 3354 quando
1282 3246 1323 3323 in
1353 3243 1501 3324 diuinis
1528 3245 1650 3327 rebus
1687 3277 1770 3329 non
1800 3251 1928 3333 solum
1973 3273 2093 3358 pecu-

297 3367 405 3448 niam
434 3365 601 3458 nullam,
630 3359 700 3441 sed
729 3386 803 3438 nec
831 3359 948 3439 ctiam
975 3355 1189 3437 humanam
1218 3357 1383 3464 gratiam
1411 3355 1592 3462 requirit.
1652 3359 1776 3462 Quod
1805 3379 1935 3442 autem
1965 3383 2093 3440 sacer·

217 3540 221 3556 .
296 3477 390 3573 dos,
420 3471 489 3558 au't
517 3473 689 3584 quilibet
719 3467 897 3563 clericus,
927 3467 1087 3548 aliunde
1124 3467 1371 3563 adueniens·
1395 3467 1458 3545 vel
1502 3467 1675 3573 ignotus,
1730 3473 1815 3552 sine
1864 3469 2093 3556 testimonio

296 3596 337 3670 δι’
365 3588 488 3671 literis
520 3585 657 3666 saltem
685 3582 875 3690 Episcopi
903 3581 964 3660 sui
993 3582 1035 3659 in
1063 3581 1190 3662 aliena
1215 3579 1391 3660 'Dioecesi
1427 3581 1551 3685 recipi
1580 3598 1649 3661 aut
1678 3584 1902 3678 ministrare
1924 3611 2010 3664 non
2027 3581 2094 3662 de·

300 3699 414 3799 beat,
447 3703 489 3780 in
518 3692 853 3777 Calchedonensis
882 3691 1028 3798 legitur
1058 3692 1240 3774 Concilio
1269 3689 1477 3770 delinitum
1505 3717 1579 3794 per
1607 3692 1691 3774 haec
1719 3695 1862 3775 verba:
1891 3697 2094 3802 Extraneo

298 3809 464 3910 clerico,
500 3807 562 3890 vel
579 3805 738 3897 lectori,
768 3823 880 3884 extra
908 3829 1020 3881 suam
1056 3804 1256 3883 ciuitatem
1300 3805 1383 3880 sine
1420 3801 1543 3878 literis
1572 3804 1905 3912 commendatitiis
1933 3801 2095 3912 proprij

297 3923 501 4032 Episcopi,
519 3944 714 4025 nusquam
744 3916 903 4022 penitus
933 3913 1048 3992 liceat
1077 3913 1310 4016 ministrare.
1361 3912 1468 3989 item
1497 3911 1538 3989 in
1571 3912 1754 3998 Concilio
1777 3915 2097 4023 Carthaginensi,

298 4035 497 4116 Clericum
534 4028 724 4122 alienum,
760 4026 837 4106 nisi
877 4023 1120 4104 concedente
1148 4023 1231 4103 eius
1260 4021 1482 4130 Episcopo,
1512 4048 1628 4104 nemo
1659 4025 1803 4108 audeat
1831 4027 2016 4125 retinere,
2035 4022 2099 4106 vel
2153 4034 2161 4057 ⁸

298 4169 539 4255 promouere
566 4143 608 4220 in
636 4137 812 4218 Ecclesia
840 4136 916 4217 sibl
945 4134 1105 4217 credita.
1164 4136 1261 4214 ltem
1293 4131 1431 4212 beatus
1461 4133 1706 4239 Augustinus
1737 4139 1780 4217 in
1794 4165 1976 4220 sermone
1992 4167 2100 4247 quo-

291 4256 392 4339 ‘dam
429 4257 479 4338 ad
517 4252 731 4362 populum,
761 4248 998 4345 Hortamur,
1028 4247 1174 4355 inquit,
1204 4245 1539 4325 Christianitatem
1568 4265 1759 4344 vestram,
1791 4267 1834 4328 vt
1863 4250 1976 4330 iuxta
2006 4275 2101 4330 san·

299 4387 458 4452 ctorum
486 4388 686 4446 canonum
714 4362 915 4456 instituta,
943 4361 985 4438 in
1013 4357 1200 4464 Ecclesijs
1230 4385 1252 4436 a
1281 4357 1411 4436 vobis
1426 4353 1601 4437 fundatis
1629 4358 1791 4441 aliunde
1806 4358 1969 4440 veniens
1985 4369 2104 4468 pres·

300 4479 419 4585 byter
449 4505 532 4560 non
548 4473 796 4580 suscipiatur,
812 4470 887 4550 nisi
916 4497 940 4548 a
967 4486 1110 4550 vestrae
1137 4467 1256 4549 fuerit
1284 4467 1468 4546 Ecclesiae
1496 4469 1700 4578 Episcopo
1731 4489 2000 4568 consecratus,
2037 4487 2108 4552 aut

217 4611 222 4630 ’
300 4588 352 4668 ab
388 4617 436 4670 eo
473 4613 547 4694 per
582 4580 920 4669 commendatitias
949 4581 1081 4661 literas
1110 4581 1359 4686 suscipiatur.
1416 4578 1479 4657 Ad
1509 4578 1597 4674 hoc,
1614 4591 1664 4661 ne
1680 4580 1824 4662 Clerici
1856 4580 1906 4662 ad
1936 4583 2108 4664 saecula·

224 4763 226 4770 ,
291 4701 359 4778 ‘ria
394 4696 542 4778 iudicia
570 4695 875 4805 pertrahantur,
905 4692 1245 4774 &Romanorum
1275 4693 1565 4797 Imperatorum
1596 4689 1703 4798 lege's
1732 4692 1973 4798 prohibent,
2006 4721 2108 4802 quae

296 4825 488 4917 tanquam
524 4835 715 4902 canones,
751 4805 821 4886 vbi
851 4803 1072 4883 canonibus
1101 4832 1183 4884 non
1199 4803 1387 4894 obuiant,
1404 4799 1794 4899 suntobseruandae,
1811 4809 2109 4912 &sanctorum

298 4937 511 5030 patrumac
526 4919 862 5026 praedecessorum
876 4930 1109 4997 nostrorum
1126 4917 1341 4997 auctoritas
1357 4911 1569 4996 interdicit.
1602 4912 1749 5018 Scribit
1766 4914 1870 4994 enirn
1879 4914 2009 4996 beatae
2022 4915 2109 4996 me-

865 5054 868 5064 ’
1043 5071 1045 5078 ’
1658 5065 1662 5072 “
1756 5051 1902 5110 morlae'
1955 5059 1974 5087 '¹
