4384 5946
845 426 849 440 .
985 356 1099 506 ssaf
1160 377 1257 462 52.
1320 422 1379 446 ...-

361 675 366 683 .
463 545 1021 712 perscrutatorem
1046 599 1409 710 massagetae
1434 559 1648 701 crosno
1676 599 1728 694 aa
1756 618 1855 680 aar
1880 602 1930 682 r.
1968 617 2072 707 1:76.
2172 621 2173 628 Ν

492 717 552 824 pat
577 723 663 840 sdtt
691 713 899 792 der-stades
926 717 944 791 i
968 716 1339 819 anmci‘rltningome
1366 715 1581 849 anpisoes,
1614 713 1726 792 cincla
1753 714 1820 792 till
1846 715 1995 793 orden:

300 859 436 941 innata
468 859 558 938 viro
583 858 742 965 'pietas-
792 857 896 952 ltem
931 851 982 936 de
1011 855 1236 938 redditibus
1264 881 1399 935 mense
1428 883 1498 935 sue
1532 853 1807 934 attinentibus.
1837 853 2076 963 prebendam

283 968 472 1053 ⁴instituit
497 995 591 1048 cum
614 967 734 1054 terris
762 973 801 1046 8
829 994 950 1047 censu
980 970 1220 1076 subscripto.
1278 967 1439 1045 Mansus
1467 963 1647 1072 akedorp
1670 963 1868 1048 dimidius.
1885 968 1925 1047 ll
1940 968 1984 1046 in
1999 993 2078 1047 arc-

300 1081 387 1162 leue
433 1077 649 1170 Gctersles.
691 1077 835 1157 Marca.
872 1076 1014 1158 Gislef.
1037 1075 1176 1170 'Marca
1233 1079 1436 1159 Simbrose
1464 1077 1610 1156 Marca.
1641 1074 1692 1155 dc
1721 1103 1843 1156 censu
1869 1078 2011 1157 insule.
2045 1077 2077 1157 ll

297 1189 460 1272 marche
516 1190 631 1274 Item.
667 1187 816 1294 walby.
852 1189 893 1268 II
921 1190 1056 1268 mansi.
1114 1184 1313 1298 Gcshrtge.
1343 1189 1403 1268 III
1432 1206 1566 1294 partes
1588 1189 1723 1266 mansi.
1752 1202 1792 1266 et
1821 1181 2080 1268 decensuin·

283 1300 395 1382 sule.
426 1299 466 1378 Il
493 1299 653 1380 marche
682 1300 795 1378 Jtem.
828 1298 1070 1406 birkebiarg.
1088 1328 1248 1381 mansus
1262 1297 1461 1379 dimidius.
1521 1298 1679 1384 Malam.
1709 1325 1867 1378 mansus
1882 1298 2079 1380 dimidius.

297 1409 506 1493 Hestuit'e.
534 1411 632 1489 VIII
660 1406 779 1491 solidi
806 1411 921 1490 Nees.
951 1411 989 1488 V
1004 1409 1133 1491 solidi.
1149 1411 1325 1504 Gemsict.
1341 1410 1440 1489 VIII
1455 1407 1583 1489 solidi.
1641 1408 1926 1518 Godencdorp.
1944 1411 2081 1490 llll:or

298 1520 460 1604 solidi·
507 1519 781 1630 Seipendorp-
808 1549 965 1618 mansus
1014 1517 1246 1603 dimidius'
1291 1517 1619 1600 Heruezstadum.
1677 1520 1849 1601 Mansus.
1906 1522 2079 1629 Croppc.

296 1660 470 1714 mansus
533 1631 772 1725 Wcrmlrtse.
810 1631 999 1730 dimidius
1022 1649 1197 1714 mansus.
1229 1632 1279 1714 de
1308 1631 1448 1711 insula.
1478 1648 1560 1710 tres
1587 1630 1748 1712 marche
1776 1633 1879 1710 Item
1913 1630 1966 1712 ad
1994 1660 2080 1740 pre·

295 1743 472 1832 benda'm
499 1741 786 1846 sacerdotalem
815 1743 928 1850 prius
953 1746 1223 1828 constitutam.
1254 1742 1355 1823 duas
1383 1770 1535 1822 marcas
1561 1740 1719 1823 addidit
1746 1741 1798 1822 de
1829 1741 1967 1823 debito
1982 1745 2079 1824 ciui·
2178 1787 2179 1792 ,

300 1855 403 1934 tatis.
436 1869 476 1934 et
504 1855 626 1934 tercia
654 1852 704 1935 de
733 1853 876 1960 jusula.
934 1856 1048 1934 Jtem.
1079 1853 1215 1934 choro.
1246 1869 1329 1932 tres
1357 1879 1509 1931 marcas
1537 1854 1641 1934 Jtem
1656 1853 1709 1934 ad
1723 1852 1972 1960 prebendam
1988 1855 2079 1934 subss

291 1965 470 2049 diaconi.
506 1963 678 2044 Marcam
706 1965 807 2044 Item
836 1963 889 2044 ad
917 1963 1164 2072 prebendam
1192 1963 1437 2045 subdiaconi.
1468 1961 1568 2042 duas
1597 1992 1748 2044 marcas
1763 1962 1814 2043 de
1829 1962 1969 2046 debito
1985 1959 2106 2046 ciui-⁴

295 2077 392 2158 tatis
419 2081 460 2155 8t
487 2077 650 2156 terciam
679 2074 730 2156 de
757 2075 898 2174 insula.
934 2077 986 2154 ln
1012 2103 1222 2156 commune
1248 2101 1412 2184 quoque
1441 2075 1655 2154 seruicium
1683 2073 1796 2156 dedit
1824 2078 1953 2155 curias
1968 2077 2077 2156 duas.

174 2179 178 2190 ’
296 2183 494 2296 'alnedorp
507 2192 561 2267 .&
588 2185 824 2266 balleneslef
845 2215 935 2268 cum
966 2186 1153 2267 omnibus
1181 2187 1262 2265 suis
1290 2185 1524 2265 attinenciis.
1555 2202 1599 2264 vt
1627 2185 1773 2266 exinde
1802 2183 1995 2266 fratribus
2011 2181 2080 2289 ἰωέ

100 2321 103 2332 ’
189 2395 192 2400 Ι
294 2296 502 2410 pendatur
537 2299 679 2378 caritas
715 2301 758 2377 in
792 2299 1065 2378 anniuersaria
1083 2296 1226 2405 ¹ipsius
1262 2293 1535 2404 deposicione.
1561 2302 1600 2376 8(
1629 2297 1819 2376 memoria
1848 2299 1932 2376 cius
1961 2299 2079 2404 sitin

296 2437 398 2520 pace
440 2415 478 2491 s<
506 2425 644 2489 eterna
679 2407 966 2490 benediccione
996 2410 1191 2488 Cantores
1220 2406 1384 2486 ecclesie
1401 2407 1483 2486 isto
1492 2405 1696 2487 ordinauit
1709 2407 1864 2488 honore
1873 2401 1918 2488 ⁴&
1929 2408 2082 2512 ,heracli-¹
2176 2431 2179 2554 p

297 2524 373 2604 cio.
403 2537 447 2601 vt
474 2521 786 2628 subscriptarum
815 2518 1078 2598 festiuitatum
1107 2516 1261 2622 diebus.
1291 2533 1456 2596 ornatos
1484 2517 1648 2598 baculos
1675 2518 1918 2600 inmanibus
1931 2519 2084 2599 haben·x

225 2639 247 2738 f
296 2651 358 2716 tes
385 2631 555 2711 chorum
583 2647 736 2736 regant.
766 2647 806 2711 et
832 2628 917 2709 duo
944 2657 994 2708 ex
1023 2627 1227 2708 fratribus.
1258 2655 1331 2720 suo
1360 2628 1460 2708 loco.
1493 2629 1688 2708 letaniam.
1706 2631 1850 2710 cristus
1865 2631 2000 2710 vincit.
2019 2628 2077 2711 di·

296 2761 402 2827 cant.
460 2739 613 2820 Deinde
641 2739 789 2848 singuli
818 2767 891 2848 per
919 2737 1075 2847 singula
1104 2737 1247 2818 officia.
1277 2753 1472 2818 statutum
1504 2740 1682 2819 caritatis
1711 2767 1856 2821 munus
1877 2739 1927 2820 de
1963 2769 2080 2820 manu
2178 2805 2179 2834 .

298 2853 454 2940 domini
489 2852 780 2959 archiepiscopi·
821 2851 1040 2958 suscipiant
1087 2865 1093 2902 -'
1109 2847 1180 2929 Ad
1203 2851 1345 2930 cristus
1373 2851 1510 2929 vincit.
1542 2879 1713 2929 marcam
1743 2849 1948 2930 dimidiam
1978 2852 2081 2931 Can·
2177 2839 2179 2924 l

297 2979 418 3048 tores.
447 2962 624 3069 singulas
652 2990 754 3041 oras.
813 2962 1015 3041 Diaconus
1043 2982 1167 3057 oram'
1185 2953 1464 3040 Subdiaconus
1493 2962 1532 3040 Il
1547 2960 1707 3041 solidos.
1767 2960 2080 3043 Gradualeean·
2162 3009 2166 3016 ·

298 3077 380 3157 tori
396 3073 489 3155 duo.
505 3073 586 3151 Illl
601 3071 762 3153 solidos.
819 3071 910 3152 Alla
930 3069 959 3180 ¹)
989 3070 1190 3150 Similiter.
1248 3073 1335 3150 Hiis
1350 3070 1492 3150 diebus
1508 3073 1740 3162 Natiuitatis
1755 3071 1918 3153 domini.
1950 3073 1979 3151 I.
2010 3075 2079 3153 Ill.
2177 3133 2179 3144 .

293 3189 339 3268 '&
367 3185 465 3264 VIII
492 3181 569 3264 die.
601 3183 828 3293 Epiphanie
858 3178 1020 3262 domiui.
1079 3180 1298 3290 Ypapanti.
1316 3180 1516 3261 Omnibus
1531 3199 1667 3262 sancte
1682 3186 1806 3262 marie
1823 3182 2078 3291 sollempniis.
2178 3255 2179 3262 ,

300 3295 625 3392 Resurrectioniffi
657 3309 697 3372 et
726 3293 968 3376 ascensionis
1005 3290 1168 3376 domini.
1227 3296 1480 3372 Pentecostes
1508 3293 1701 3394 Iohannis
1730 3295 1915 3400 baptiste.
1974 3297 2081 3374 Petri
2178 3303 2179 3308 ’

297 3415 338 3490 8(
366 3405 514 3489 Pauli·
548 3403 777 3510 Laurencij.
807 3400 1082 3482 Dedicaoionis
1100 3401 1143 3512 ²).
1194 3403 1415 3484 -blichaelis
1447 3417 1488 3480 et
1516 3407 1693 3484 omnium
1710 3423 1940 3484 sanctorum
1955 3406 2081 3484 Et'in·

298 3521 362 3602 fra
389 3519 686 3601 monasterium.
716 3531 796 3593 tres
825 3513 1006 3592 marchas
1035 3512 1191 3596 addidit
1218 3512 1268 3594 de
1297 3543 1418 3594 manu
1448 3515 1962 3623 episcopi.'singulisannis
1981 3513 2081 3594 Vni·

299 3631 447 3712 uersis‘
467 3633 593 3740 igitur
634 3624 933 3705 racionabiliter
976 3624 1181 3705 ordinatis.
1219 3643 1462 3734 cooperante
1497 3627 1642 3733 spiritu
1684 3644 1834 3707 sancto.
1880 3628 1922 3724 in
1951 3627 2081 3706 leticia

299 3741 433 3844 cordis
452 3749 541 3845 sui.
571 3736 774 3819 dedicauit
802 3735 1007 3816 ecclesiam
1036 3741 1223 3816 maiorem
1251 3736 1300 3816 ad
1331 3736 1487 3816 laudem
1516 3741 1555 3816 8(
1584 3737 1778 3815 honorem
1807 3737 1980 3817 nominis
2008 3737 2081 3816 do·

299 3855 398 3936 mini
432 3855 476 3933 in
502 3853 698 3934 honorem
727 3863 863 3927 sancte
892 3853 930 3925 8<
958 3850 1192 3926 intemerate
1220 3847 1387 3953 virginis
1415 3849 1549 3926 marie.
1577 3862 1617 3926 et
1646 3846 1866 3954 beatissimi
1893 3849 2082 3954 martyris

244 4041 248 4049 .
299 3971 341 4046 &
374 3963 495 4045 leuitc
545 3958 752 4066 laurencij.
817 3959 919 4037 Cum
953 3957 1079 4038 multa
1114 3957 1343 4066 frequeneia
1385 3953 1678 4065 episcoporum.
1724 3958 1963 4066 principum.
2007 3987 2081 4038 no·

284 4075 452 4180 ¹¹billum.
495 4071 603 4153 cleri.
648 4068 802 4178 populi.
845 4086 886 4148 et
928 4070 1109 4170 omnium
1132 4069 1342 4176 utriusque
1370 4093 1488 4145 sexus
1516 4083 1665 4146 etatum
1694 4069 1755 4148 Ne
1783 4066 1884 4178 quid
1912 4097 2008 4178 ergo
2028 4071 2082 4182 ,in

275 4213 277 4220 ·
300 4188 414 4280 cultu
442 4181 606 4288 deesset,
621 4180 836 4289 religionis.
867 4181 1047 4286 preciosa
1075 4205 1234 4288 queque
1254 4204 1343 4256 cum
1360 4174 1615 4257 indumentis.
1633 4180 1683 4256 Jn
1698 4197 1845 4259 ornatu
1860 4179 2024 4258 ecclesie
2043 4187 2082 4258 &

300 4279 450 4380 altaris.
479 4294 677 4375 uniuersis
712 4290 934 4371 astantibus
970 4290 1192 4397 presentari
1226 4286 1334 4367 fecit.
1365 4303 1406 4366 et
1434 4316 1555 4396 super
1582 4307 1763 4369 sanctum
1801 4290 1926 4369 altare
1956 4288 2081 4371 alacri

301 4407 523 4490 dcuocione
559 4403 710 4485 obtulit
744 4403 795 4480 Et
827 4401 1016 4480 vniuersa
1049 4399 1141 4494 hec,
1176 4415 1263 4477 rata
1299 4404 1339 4477 St
1371 4398 1610 4478 inconuulsa
1658 4427 1907 4508 permanere.
1951 4401 2093 4478 totius

300 4532 527 4599 conuentus
562 4512 854 4623 inprecacione.
885 4526 1085 4619 perpetuo
1098 4509 1295 4589 sancciuit
1309 4506 1575 4588 anathemate.
1634 4511 1718 4591 Hec
1733 4529 1873 4591 vestes.
1932 4510 2081 4590 Casule
2175 4505 2179 4520 '

234 4625 235 4628 '
299 4629 338 4707 V
364 4627 545 4737 preciose
566 4628 705 4735 Cappa
721 4640 813 4703 tres.
830 4623 1022 4731 precipue
1078 4620 1191 4701 Albe.
1210 4621 1252 4698 in
1267 4619 1618 4726 Superbumeralia
1634 4621 1784 4701 llll:ot.
1843 4619 2082 4702 Dalmatice.

295 4809 566 4830 m

388 4872 415 4949 r)
436 4867 589 4952 Alleluia?
611 4832 660 4948 ¹a)
683 4867 811 4952 Capellc
830 4869 869 4928 tir
881 4804 1033 4946 derdsver
1052 4863 1181 4944 alrrifuit
1202 4861 1274 4925 nied
1293 4879 1408 4924 scutata
1428 4861 1531 4936 baad,
1552 4884 1616 4927 som
1637 4864 1756 4944 ajelsva
1775 4865 1878 4928 holten.
1969 4891 1971 4898 ’
