4384 5946
951 379 1020 476 3
1127 405 1173 490 rd
1285 401 1552 502 ···’,,

248 630 384 742 gimen
411 624 582 735 obtinet)
611 651 685 732 per
712 650 773 720 se,
800 644 870 708 aut
897 625 1120 722 Vicarium,
1149 653 1262 706 suam
1298 624 1426 705 vicem
1469 639 1671 731 gerentem
1713 621 1756 701 in
1798 618 2044 730 adjutorium

250 740 503 824 Coloniensis
531 735 836 846 Archiepiscopi
878 737 1069 820 invitatus
1111 736 1284 818 accedat.
1356 735 1529 815 Dilatata
1572 750 1704 814 autem
1746 733 2043 846 Hamburgerisi

249 853 447 946 Ecclesia,
463 849 652 956 largitore
677 850 859 929 omnium
887 852 1090 932 bonorum
1116 846 1445 943 adminiculante,
1473 851 1514 926 8ι
1527 843 1702 926 fundatis
1719 845 1958 952 EpiscopiiS,
1973 873 2042 926 sae·

129 1019 132 1032 ·
248 993 304 1075 pe
317 975 532 1044 memorata
546 958 848 1043 Coloniae'sedes
864 960 1113 1042 Bremensem
1127 959 1294 1154 recipiat
1308 958 1533 1038 Ecclesiam.
1590 957 1856 1037 Inhumanum
1869 956 1978 1035 enim
1993 954 2058 1068 ²³),

250 1092 311 1158 est
353 1073 457 1154 inter
500 1072 716 1167 seculares,
766 1072 893 1152 aliena
939 1071 1031 1178 jura
1081 1099 1205 1180 parva
1233 1099 1318 1166 ere,
1370 1069 1649 1178 quantomagis
1703 1068 2044 1150 sanctissimorum
2177 1149 2185 1160 ,

251 1184 400 1294 Episco
432 1209 550 1264 orum
578 1179 612 1248 ²⁴
658 1198 825 1262 statutos
847 1211 871 1262 a
895 1183 1078 1290 patribus
1105 1181 1331 1292 transgredi
1358 1180 1560 1287 terminos,
1590 1185 1628 1260 a
1656 1205 1724 1261 eos
1751 1178 1927 1286 litigare,
1971 1178 2043 1290 qui

247 1295 358 1405 pacis
386 1212 582 1376 <Abanta
640 1292 733 1374 ditis
760 1295 944 1402 exempla
971 1296 1161 1403 praebere.
1218 1293 1314 1374 Haec
1342 1309 1474 1372 autem
1501 1288 1552 1371 ad
1579 1289 1657 1373 hoe
1685 1284 1844 1372 decreta
1872 1307 1934 1370 est
1962 1289 2043 1371 dis-

246 1407 450 1515 pensatio,
479 1422 526 1485 ut
553 1429 633 1516 pax
661 1403 812 1510 vigeat,
841 1422 967 1488 cesset
994 1405 1197 1486 contentio
1211 1410 1252 1485 8ι
1272 1404 1433 1512 justitiae
1448 1393 1623 1511 rigorem
1638 1399 1919 1481 misericordiae
1934 1429 2076 1480 oom·=

246 1519 402 1626 pressio
429 1533 643 1624 temperet3
672 1515 858 1611 scientes,
886 1517 971 1596 sine
999 1519 1109 1625 pacis
1137 1517 1248 1597 bono
1276 1515 1433 1596 nullum
1449 1518 1536 1598 Deo
1551 1539 1698 1594 munus
1711 1509 1797 1592 fore
1818 1509 2043 1628 acceptabi-

246 1629 297 1711 le.
352 1624 464 1710 Nulli
493 1627 617 1734 igitur
643 1626 808 1707 omnino
837 1626 1043 1708 hominum
1071 1633 1152 1736 &c-

255 2055 339 2166 ta.
619 2038 621 2047 '
955 2027 1070 2169 905
1098 1955 1165 2128 ·d·
1214 2061 1242 2127 2
1293 2016 1441 2126 Febr.

369 2239 461 2306 thv·
483 2237 614 2304 Saserna
635 2240 704 2306 uls
724 2237 945 2328 upphtilvande
967 2248 1005 2308 ut'
1020 2243 1207 2326 l'tiregfiende
1227 2244 1346 2327 stadga.

414 2391 585 2472 Sanctus
614 2391 860 2502 Episcopus,
889 2422 1027 2475 servus
1056 2421 1263 2475 servorum
1291 2394 1387 2490 Dei,
1416 2386 1760 2473 Reverendissiino
1803 2397 1842 2473 &
1877 2390 2041 2474 ¹sanctis·

131 2522 136 2531 ‘
240 2497 342 2584 eiuro
370 2500 588 2608 Adalgario
617 2501 862 2587 Hammabur
891 2507 994 2588 ensis
1021 2503 1206 2587 Ecclesiae
1233 2503 1559 2613 Archiepiscopo,
1589 2501 1861 2613 Apostolicam'
1877 2501 2041 2584 benedi·

149 2660 154 2670 ·
241 2616 417 2696 ctionem
439 2619 485 2725 8(
511 2627 718 2720 paternam
746 2535 1079 2712 consolationem,
1107 2617 1302 2724 susceptis
1330 2634 1409 2696 tuae
1437 2614 1681 2696 fraternitati
1702 2615 1825 2698 literis
1867 2614 2043 2723 cognitis

238 2723 285 2806 in
311 2723 368 2806 eis
396 2719 543 2831 injuria
569 2723 755 2806 Ecclesiae
782 2742 861 2807 tuae
890 2735 928 2809 8c
955 2728 1030 2809 tibi
1060 2725 1187 2824 illata,
1217 2755 1300 2807 non
1331 2727 1461 2807 solum
1490 2725 1540 2807 de
1582 2754 1648 2822 ea,
1692 2724 1761 2806 sed
1804 2725 1855 2807 de
1899 2729 2042 2838 iniquo

238 2833 423 2918 Formosi
450 2836 568 2943 Papae
596 2861 793 2931 consensu
820 2843 859 2919 &
888 2837 1108 2920 Hermanni
1136 2837 1384 2934 Coloniensis¹
1413 2843 1452 2919 &
1481 2837 1706 2945 Moguntini
1734 2835 2041 2946 Archiepiscopi

173 2953 175 2956 ’
237 2948 280 3029 8ε
307 2946 477 3030 aliorum
504 2947 800 3075 Episcoporum
829 2951 968 3062 iniqua
996 2949 1335 3032 circumventione.
1362 2956 1407 3077 St·
1428 2945 1599 3067 judicio,
1637 2947 1860 3032 contristati
1891 2978 2040 3030 sumus.

39 3077 48 3094 ·
129 3065 136 3083 ⁸
239 3057 355 3161 Quid
383 3085 557 3169 namque
585 3059 816 3167 injuriosius
844 3091 967 3172 quam
995 3061 1147 3170 privari
1175 3060 1359 3142 ecclesias
1408 3077 1496 3142 uste
1524 3060 1599 3140 sibi
1614 3055 2039 3158 traditathonoribus,

239 3167 342 3296 quid
371 3169 489 3249 etiam
517 3170 722 3279 iniquius?
750 3197 868 3281 quarn
899 3173 1049 3254 violare
1078 3171 1122 3254 &¹
1145 3171 1362 3280 infringere
1411 3187 1682 3279 mperatorum
1710 3178 1753 3251 &'
1781 3171 1938 3277 Regum
1954 3201 2041 3252 car-

240 3294 293 3359 tis
320 3278 467 3360 tradita
495 3277 666 3388 plurima
696 3285 984 3391 Apostolorum
1012 3283 1233 3391 privilegia,
1262 3281 1318 3376 nil
1347 3281 1518 3391 amplius
1547 3311 1569 3362 a
1599 3282 1715 3362 nobis
1742 3281 1806 3361 vel
1834 3311 2038 3366 successo-

237 3389 353 3473 ribus
380 3393 526 3472 nostris
547 3408 692 3490 ratam,
721 3383 843 3476 'verba
871 3395 1080 3491 dominica,
1110 3414 1154 3476 tu
1183 3424 1223 3475 es
1252 3397 1393 3476 Petrus
1421 3401 1460 3476 sst
1488 3421 1611 3500 supra
1626 3391 1728 3474 hano
1743 3411 1897 3500 petram
1915 3394 2038 3475 aedili·

237 3503 343 3585 cabo
371 3501 587 3589 Ecclesiam
614 3533 751 3602 meam,
781 3511 819 3584 &
846 3506 959 3614 juxta
987 3509 1071 3588 haec
1099 3507 1223 3588 verba
1250 3505 1446 3614 Apostoli,
1476 3509 1568 3586 estis
1597 3499 1900 3612 superaedificati
1915 3533 2040 3614 super

240 3611 545 3698 fimdamentum
574 3615 863 3723 Apostolorum
891 3613 1249 3727 &Prophetarum
1277 3619 1319 3697 in
1347 3617 1437 3727 ipso
1480 3614 1662 3723 angulari
1705 3614 1837 3725 lapide
1873 3617 2040 3699 Christo

238 3723 345 3808 lesu.
402 3724 571 3807 Constat
599 3746 774 3808 sanctam
803 3736 841 3810 8c
870 3729 1132 3811 universalem
1162 3730 1376 3810 Ecclesiam
1404 3727 1611 3812 fundatam
1640 3755 1722 3808 esse
1736 3755 1860 3835 supra
1874 3731 2041 3811 Petrum
2181 3791 2183 3814 Α

239 3835 610 3918 &fundamentum
639 3839 931 3946 Prophetarum
959 3847 997 3922 8<
1027 3839 1327 3948 Apostolorum,
1357 3845 1396 3918 &
1425 3855 1678 3945 compactum
1693 3840 1734 3919 in
1749 3841 1839 3947 ipso
1853 3841 2038 3948 angulari

236 3941 279 4026 'a
307 3944 535 4027 firmissimo
568 3943 699 4052 lapide
714 3945 875 4030 Christo
890 3951 912 4026 l
914 3975 996 4048 esu,
1014 3977 1169 4029 necesse
1185 3965 1243 4030 est
1258 3969 1303 4029 ut
1318 3948 1373 4029 sio
1389 3948 1475 4056 ipsa
1490 3949 1630 4028 Petrea
1643 3956 1684 4030 &
1697 3951 1933 4056 Apostolica
1947 3951 2038 4032 fun·
2180 3955 2181 3958 '

238 4053 350 4140 datio
383 4063 423 4138 8(
455 4072 590 4136 sancta
619 4059 821 4164 angularis
850 4061 1125 4168 compactione
1155 4057 1296 4155 firma,
1318 4077 1463 4139 aeterna
1491 4065 1530 4140 sst
1556 4059 1783 4156 immobilis,
1811 4063 1865 4142 ita
1908 4063 2038 4144 omnis

234 4161 513 4358 gcclesiasticla
522 4168 868 4361 pipperaedilicatio
896 4169 947 4253 sit
974 4189 1060 4252 rata
1089 4176 1128 4252 &
1157 4169 1322 4268 stabilis,
1354 4176 1393 4252 &
1419 4170 1470 4304 ah
1500 4169 1611 4290 omni
1639 4171 1812 4250 humana
1842 4199 2036 4278 praesum.

111 4341 125 4360 .
269 4303 346 4360 one
373 4307 521 4364 rnvroa
579 4307 624 4360 rs.

405 4497 489 4582 Nos
516 4487 625 4611 ergo¹
641 4498 754 4609 juxta
781 4529 922 4583 vocem
949 4499 1201 4584 Dominicam
1230 4509 1270 4586 8r
1298 4483 1591 4612 Apostolicam,
1620 4503 1660 4584 St
1688 4465 1800 4611 juxta
1840 4502 1944 4586 hanc
1991 4507 2033 4586 B.

237 4605 425 4716 Gregorii
457 4614 710 4709 sententiam,
740 4639 992 4723 quaecunque
1020 4615 1206 4695 Ecclesiae
1243 4616 1454 4724 privilegio
1498 4613 1616 4695 sernel
1662 4613 1816 4696 indulta
1858 4614 2033 4712 fuerint,

236 4733 325 4818 rata
351 4715 522 4825 mplius
549 4729 588 4805 ssr
616 4721 795 4806 stabilita
818 4751 1051 4834 permanere
1082 4719 1253 4823 debent,
1281 4725 1479 4838 quicquid
1505 4725 1630 4833 igitur
1658 4726 1799 4836 iniquo
1836 4755 2032 4809 consensu

235 4893 504 4924 m

320 4961 372 5040 ²3)
391 4950 516 5050 ‘iulPPh
548 4925 610 5080 al)
628 4907 830 5038 tenellulum
849 4965 1037 5056 Episcopus.-
