4404 5960
1985 26 2156 155 ”t

875 477 879 482 .
990 426 1236 536 ..··395
1347 467 1403 492 ,,
1552 398 1620 419 ”’

311 663 518 808 4593·
849 803 850 808 Ν
929 654 1504 825 1259dtnrlllebr3¹
1593 797 1596 804 .
1872 661 2047 813 elangui.

388 878 478 945 ene.
497 828 681 948 sumta
702 877 774 942 1v=s
794 877 873 944 ster
889 879 936 940 sn
957 881 1109 964 meopte
1129 877 1191 940 och
1211 830 1477 966 communes
1500 868 1566 946 tto
1587 874 1630 962 pt
1649 875 1690 956 4ο
1711 871 1820 960 dmm
1837 824 1905 944 trit
1921 883 1964 948 m
1981 885 2048 966 aa,

336 1040 338 1048 Ι
431 981 506 1054 ¹tom
526 961 651 1027 berotto
671 959 719 1024 ss
740 961 840 1024 Mmie
860 961 962 1044 kyrlre
979 961 1263 1026 dersammestsdes.

2092 524 2095 534 a
2153 434 2156 535 l

2154 538 2156 555 '

2154 736 2158 826 l

2156 923 2165 1010 l

1829 1039 1859 1098 e.
1875 1045 1899 1099 s.
1914 1048 1951 1102 es.

474 1180 605 1292 Super
622 1181 884 1289 jactetgencu
909 1181 991 1263 XL
1021 1181 1176 1271 dierum
1194 1182 1251 1288 jn
1265 1185 1394 1284 sestis
1422 1182 1536 1262 beate
1563 1184 1751 1288 uirginis.

383 1368 385 1378 ·
416 1357 427 1370 Ν·
474 1322 717 1404 Atsxtttnmt
743 1323 968 1433 Episcopus
996 1350 1137 1405 seruus
1167 1350 1378 1406 seruorum
1406 1322 1475 1431 dej
1503 1310 1737 1430 Venerabilj
1766 1319 1879 1403 fratri
1892 1325 2059 1434 Episcopo
2096 1381 2099 1390 -

252 1472 256 1476 ·
308 1437 349 1516 8t
377 1430 544 1514 Dilectis
570 1433 661 1515 filiis
690 1433 882 1544 Capitulo
911 1434 1078 1514 aboensi
1091 1433 1270 1514 Salutem
1297 1439 1337 1514 81
1365 1435 1626 1542 apostolicam
1659 1430 1970 1515 benedictionem
1983 1437 2059 1516 Glo

162 1545 167 1562 ’
305 1544 437 1626 riosus
465 1543 576 1624 Deus
604 1545 648 1625 in
674 1546 821 1626 sanetis
841 1545 922 1627 suis
937 1545 1175 1654 in'ipsorum
1190 1544 1486 1655 glorificacionc
1501 1544 1761 1652 congaudens
1775 1545 1819 1626 in
1828 1548 2062 1627 veneracione

307 1655 423 1741 beate
450 1655 573 1738 marie
586 1682 742 1765 semper
771 1657 936 1765 virginis
951 1683 1001 1738 co
1017 1653 1233 1765 jocundius
1248 1655 1483 1737 Delectatur
1497 1685 1581 1766 quo
1596 1657 1682 1765 ipss
1703 1671 1847 1764 utpute
1867 1653 1983 1737 mater
1999 1657 2063 1738 eius

160 1773 163 1780 ’
308 1763 456 1849 effecta
471 1766 631 1847 meruit
658 1765 826 1847 clicerius
855 1769 1000 1848 sanctis
1033 1769 1174 1849 ceteris
1190 1767 1233 1848 in
1260 1765 1474 1848 celestibus
1501 1767 1699 1848 collocare
1728 1767 1941 1875 Cupientes
1968 1767 2064 1874 igitur

308 1881 355 1958 rt'
369 1875 546 1958 ecclesie
568 1881 705 1959 'vestra
732 1904 814 1988 que
842 1879 885 1958 in
913 1877 1069 1960 honore
1097 1878 1224 1987 ipsius
1251 1877 1420 1986 virginis
1448 1879 1552 1958 sicut
1581 1878 1756 1958 asseritis
1783 1893 1845 1958 est
1871 1893 2067 1958 constructa

310 1987 500 2095 congruis
527 1986 752 2074 honoribus
774 1987 1054 2098 frequentetur
1069 1987 1258 2069 omnihus
1273 2014 1367 2068 vere
1382 1987 1660 2096 penitentibus
1686 1995 1727 2070 ἃ
1742 1985 1931 2072 confessis
1945 1987 2007 2096 qui
2019 1979 2063 2067 di·

308 2113 413 2180 ctem
441 2096 647 2190 eeclesiam
676 2098 720 2178 in
749 2096 1037 2183 festiuitatibus
1066 2096 1244 2180 eiusdem
1273 2099 1440 2204 virginis
1470 2099 1678 2180 annuatim
1693 2098 1973 2180 venerabiliter
1996 2097 2066 2177 visi·

308 2209 484 2290 tauerint
511 2207 562 2289 de
590 2209 879 2318 omnipotentis
907 2213 983 2291 Dei
1026 2207 1298 2292 misericordia
1326 2215 1367 2292 u
1394 2208 1608 2291 beatorum·
1648 2212 1758 2291 Petri
1790 2216 1831 2290 &
1858 2209 1967 2314 Paulj
1992 2235 2066 2315 apo

308 2317 504 2402 stolorum
531 2320 617 2402 eius
646 2322 883 2402 auctoritate
910 2322 1052 2404 conlisi
1080 2307 1364 2432 quadraginta.
1392 2318 1476 2402 dies
1503 2321 1555 2402 de
1584 2319 1776 2401 iniunctis
1805 2317 1885 2401 sibi
1919 2321 2068 2428 peniter-

308 2429 381 2512 ciis
408 2429 716 2529 misericorditer
744 2431 969 2516 relaxamus
997 2433 1147 2514 Datum
1175 2433 1355 2542 Anagnie
1377 2433 1436 2513 Vl
1464 2431 1561 2516 Kal..
1583 2431 1725 2541 Marcij
1739 2429 2069 2532 Pontificatusllo

307 2543 381 2631 stri
408 2543 530 2628 Anno
556 2543 724 2647 Quinto.
1703 2631 1708 2642 ,

314 2929 506 3068 4600111
739 2957 743 2970 ,
916 2927 1469 3076 '4259‘·d·1M³¹·'⁵·
1853 2929 2070 3074 Anagnia.

389 3147 479 3212 Ptsv.
499 3145 682 3214 Attnrou
702 3145 773 3212 Ns
793 3147 872 3224 Bref
886 3148 935 3212 till
954 3145 1129 3231 Kooungen
1149 3151 1160 3212 i
1182 3147 1306 3230 Suerige
1326 3091 1380 3210 oin
1401 3143 1520 3210 biunde
1531 3144 1578 3209 till
1589 3143 1708 3232 Upsaln
1723 3145 1930 3230 Domhyrlras
1949 3143 2073 3230 tymme·

1773 3259 1968 3316 hunss

375 3473 401 3494 ,,
472 3395 712 3476 termnum
739 3395 953 3504 episcopus
981 3421 1120 3477 seruus
1146 3421 1358 3476 seruorum
1386 3392 1464 3501 dej‚
1492 3395 1705 3476 Carissimo
1719 3395 1765 3474 in
1780 3393 1940 3475 christo
1966 3390 2078 3472 filiu..

307 3498 465 3591 Jllust'ri
491 3502 591 3614 Regi
620 3507 766 3588 Suesie.
804 3505 982 3587 Salutem
1016 3509 1057 3586 &
1081 3506 1359 3616 apostolicam!
1389 3502 1724 3585 benedictionem.
1755 3505 1892 3592 „Cum
1922 3505 2019 3584 sient
2040 3526 2078 3578 er

111 3607 123 3631 ‘
206 3663 210 3668 ·
339 3613 426 3700 arte
444 3613 692 3712 'venerabilis
720 3614 855 3698 fratris
882 3617 1012 3698 nostri
1027 3680 1036 3698 .
1053 3676 1062 3696 .
1079 3615 1383 3726 Archicpiscopi
1411 3619 1452 3696 &
1479 3611 1718 3697 dilectorum
1733 3614 1919 3718 liliorum
1940 3613 2080 3722 Capitu·

305 3647 593 3838 linsalensis
621 3723 698 3808 fuit
724 3721 979 3837 propositum
1010 3755 1146 3836 coram
1187 3727 1305 3809 nobis
1338 3727 1417 3836 ipsi
1444 3723 1495 3809 de
1523 3723 1685 3808 licentia¹
1727 3723 1840 3833 sedis
1886 3721 2080 3834 apostolice
2164 3729 2165 3770 ³

142 3877 179 3924 ·,
270 3913 272 3918 .
305 3839 566 3954 Vpsalensem
593 3836 800 3918 ecclesiam
827 3837 878 3919 de
907 3833 997 3919 loco
1025 3841 1069 3917 in
1097 3865 1180 3948 quo
1223 3837 1298 3918 sita
1339 3853 1399 3918 est
1432 3851 1574 3945 utpote
1617 3837 1757 3946 inepto
1802 3836 1862 3919 ad
1908 3837 2084 3945 aptiorem

304 3951 440 4052 locum
467 3947 704 4044 transferre,
733 3975 780 4028 ac
809 3977 833 4028 a
860 3947 949 4029 solo
977 3945 1162 4030 edificare
1186 3945 1401 4052 intendant
1416 3975 1441 4026 o
1472 3975 1538 4027 ere
1553 3948 1790 4056 sumptuoso
1824 3953 1867 4028 &
1898 3947 1954 4029 ad
1979 3944 2019 4027 id
2041 3943 2085 4022 eis

303 4063 473 4172 proprie
501 4086 586 4140 non
610 4073 831 4168 suppetant
858 4054 1079 4156 facultates,
1107 4059 1192 4139 Nos
1219 4056 1272 4139 ad
1301 4085 1347 4142 ea
1373 4077 1413 4140 te
1442 3976 1616 4141 libenter
1635 4059 1847 4140 hortantes
1878 4087 1963 4169 que
1977 4056 2085 4136 anme

303 4169 379 4264 tue¹
402 4172 571 4256 sulutem
598 4169 830 4278 respiciunt,
859 4167 1136 4251 celsitudinem
1150 4184 1261 4248 tuam
1290 4195 1488 4278 rogamus,
1523 4173 1564 4246 δι
1589 4169 1801 4252 hortamur
1817 4186 1992 4266 attente,
2005 4191 2087 4278 qua·

220 4292 224 4300 ’
303 4285 414 4388 tinus
434 4265 519 4394 ‚pro
546 4299 615 4362 tue
643 4287 682 4361 &
709 4281 1016 4390 progenitorum
1044 4295 1207 4362 tuorum
1235 4280 1458 4362 animarum
1485 4278 1674 4377 remedio,
1703 4307 1778 4361 nec
1823 4307 1919 4362 non
1960 4283 2000 4358 Se
2026 4300 2086 4384 pro

241 4389 245 4398 ’
303 4391 443 4481 nostra
491 4381 533 4474 de
574 4392 799 4502 apostolice
826 4387 932 4473 sedis
974 4393 1201 4474 reuerentia
1243 4407 1325 4472 tam
1396 4418 1440 4471 er
1454 4408 1495 4471 te
1540 4419 1663 4500 quam
1702 4417 1777 4501 per
1822 4408 1927 4473 tuos
1970 4383 2089 4471 subdi·

196 4524 200 4533 ’
303 4521 375 4594 tos,
409 4499 463 4586 ad
514 4501 807 4586 edificationem
853 4501 977 4612 ipsius
1019 4502 1182 4584 ecclesie
1224 4421 1432 4610 impendas
1471 4497 1687 4585 efficaciter
1727 4518 1850 4584 tuum
1892 4500 2090 4588 auxilinm
2164 4515 2165 4518 ‘

302 4611 515 4710 consilium
539 4619 579 4696 s<
607 4613 807 4709 fauorem,
842 4613 897 4710 ita
954 4612 1037 4695 uod
1065 4613 1145 4694 tuis
1173 4615 1214 4690 8t
1243 4612 1413 4692 aliorum
1440 4608 1619 4720 lidelium
1648 4611 1787 4708 christi
1818 4611 1993 4719 auxiliis
2022 4633 2089 4692 me·
2164 4639 2165 4654 ³

224 4715 228 4724 ’
302 4722 511 4811 diantibus
541 4721 650 4808 dicta
676 4722 842 4805 eeclesia
869 4642 1090 4806 redditioni
1140 4721 1285 4819 ualeat,
1313 4725 1354 4802 &
1380 4738 1421 4821 ct
1448 4721 1594 4826 exinde
1622 4751 1646 4804 c
1674 4724 1761 4804 Deo
1797 4719 2091 4833 premium&

151 4882 157 4891 ,
300 4833 463 4920 laudem
489 4833 540 4916 ab
566 4834 797 4923 hominibus
824 4834 1017 4946 consequi
1044 4833 1243 4912 mercaris.
1270 4827 1420 4918 Datum
1433 4835 1618 4946 Anagnis
1631 4831 1805 4920 Kalend.
1822 4833 1987 4944 Martij.
2002 4837 2090 4917 Pon·

300 4946 476 5038 tifiettus
502 4945 632 5055 nestrj
658 4947 778 5032 Anno
805 4946 975 5053 Quinto.
1979 4949 1984 4956 '

637 5111 640 5128 ,
1005 5049 1174 5138 Blybullen
1198 5049 1375 5120 bottlellen.
