4370 5950
964 445 1458 527 -126-·

272 665 443 750 surdum
469 688 516 744 ac
543 657 701 751 veritati
729 661 979 744 contrarium
1006 659 1122 746 facile
1151 663 1353 762 advertet,
1386 661 1459 774 qui
1485 659 1610 768 hujus
1653 659 1837 742 Dominae
1879 658 2061 770 genealo-

276 779 385 886 giam
413 773 643 881 inspexerit,
673 801 795 883 quam
828 771 1051 884 dignationi
1096 792 1239 857 vestrae
1268 773 1456 856 duximus
1483 769 1763 870 retexendam,
1808 772 2063 858 testificantes

266 914 404 969 coram
442 887 528 966 Deo
563 891 603 966 Sc
633 886 780 966 sanctis
809 882 896 992 ejus
928 884 1029 966 nihil
1058 902 1171 966 extra
1198 888 1407 968 veritatem
1434 910 1510 965 nos
1538 882 1626 963 fore
1657 881 1846 966 dicturos.
1903 884 1999 964 Fuit
2028 884 2067 962 in

270 999 394 1079 Dacia
423 997 511 1076 Rex
538 994 704 1106 quidam
732 995 961 1078 excellentis
991 996 1130 1104 gloriae
1157 999 1320 1078 nomine
1349 997 1493 1078 Sveno.
1531 995 1607 1076 Hic
1637 993 1730 1076 licet
1749 995 1896 1105 ‚plures
1924 994 2066 1075 habuit
2125 1006 2128 1016 ⁴

270 1107 376 1188 lilios
406 1106 457 1188 de
487 1106 647 1192 duobus
675 1121 811 1187 tamen
839 1105 906 1186 hic
934 1109 1157 1188 necessario
1200 1109 1352 1189 mentio
1395 1103 1578 1186 facienda
1607 1117 1678 1185 est.
1735 1106 1922 1208 Quorum
1964 1132 2068 1186 unus

269 1220 459 1299 Kanutus
488 1217 700 1299 dicebatur
735 1218 944 1298 Danorum
978 1219 1066 1298 Rex
1096 1224 1136 1298 8r
1163 1217 1338 1327 Martyr,
1386 1216 1504 1324 cujus
1546 1215 1733 1297 sanctitas
1777 1243 1905 1325 usque
1947 1213 2068 1296 hodie

269 1328 475 1408 miraculis
506 1327 821 1409 commendatur.
879 1329 955 1409 Hic
981 1329 1105 1408 filiam
1133 1325 1278 1409 habuit
1314 1330 1480 1409 Comitis
1510 1324 1731 1422 Flandriae,
1760 1355 1809 1408 ex
1830 1356 1912 1437 qua
1940 1325 2069 1407 filium
2176 1401 2178 1416 ,

269 1440 410 1547 genuit
442 1439 639 1520 Karolum
669 1440 832 1520 nomine
861 1441 1056 1520 Comitem
1083 1437 1294 1520 Flandriae.
1326 1441 1419 1520 Non
1435 1454 1570 1519 autem
1598 1435 1649 1517 dc
1679 1438 1770 1545 ipso
1784 1454 1854 1518 aut
1875 1437 1925 1518 de
1942 1453 2068 1518 matre

268 1549 358 1657 ejus
388 1547 599 1631 descendit
626 1548 710 1630 haec
740 1551 895 1660 Regina
923 1551 1023 1660 Regi
1052 1545 1249 1662 praedicto
1285 1551 1433 1632 sociata
1469 1548 1680 1656 conjugio,
1709 1545 1779 1630 sed
1801 1547 1851 1630 de
1887 1550 2069 1657 praedicti

267 1661 428 1740 Kanuti
457 1661 579 1769 Regis
608 1659 749 1758 fratre,
779 1664 852 1769 qui
881 1659 1093 1747 dicebatur
1124 1662 1264 1743 Ericus
1292 1663 1435 1744 honus.
1478 1662 1561 1762 Qui
1590 1657 1732 1740 Ericus
1761 1663 1900 1767 'genuit
1928 1663 2069 1741 Kanu-

267 1787 378 1866 tum,
407 1773 480 1880 qui
509 1774 603 1850 Dux
631 1772 767 1850 extitit
796 1774 1005 1854 Danorum
1034 1779 1073 1852 8(
1102 1773 1188 1852 Rex
1218 1772 1453 1864 Slavorum,
1483 1797 1587 1879 quos
1604 1793 1688 1846 non
1703 1769 1960 1852 haercditario
1981 1771 2069 1878 jure

98 1899 109 1922 ⁸
183 1935 187 1940 -
267 1880 339 1962 sed
369 1881 490 1964 armis
516 1898 706 1988 potenter
736 1882 926 1969 obtinuit:
985 1882 1111 1989 Cujus
1147 1899 1274 1971 mater
1310 1883 1442 1970 extitit
1476 1879 1645 1968 Botildis
1683 1879 1837 1990 Regina
1873 1911 1924 1966 ex
1954 1883 2071 1963 nobi·

267 1992 415 2072 lissima
443 1992 652 2079 Danorum
682 1995 872 2101 prosapia
901 2009 1001 2072 orta.
1031 1994 1126 2101 lpse'
1153 1993 1411 2100 postmodum
1440 1992 1580 2072 Martir
1610 1986 1798 2092 effectus,
1815 1993 1931 2100 cujus
1960 1994 2071 2100 apud

265 2106 399 2185 Deum
427 2103 478 2184 sit
508 2103 659 2199 meriti,
688 2105 882 2190 miracula
911 2105 1052 2185 crebra
1069 2119 1278 2186 testantur.
1315 2106 1394 2184 Iste
1422 2103 1612 2190 Kanutus
1642 2100 1783 2184 Martir
1798 2103 2070 2213 genuit'Wal·
2176 2153 2177 2158 Ν

267 2213 475 2296 damarum
503 2215 671 2324 Regem,
700 2214 815 2323 cujus
843 2231 969 2297 mater
998 2215 1076 2296 fuit
1102 2215 1328 2326 lugiburgh
1356 2213 1436 2295 filia
1468 2215 1621 2297 Rizlavi
1644 2213 1673 2324 ¹)
1690 2218 1956 2322 potentissimi
1986 2217 2068 2294 Ru-

265 2327 483 2407 thenorum
519 2328 641 2436 Regis
678 2333 716 2408 dr
746 2330 936 2409 Cristinae
958 2328 1139 2438 Reginae,
1166 2358 1257 2440 quae
1286 2328 1366 2408 filia
1396 2325 1474 2407 fuit
1502 2330 1666 2436 lugonis
1696 2329 1920 2412 Suevorum
1950 2329 2070 2434 Regis

268 2445 309 2521 8<
337 2437 500 2518 Helenae
529 2438 704 2547 Reginae.
755 2442 884 2520 Porro
913 2438 1115 2549 praedictae
1146 2439 1384 2550 Ingeburgis
1414 2466 1529 2520 soror
1559 2461 1685 2526 mater
1714 2437 1789 2518 fuit
1817 2440 1920 2519 Bclae
1949 2440 2070 2547 Regis

263 2551 504 2657 llrrrigariae,
533 2551 605 2659 qui
633 2550 778 2632 habuit
808 2579 987 2632 sororem
1015 2551 1192 2660 Philippi
1222 2552 1342 2660 Regis
1369 2551 1619 2630 Francorum
1649 2554 1692 2632 in
1721 2549 1924 2657 conjugio.
1955 2549 2070 2629 Wal-

265 2659 451 2740 demarus
481 2677 614 2740 autem
645 2662 748 2741 hanc
779 2663 991 2751 Dominam
1019 2681 1197 2744 nostram
1226 2663 1406 2748 Franciae
1435 2662 1630 2770 Reginam
1660 2663 1801 2772 genuit
1817 2689 1869 2740 ex
1898 2659 2068 2769 Sophia,

266 2771 384 2879 cujus
415 2788 533 2878 pater
560 2769 637 2850 fuit
666 2771 902 2857 Waldcma‘r
923 2771 966 2882 ²),
997 2776 1067 2884 qui
1096 2779 1134 2856 &
1163 2776 1248 2881 ipse
1278 2773 1561 2855 Ruthenorum
1591 2777 1678 2876 Rex
1695 2771 1789 2858 fuit:
1806 2771 1944 2879 plures
1960 2773 2067 2850 enim

266 2883 324 2961 ibi
340 2884 469 2990 Reges
485 2899 591 2962 sunt.
651 2881 779 2966 Mater
808 2903 941 2964 autem
955 2882 1043 2994 ejus
1071 2883 1153 2994 lilia
1183 2884 1260 2970 fuit
1289 2885 1414 2965 Ducis
1442 2885 1619 2964 Poloniae
1655 2885 1818 2968 nomine
1854 2881 2065 2964 Bo'lezlavi.

264 2993 337 3071 His
369 2991 582 3101 diligenter
611 2995 822 3100 inspectis,
852 2995 942 3075 luce
972 2997 1120 3080 clarius
1148 3011 1329 3090 constat,
1360 3023 1514 3075 ramum
1551 2999 1672 3076 istum
1707 2993 1763 3075 hil
1799 2996 2003 3100 pertinere
2019 2994 2069 3077 ad

266 3105 547 3210 cognationem
576 3105 607 3190 F
611 3103 793 3202 landrice,
823 3133 898 3192 nec
927 3105 1103 3216 aliquam
1119 3135 1203 3188 esse
1227 3107 1614 3214 consanguinitatem
1630 3108 1733 3186 inter
1749 3106 1926 3213 priorem
1942 3103 2068 3188 Fran-

269 3215 339 3294 ciac
368 3215 562 3324 Reginam
592 3217 777 3295 &istam
807 3216 1030 3302 Dominam.
1076 3218 1183 3320 Quia
1213 3243 1287 3293 nec
1317 3214 1385 3299 illa
1414 3243 1464 3296 ex
1480 3217 1617 3298 Herici
1632 3217 1824 3328 progenie
1839 3211 2068 3308 descendit,

266 3351 341 3404 nec
372 3326 449 3404 ista
477 3355 530 3436 ex,
556 3329 793 3433 posteritate
821 3327 977 3409 Kanuti
1008 3328 1140 3412 carnis
1169 3325 1365 3432 originem
1395 3330 1576 3433 sumpsit.
1597 3331 1709 3410 'Eece
1725 3325 1895 3414 fideliter
1910 3352 2069 3412 ornnem

159 3435 160 3438 ’
268 3435 326 3514 rei
356 3437 565 3522 veritatem
594 3438 856 3543 exposuimus
886 3452 986 3516 teste
1014 3439 1101 3546 ipsa
1129 3437 1311 3516 veritate.
1343 3435 1626 3544 Supplicamus
1649 3441 1793 3548 igitur,
1823 3441 1942 3519 Pater
1979 3433 2076 3520 sanss

269 3546 420 3627 ctitatis
448 3563 590 3630 vestrae
619 3543 791 3652 pedibus
820 3547 1020 3645 inclinati,
1049 3566 1096 3631 ut
1124 3547 1175 3629 de
1203 3545 1322 3632 vultu
1351 3548 1487 3656 gratiae
1516 3566 1657 3630 vestrae
1686 3547 1880 3658 judicium
1897 3539 2070 3655 prodeat

268 3657 489 3767 aequitatis,
519 3683 603 3765 quo
635 3656 807 3741 Domina
836 3679 976 3746 nostra
1003 3659 1255 3740 Francorum
1284 3659 1438 3771 Regina
1456 3659 1575 3772 Regis
1591 3676 1806 3742 revocetur
1821 3661 1863 3740 in
1878 3661 2070 3768 gratiam,

269 3776 308 3848 8r
335 3768 538 3847 sublatum
571 3794 645 3874 per
673 3767 908 3877 iniquorum
937 3797 1115 3856 errorem
1144 3771 1284 3851 redeat
1312 3770 1356 3848 in
1385 3769 1593 3852 honorem.
1625 3773 1689 3852 Sic
1706 3771 1811 3850 enim
1827 3789 1974 3852 sanctae
1989 3772 2071 3849 Ro·

269 3907 394 3958 manae
424 3877 609 3958 Ecclesiae
648 3875 835 3958 devotam
865 3905 906 3960 sc
949 3909 1033 3962 esse
1076 3881 1318 3989 gloriabitur
1361 3878 1483 3964 filiam
1519 3891 1558 3964 &
1591 3881 1776 3963 beneficii
1819 3881 1895 3962 sibi
1935 3881 2071 3962 collati

270 3988 406 4098 quoad
449 3988 611 4085 vixerit,
655 3991 845 4082 retinebit
887 3994 931 4076 in
960 3990 1083 4073 corde
1112 3990 1354 4072 memoriam.
1413 3989 1520 4075 Beue
1549 3992 1680 4076 valeat
1708 3996 1896 4099 sanctitas
1924 4012 2071 4074 vestra.

283 4283 406 4351 102.
955 4252 1414 4397 1196-...121o

353 4433 486 4576 Kopung
507 4433 726 4581 dmlpupa¹llts
747 4439 932 4521 ransakniug
960 4440 1093 4512 rdrande
1125 4439 1213 4502 fisket
1234 4443 1245 4502 i
1268 4438 1391 4509 Ruslren
1413 4439 1471 4502 och
1494 4438 1717 4508 stadfa'stelse'b
1731 4439 2077 4510 detsammaidrhlunv

428 4537 501 4580 arne
523 4541 534 4578 ι
585 4539 605 4602 y
628 4540 690 4584 aa.

1750 4603 1785 4658 ll.
1808 4623 1830 4660 r.
1849 4621 1873 4658 a.
1892 4606 1935 4673 ξι.

441 4698 489 4778 ln
517 4706 679 4783 nomine
709 4705 834 4811 patris
862 4723 903 4786 et
931 4705 1002 4787 filii
1032 4723 1072 4786 et
1099 4707 1267 4814 spiritus
1295 4709 1433 4787 sancti.
1490 4709 1577 4816 Ego
1607 4710 1775 4788 Swsaco
1804 4704 1909 4788 lilius
1939 4707 2076 4800 Karo-
2176 4707 2178 4710 ’

275 4808 303 4885 li
340 4807 445 4912 regis
476 4835 547 4888 rex
578 4815 788 4894 Sweorum
819 4815 994 4898 eiusdem
1024 4821 1141 4927 regni
1171 4817 1442 4900 monarchiam
1473 4815 1538 4904 dei
1567 4821 1701 4928 gracia
1729 4815 1976 4905 hereditario
2004 4817 2077 4924 ju·

885 4959 888 4966 a

364 5021 390 5091 t)
412 5015 554 5079 Viralaui
575 5020 607 5079 in
627 5024 806 5106 Magnaeano
828 5027 851 5088 l.
874 5027 992 5091 Zizlari
1014 5031 1046 5090 ln
1066 5027 1316 5111 Lycgaardiauo,
1337 5029 1462 5093 laislaul
1486 5031 1517 5089 in
1539 5023 1710 5108 Vellejano.
1756 5031 1785 5103 a)
1809 5029 1844 5089 ln
1866 5027 2074 5112 Lyegaardi.

357 5113 434 5162 anot
456 5099 626 5181 Waledar,
647 5107 743 5170 etiam
763 5110 795 5171 in
816 5109 1050 5176 Bartholiniano
1072 5115 1105 5180 &
1126 5112 1298 5197 Vellejana.
