4384 5946
983 559 1055 646 ι..
1165 517 1217 600 26
1323 545 1382 586 -..

284 733 425 846 Gnipe‚
457 731 648 832 AEnnuos,
680 733 928 831 Klinomose,
962 731 1120 833 Sinnas,
1154 741 1370 850 Diupadal.
1425 744 1519 822 Jam
1546 746 1733 852 incipitur
1761 772 1787 821 a
1809 745 1943 851 primo
1969 739 2064 850 ipt-

283 847 332 928 de
360 851 402 926 in
429 844 702 940 Snnturvasa,
732 873 759 923 a
786 876 862 954 quo
890 849 946 926 ad
971 852 1182 929 seeundum
1210 857 1250 930 in
1280 851 1483 946 Daaabel,
1515 853 1600 931 leae
1627 873 1719 933 sunt
1746 853 1835 948 loia
1864 847 2063 932 notabilio-

283 987 345 1052 ra,
391 957 536 1065 Lygrn',
572 957 611 1035 T
607 957 805 1052 ltrosnaesi,
852 958 1134 1065 Ornabieirgls,
1179 961 1412 1057 Gadnoror,
1455 965 1730 1056 Maedalsna’s,
1776 965 1838 1040 W
1827 961 2061 1068 ysluleusdls,

281 1067 534 1175 Unebidrglt,
567 1066 783 1161 Skatraas,
814 1069 1131 1174 Klollsobiiirgls,
1164 1071 1340 1166 Multa,
1373 1073 1494 1165 Mese,
1546 1076 1695 1177 Byuro,
1726 1071 1916 1181 Spaiuos,
1948 1073 2085 1148 Asia·

282 1177 444 1284 bidrgli,
477 1179 632 1270 Serena,
665 1176 886 1284 Orsebugls,
919 1178 1093 1258 Osbuda
1123 1181 1241 1260 Nune
1268 1185 1528 1292 incipiendum
1558 1213 1586 1262 a
1613 1186 1743 1292 lapide
1771 1189 1813 1261 in
1856 1180 2061 1273 Danubek,

281 1288 423 1370 eoeleine
451 1289 508 1366 ad
532 1293 762 1395 proximum
789 1306 1008 1395 sequentem
1040 1291 1221 1400 lapidem,
1247 1299 1448 1400 sequentia
1462 1294 1741 1402 specificantur
1754 1294 1852 1388 loeo,
1872 1290 2063 1382 Sintusio,

363 1384 370 1401 Ι

281 1400 401 1491 Bota,
429 1397 559 1491 Orsio,
591 1397 744 1492 Rabelc,
774 1399 1103 1505 Kunungiwadlt,
1137 1403 1429 1496 Motaurtadai‚
1468 1405 1616 1496 Balsio,
1650 1402 1833 1496 Bokebelc,
1882 1397 2066 1503 Fygilds·

281 1507 397 1614 wtjla
432 1510 554 1587 Baru.
611 1509 701 1586 Illic
728 1515 991 1589 ternu'aantur·
1019 1513 1083 1590 W
1078 1511 1277 1607 esGotlu‘a,
1310 1513 1508 1592 Finvidln'
1540 1519 1578 1592 8(
1608 1512 1838 1591 Hailnndia.
1868 1513 1960 1590 Jam
1973 1535 2066 1614 pro-

281 1619 542 1726 grediendum
569 1647 596 1695 a
623 1619 754 1727 lapide
781 1620 846 1698 illo
874 1627 1002 1715 tertio,
1034 1623 1175 1730 templo
1206 1624 1375 1728 quodam
1403 1624 1628 1704 Christiano
1655 1629 1854 1728 contiguo,
1880 1649 1955 1730 per
1983 1619 2065 1694 loca

282 1757 373 1840 quse
411 1745 643 1836 sequuntur,
689 1728 896 1825 Ostwidlti,
942 1731 1087 1840 Spado,
1135 1731 1355 1840 ,Spadobon
1401 1734 1561 1829 Telesia,
1606 1731 1769 1826 Sessio,
1816 1729 2063 1835 Magltinsios

282 1839 489 1940 Skarssim
520 1838 685 1933 Hanno,
715 1840 850 1935 Maul,
883 1841 1038 1935 Saudo,
1069 1839 1265 1937 Sandoos,
1297 1843 1473 1937 Samsio,
1496 1872 1619 1950 porro
1646 1843 1703 1922 ad
1727 1843 1912 1935 Sicansio,
1944 1837 2067 1916 stau-

282 1950 353 2030 bels
381 1954 421 2028 8(
448 1947 623 2046 Ekebels,
657 1952 848 2049 Ananitz,
880 1953 947 2030 W
940 1971 1033 2045 atu,
1066 1951 1130 2028 W
1126 1960 1246 2047 atsio,
1278 1955 1419 2046 Rusio,
1469 1955 1630 2052 Hal-alf,
1681 1953 1880 2047 Grenisai,
1928 1947 2068 2026 Skota-

282 2089 401 2158 mosa,
441 2059 646 2155 Hiordas,
693 2055 929 2155 Niserloid,
976 2060 1191 2157 Hinderos,
1225 2063 1546 2158 Dumnulsoildlt,
1582 2066 1822 2157 Dumnuros,
1856 2063 2003 2146 Danas,
2032 2057 2067 2129 8(

188 2232 191 2238 .
275 2190 477 2284 praterea
493 2199 568 2278 per
594 2172 739 2249 Iirteam
757 2165 915 2250 'reetam
942 2172 999 2250 ad
1024 2174 1155 2250 laeum
1184 2175 1250 2250 W
1244 2183 1344 2252 citur
1370 2201 1502 2279 usque,
1522 2175 1817 2281 uhi'positus-est
1833 2173 1936 2278 lapis
1951 2189 2067 2272 quur·-

282 2302 347 2364 tus
374 2288 416 2363 in
442 2281 688 2361 Uralrsnoeso.
745 2281 844 2360 Iade
870 2283 927 2361 ad
952 2289 1145 2390 quintum,
1174 2311 1247 2391 per
1268 2285 1376 2362 loca:
1407 2283 1515 2379 Deli,
1547 2281 1863 2387 Soartubiargls,
1882 2277 2067 2357 Hiartus·

282 2419 479 2488 naesmose,
505 2390 760 2500 Diupudald,
791 2391 1017 2488 Hellauad,
1050 2395 1450 2498 Foronasemgreno,
1498 2394 1760 2496 Uttirsfiald,
1804 2385 2064 2472 Murenam

283 2505 547 2600 Tranumose,
579 2505 619 2582 T
614 2503 879 2598 ranukuzslir,
912 2506 1188 2598 Anenetrana,
1220 2505 1465 2596 Millemose,
1498 2504 1641 2612 Spita,
1661 2501 1772 2598 Oru;
1785 2529 1889 2580 num
1904 2497 1962 2576 ad
1975 2491 2069 2572 Ors-

284 2619 454 2706 watnui,
486 2613 634 2718 Aggu,
664 2610 832 2707 Hednu,
864 2614 1219 2710 Almstareslidnm,
1243 2613 1422 2718 Nasltyl,
1441 2611 1733 2708 Hiertelzonod,
1759 2614 1797 2692 T
1793 2597 2071 2690 iudmemuund

283 2731 325 2804 8(
366 2723 423 2802 ad
457 2723 590 2801 laeum
618 2725 684 2801 W
677 2745 847 2816 eaerum
880 2724 1006 2832 ibique
1029 2729 1182 2833 positus
1209 2741 1268 2803 est
1285 2726 1386 2834 Iapis
1415 2726 1482 2803 ille
1509 2723 1643 2818 albus,
1676 2723 1873 2801 inordina
1903 2722 2067 2827 quintus·

283 2831 391 2918 Hine
432 2831 489 2912 ad
527 2850 685 2912 sentum
724 2834 896 2942 lapidem
945 2837 984 2911 8(
1024 2837 1208 2931 altimum
1244 2864 1319 2944 per
1371 2836 1539 2914 insulam
1589 2836 1717 2928 Piita,
1773 2826 2067 2930 Ticerunaglaes

233 2998 237 3009 ›
285 2943 457 3042 Odnem,
490 2947 530 3022 &
557 2969 712 3024 sursum
737 2945 795 3023 ad
821 2943 1151 3052 AEndalaengum,
1184 2933 1391 3042 Graednee,
1435 2944 1807 3037 Hardamarslidir,
1839 2945 1878 3018 8(
1911 2966 1989 3049 per
2014 2930 2071 3008 di·

130 3111 134 3119 ·
284 3055 447 3137 midiam
473 3055 635 3159 sylvam
663 3053 879 3150 Odnaemae,
895 3060 933 3134 8(
958 3083 1034 3164 per
1060 3075 1185 3137 totam
1213 3051 1374 3159 sylvam
1402 3056 1441 3134 T
1437 3057 1517 3152 isle,
1548 3056 1781 3135 occidentem
1809 3079 1952 3129 uersus
1967 3048 2071 3125 Ana·

265 3144 367 3270 'sro,
399 3167 470 3245 lsoe
497 3181 568 3260 est,
603 3193 724 3272 supra
752 3167 879 3246 locum
905 3166 1128 3270 Kloffvene
1156 3167 1212 3245 ad
1237 3169 1363 3246 laeum
1391 3169 1457 3244 W
1450 3173 1646 3272 argsnasi
1651 3195 1665 3259 ;
1684 3181 1889 3274 praterea
1914 3159 1971 3238 ad
1998 3152 2073 3233 Fe-

284 3276 443 3369 laebulr,
476 3277 688 3370 Firimose,
719 3291 757 3355 et
784 3275 840 3354 ad
866 3277 1033 3384 lapidem
1061 3279 1171 3357 illum
1199 3304 1387 3382 maginem
1417 3279 1521 3354 inter
1547 3277 1764 3354 Mosannoe
1792 3279 1829 3353 8(
1846 3262 2072 3352 Humani-

285 3387 427 3480 suudls,
473 3386 728 3481 Kleoermose,
773 3387 949 3483 Bosana,
996 3389 1118 3467 somer
1153 3386 1399 3479 Hiordslens,
1447 3388 1673 3487 Lqpfssnees,
1714 3413 1838 3494 prope
1881 3405 1997 3488 quem
2023 3373 2074 3450 lo-

286 3526 376 3580 cum
416 3502 515 3576 situs
549 3514 606 3574 est
634 3497 736 3604 lapis
764 3495 1018 3592 Brimsensis,
1050 3505 1154 3578 inter
1182 3499 1431 3603 Blelingiam
1459 3500 1498 3574 8(
1526 3496 1761 3575 Moleraeam.
1822 3492 1930 3572 Hine
1972 3500 2075 3564 recia

156 3690 159 3702 ,
287 3617 329 3690 in
356 3635 466 3686 mare
492 3608 692 3685 orientale.
749 3606 842 3686 Tuli
856 3607 975 3712 filius
1002 3609 1108 3688 Gase
1134 3609 1183 3688 de
1210 3610 1435 3713 Saevisgia
1462 3604 1657 3686 Soeorum
1686 3605 1855 3684 Seoldus
1884 3594 2075 3684 exaravit

286 3720 437 3801 lueres.
483 3717 574 3795 Non
601 3745 709 3795 secus
715 3715 808 3821 jam
823 3745 871 3796 aa
885 3719 1051 3799 Isaaeus
1066 3725 1104 3798 &
1117 3720 1287 3798 Iacobus
1307 3716 1564 3798 Patriareltae
1574 3719 1902 3823 praerogativam
1917 3719 1955 3790 8(
1964 3705 2075 3812 prin·

275 3837 462 3940 'eqtutum
489 3827 629 3906 dantes
657 3831 696 3903 8(
723 3827 987 3936 dispensative
1014 3831 1282 3923 ‹leceraentes,
1316 3829 1380 3907 ille
1409 3833 1515 3905 inter
1531 3827 1657 3930 filios,
1689 3827 1751 3905 liic
1780 3831 2080 3937 inseruisses

287 3940 453 4047 loseplso
492 3956 666 4049 nepotes,
709 3936 900 4017 Jaeobum
942 3944 979 4018 8(
1031 3937 1296 4046 Ephraimum
1322 3953 1424 4017 natu
1451 3944 1628 4031 minores,
1662 3935 1802 4014 Esaoo
1832 3939 1870 4011 8(
1899 3935 2078 4012 Manem

288 4048 508 4160 majoribus
549 4049 836 4159 prafarebant.
903 4051 990 4128 Ima
1031 4050 1354 4158 quemadmodum
1390 4075 1560 4152 magmis
1588 4050 1652 4128 ille
1680 4047 1767 4124 desa
1799 4047 2079 4124 israelitarum

287 4162 422 4255 losua‚
466 4189 542 4240 non
583 4159 707 4237 solum
753 4178 902 4239 terram
936 4161 1077 4238 Canan
1094 4160 1197 4264 siliis
1226 4163 1305 4242 Dei
1334 4160 1544 4254 Israelitis,
1575 4160 1615 4234 8(
1622 4159 1791 4260 sutura
1819 4163 1989 4265 ipsorum
2013 4167 2079 4253 μθ·

289 4262 482 4365 steritati,
506 4275 704 4379 perpetim
733 4268 991 4350 habitandam
1018 4271 1267 4380 dispertivit,
1300 4299 1442 4350 uerum
1464 4273 1503 4346 8(
1531 4285 1658 4347 eertos
1684 4295 1848 4346 orarum
1876 4256 2075 4344 cancellos,

315 4411 385 4462 uos
406 4383 675 4490 praedeeessor
701 4409 796 4459 suus
822 4381 954 4460 Moses
981 4383 1188 4486 legislator
1214 4387 1385 4461 omnnem
1406 4386 1559 4490 primus
1587 4384 1626 4456 8(
1647 4384 1844 4488 princeps,
1874 4377 1975 4478 lege,
1996 4383 2081 4475 quss'

290 4411 482 4573 {ominem
510 4494 651 4571 limites
674 4495 855 4598 prossirni
879 4497 943 4569 sui
966 4491 1246 4588 dimoventem,
1275 4493 1540 4602 anathematis
1556 4490 1736 4590 fulmine
1752 4487 1946 4590 feriebat,
1964 4484 2080 4578 longo

289 4615 412 4684 otttea
440 4621 611 4712 tempore
637 4607 803 4696 sancita,
835 4599 1139 4699 determinaret,
1168 4603 1439 4706 confirmavit.
1497 4603 1565 4680 Ita
1592 4605 1709 4679 etiam
1738 4628 1819 4690 nos,
1851 4601 2004 4675 ratione
2010 4609 2079 4695 [(0-

291 4719 463 4808 testatis,
493 4741 611 4820 quam
638 4713 748 4790 nobis
768 4739 845 4822 per·
876 4730 1003 4791 totum
1030 4707 1373 4794 Christianismum
1389 4713 1552 4794 eontulit
1567 4713 1689 4806 Deus,
1708 4708 1934 4819 Apostoliea
1949 4709 2082 4783 aucto·

289 4831 413 4905 ritate
442 4821 733 4926 confirmamus,
764 4827 802 4902 8(
824 4829 1035 4931 proesentis
1061 4829 1201 4933 scripti
1218 4829 1442 4932 patrocinio
1469 4827 1761 4916 communimus,
1792 4835 2018 4904 statuorum,
2037 4815 2079 4883 ui

157 5021 161 5036 ,
289 4938 392 5018 nulli
411 4929 563 5015 o'mnino
590 4932 787 5013 nominum
818 4935 937 5013 lineat
963 4933 1066 5014 hane
1088 4943 1283 5046 paginam
1310 4953 1457 5014 nostru
1483 4932 1791 5039 confirmationis
1841 4929 2085 5031 infringere,

160 5113 164 5130 .
290 5047 361 5128 ‘vel
401 5051 439 5126 ei
476 5045 725 5152 aliquatenus
767 5050 974 5125 contraire.
1045 5045 1180 5158 Supra
1200 5052 1386 5156 scriptam
1415 5049 1548 5154 itaque
1576 5041 1751 5154 Upsalia
1779 5045 1817 5120 8(
1841 5041 1982 5120 Daeiae
2011 5029 2084 5109 Re·

291 5183 410 5266 gum,
440 5155 489 5236 de
515 5156 681 5235 auerso
701 5181 792 5263 pra
819 5158 947 5237 altero
964 5164 1270 5269 prarogatina,
1299 5157 1422 5268 deque
1437 5157 1591 5263 finium
1631 5155 1900 5266 separatione,
1937 5131 2083 5260 Μ’
