4406 5966
800 569 858 604 .-
969 524 1049 630 735
1160 490 1406 588 -3'

1 735 3 762 ¹
113 761 252 840 notum
281 778 366 836 esse
386 747 583 834 volumus.
612 687 725 856 quod
753 771 830 826 nos
857 694 1117 858 &priorisse
1144 741 1196 827 de
1225 741 1335 840 sodet.
1359 741 1528 826 domina
1558 741 1621 829 .Μ.
1637 746 1779 856 predia
1807 695 1912 830 diui·
2014 697 2037 746 ³*

113 873 233 950 simus
261 860 562 950 commutando.
592 859 758 967 Quippe
771 885 846 938 nos
860 856 914 938 ab
931 854 1071 938 eadem
1089 856 1332 966 perlennom
1348 859 1576 968 accepimus
1592 858 1780 969 predium
1796 857 1911 942 uide·

114 983 215 1060 lieet.
243 973 483 1071 attamthor.
512 978 553 1054 &
579 971 658 1052 sibi
685 967 1001 1052 sudorlennom„
1035 965 1148 1078 quod
1191 968 1301 1078 wlgo
1343 966 1495 1050 dicitur
1544 985 1625 1052 atta
1672 970 1845 1064 drtohor
1873 976 1913 1052 tr

112 1067 519 1200 siexpennengeland.
558 1079 874 1192 uendieauimus.
909 1082 994 1162 Nos
1020 1081 1146 1189 igitur
1174 1079 1280 1161 hano
1311 1082 1583 1168 uadaoionem
1612 1081 1758 1190 sigillo,
1773 1098 1913 1164 nostro

41 1209 52 1224 '
86 1189 626 1312 ¹premunimus.·rogantes.
670 1211 871 1304 quatenus
887 1191 1010 1307 nulla
1053 1207 1142 1298 tam¹
1165 1189 1297 1273 audax
1340 1193 1573 1300 inuepiatur
1615 1219 1809 1304 personak
1831 1221 1913 1305 qne

2 1387 8 1400 .
112 1328 255 1418 eontra
284 1339 358 1417 nos
385 1311 428 1392 in
454 1308 534 1390 hoe
555 1303 710 1418 audeat
738 1304 992 1415 aliquatenus
1019 1302 1234 1385 infirmare.
1260 1301 1415 1388 Valete.
1469 1306 1620 1388 Datum
1654 1304 1911 1387 ramshamar.

112 1423 245 1505 Vlll·.
276 1422 369 1520 Kal.
399 1421 549 1504 marcii.
579 1415 779 1500 Testibus.
807 1415 935 1499 silicet
949 1413 1164 1498 laurencio
1183 1411 1273 1497 filio'
1293 1431 1447 1504 nostro.
1474 1415 1717 1528 Regnualdo
1744 1445 1912 1528 granna
1986 1515 1988 1520 Ι
2101 1421 2107 1428 ’

111 1533 221 1628 ,vlfs
247 1533 501 1616 Ketilberno.
530 1530 661 1613 elauo.
694 1528 826 1638 elego.
855 1527 1090 1638 Ceterisque
1117 1553 1240 1638 quam
1268 1527 1463 1636 plurimis,

113 1675 158 1747 Pa
178 1675 367 1778 Frdnsidant
388 1676 507 1740 Littera
527 1693 619 1761 super
639 1669 853 1736 sudherlenns.
895 1668 970 1734 Med
991 1668 1113 1733 Rasum
1133 1669 1336 1736 Lunuossors
1350 1667 1454 1734 hendt
1475 1667 1541 1734 Her
1561 1669 1663 1736 larem
1683 1667 1830 1756 helgerds
1845 1690 1914 1737 son.
2019 1689 2021 1692 ·

427 1789 430 1797 ’
732 1785 850 1872 sigillet
869 1784 1047 1868 bortsallet3
1068 1805 1190 1850 nemean
1210 1804 1297 1870 qvar.

52 2225 57 2240 ι
118 2267 251 2415 894,
650 2218 758 2370 Vid
814 2257 1363 2391 rado-1'26oztalen,

181 2470 372 2550 'osfvobref
388 2487 437 2549 till
457 2485 581 2571 Nydale
600 2459 720 2548 kloster
740 2483 779 2546 af
794 2479 940 2566 Ostgdtha
960 2484 1161 2567 Legmannen
1184 2484 1316 2547 Mlords
1336 2481 1379 2567 pd
1402 2457 1816 2554 en'erunkamesordon
1826 2488 1915 2556 inne·
1989 2477 1992 2486 ’

245 2571 325 2634 held
345 2569 489 2653 legenhet
509 2569 561 2632 vid
584 2568 709 2632 Calmar
728 2567 802 2631 med
823 2567 986 2652 tilldkning
1007 2567 1047 2632 af
1056 2589 1096 2632 en
1116 2566 1273 2650 inhttgnad
1293 2565 1466 2652 jordrymd.

1547 2683 1781 2758 manum

178 2851 185 2862 ’
239 2892 242 2906 .
279 2813 488 2908 Uniuersis
530 2821 669 2902 christi
709 2816 900 2901 fidelibus
933 2835 1143 2930 presentes
1190 2793 1345 2928 litteras
1382 2818 1641 2930 inspecturis.
1670 2819 1724 2904 Μ.
1750 2819 1931 2932 Legiser·

113 2931 395 3047 &gothorum
438 2933 607 3014 salutem
636 2933 678 3014 in
721 2928 939 3013 benedicto
968 2928 1035 3013 dei
1067 2930 1151 3012 lilio
1177 2931 1344 3014 domino
1376 2929 1494 3016 ihesu
1520 2929 1684 3015 christo.
1742 2935 1916 3045 Propter
2038 3031 2041 3044 .

113 3046 232 3131 deum
261 3073 382 3158 quem
411 3045 453 3152 in
480 3046 608 3126 seruis
635 3043 718 3138 suis
745 3042 947 3125 honorare
977 3058 1163 3126 tenemur
1191 3071 1242 3126 er
1270 3044 1426 3126 merito.
1443 3040 1497 3126 ad
1509 3044 1748 3126 instanciam
1775 3071 1915 3130 mona·

112 3159 281 3241 chorum
327 3156 576 3242 Noueuallis
603 3155 759 3240 eurianr
799 3155 1010 3264 inportu
1038 3155 1251 3237 calamarie
1279 3153 1474 3267 priusab
1503 3157 1561 3237 eis
1595 3183 1816 3266 possessam
1854 3176 1917 3240 set

16 3301 22 3320 κ
113 3269 300 3353 ablatam.
315 3270 462 3352 iterato
488 3269 739 3349 restituimus
766 3263 915 3348 eisdem
943 3265 1056 3348 dono
1075 3284 1275 3378 perpetuo
1334 3264 1601 3352 ossidendam.
1639 3266 1916 3379 superadden·
2033 3361 2037 3368 ,
2084 3317 2088 3329 ·

63 3473 74 3482 ,
111 3398 172 3463 tes
213 3382 270 3464 eis
312 3395 464 3462 terram
505 3407 629 3490 quam
674 3376 848 3462 includit
892 3381 1058 3461 materia
1087 3377 1311 3488 lepidumi
1347 3377 1500 3464 'saeta
1558 3379 1613 3462 Et
1641 3399 1688 3462 ut
1724 3383 1801 3462 ista
1827 3396 1917 3462 rata
1973 3469 1979 3486 ,

111 3497 193 3577 sint
234 3499 284 3575 de
317 3491 432 3578 firma
466 3484 727 3572 maneant&
755 3489 1009 3572 inconuulsa·
1036 3508 1254 3590 eastenore
1282 3491 1532 3602 presentium
1559 3493 1601 3572 &
1636 3491 1759 3599 sigilli
1787 3493 1918 3575 nostri

111 3605 344 3690 testimonio
359 3603 622 3691 roboramus.
680 3601 826 3684 Nullus
855 3601 981 3710 igitur
1009 3605 1317 3712 presumptione
1348 3603 1561 3686 temeraria
1590 3629 1713 3711 super
1737 3604 1815 3686 isto
1831 3621 1914 3686 tam

111 3717 327 3827 sollempni
369 3714 480 3810 dono
522 3713 727 3823 predictos
768 3711 985 3793 monachos
1027 3713 1070 3793 in
1098 3728 1307 3822 posterum
1336 3712 1483 3795 audeat
1510 3714 1723 3797 molestare
1750 3716 1828 3798 nisi
1852 3715 1914 3798 di·
2056 3799 2059 3806 ,
2170 3732 2177 3746 ·

110 3832 252 3914 ninam
278 3827 473 3913 offensam
501 3828 709 3908 incurrere
737 3823 835 3905 velit
863 3821 1164 3929 &suindietem

411 3965 414 3976 '
478 3970 525 4033 Pi
547 3968 722 4034 srdnsident
743 3967 913 4064 celmarnie
933 3971 1017 4032 eirca
1038 3978 1171 4054 portam.
1238 3965 1361 4052 sigillet
1380 3964 1551 4058 bortsallet.
1687 3979 1689 3988 ’

70 4321 252 4481 ‘s9e
771 4261 888 4484 ms
943 4314 1283 4464 messes

195 4553 234 4617 Ρ.
255 4551 403 4620 Lmuors
424 4553 601 4622 Glsvobrei
615 4557 658 4648 ps
678 4554 870 4646 liudedelen
889 4554 928 4623 at
943 4549 1056 4642 meeis
1075 4553 1124 4620 till
1143 4553 1268 4642 llydala
1283 4549 1400 4622 kloster
1419 4551 1677 4643 detrudentes
1687 4551 1916 4624 ochldrbdner.
1936 4566 1955 4590 “
1989 4613 1995 4620 .

414 4676 419 4685 “
940 4691 943 4700 ·
1553 4673 1781 4745 manum

26 5075 29 5138 l

27 5139 30 5186 ι

271 4805 443 4890 ·Deuoto
470 4809 610 4894 christi
637 4809 789 4895 famulo
817 4811 875 4896 .C.
902 4777 1041 4898 abbati
1068 4809 1228 4922 totique
1256 4839 1364 4896 noue
1385 4810 1504 4896 uallis
1532 4811 1754 4922 conuentvj
1781 4811 1835 4895 .Ρ.
1868 4811 1915 4893 fi-

108 4917 193 5004 lius
215 4916 415 5032 laureneij
442 4921 610 5006 salutem
639 4929 680 5006 81
707 4951 849 5008 eorum
877 4952 918 5007 se
945 4941 1076 5007 totum
1117 4923 1295 5034 utilitatj.
1330 4942 1460 5008 vestra
1490 4940 1538 5006 nt
1565 4921 1771 5008 eredimus
1796 4924 1916 5007 nouit

26 5049 28 5072 ³
106 5029 358 5114 uniuersitas
385 5059 508 5146 quam
542 5035 851 5144 precordialiter
893 5063 994 5119 auus
1035 5051 1174 5121 noster
1208 5037 1262 5120 .Ρ.
1292 5037 1410 5122 beate
1451 5037 1653 5128 memorie¹
1686 5034 1767 5119 loci
1793 5035 1917 5119 vestri

28 5189 31 5272 3
104 5141 233 5224 situm
261 5171 336 5254 pre
366 5149 508 5231 ceteris
537 5145 679 5280 dilexit
707 5177 783 5234 nee
809 5177 894 5232 non
923 5153 963 5230 u
990 5148 1251 5261 possessionis
1278 5177 1350 5235 sue
1378 5164 1536 5262 partem
1550 5143 1797 5266 apponendo
1825 5173 1916 5240 evm
