4362 5946
798 448 1087 618 --ἩαθειΙ
1157 517 1215 538 -

126 652 270 853 ablu
325 777 329 784 ·
715 703 998 810 :natast
1034 678 1273 808 sltem.
1754 683 1901 823 Iliati.

116 962 118 971 ·
151 982 154 992 .
190 923 569 1005 cunemannus
586 923 665 986 Brei
679 922 728 984 tlll
741 921 788 986 rdt
808 922 937 986 Prior-er·
957 921 1175 986 ochunliar
1194 922 1233 982 'af
1248 916 1548 983 Parnase-ortes
1569 865 1772 1003 iuuabunt,
1794 924 1902 989 hvitta
1963 919 1964 928 ¹

218 1011 309 1074 ,dm
320 1011 367 1089 sig
380 1003 561 1092 -uppdrdgct
578 1017 627 1070 att
643 1004 776 1090 pratillo
797 1005 942 1068 euntde
959 1005 1132 1068 oonavr'tude
1153 1005 1347 1080 Preussernc,
1369 1000 1440 1065 med
1461 1001 1749 1084 fdrdr·dnande,.att
1767 1008 1807 1070 de
1835 1030 1903 1072 som

182 1127 184 1134 -
240 1091 401 1156 uenuste¹
426 1088 540 1154 sesam
570 1089 791 1174 pasunuga·
821 1087 919 1149 nuru
951 1087 1070 1153 anua
1089 1089 1188 1170 nuga
1214 1085 1487 1168 augmentant
1503 1085 1727 1170 tamtum
1746 1094 1917 1174 pantena.
2046 1111 2048 1120 x

241 1185 287 1238 att
408 1194 480 1250 ner,
510 1173 672 1254 bannlyste
703 1171 753 1232 so'r
784 1169 977 1232 mordbrand
1008 1171 1085 1234 aller
1117 1168 1370 1232 udldsvet·kan.·d
1392 1178 1515 1251 prester
1522 1169 1781 1254 ,elle1··andelige‚
1803 1174 1902 1237 stulte

242 1257 309 1336 der}
323 1257 380 1319 nin
411 1255 541 1332 belrius,
573 1275 625 1315 om
657 1254 696 1315 de
717 1264 828 1315 ersatte
849 1253 964 1315 skadau
985 1252 1046 1316 och
1066 1252 1165 1315 under
1186 1275 1225 1314 en
1246 1250 1375 1334 lttmplig
1395 1249 1440 1312 tid
1461 1250 1608 1314 arbetade
1628 1253 1669 1338 pt
1690 1255 1903 1318 omvfindclse-
1963 1303 1968 1319 .

242 1340 367 1402 verlet':
399 1337 460 1400 och
491 1347 537 1399 att
568 1336 668 1399 falsla
699 1337 906 1419 predilanter,
938 1357 1004 1397 som
1034 1337 1132 1398 tilleto
1163 1335 1246 1414 dem,
1277 1333 1384 1394 h'vitka
1411 1334 1528 1413 antagit
1553 1335 1838 1414 k01·ssat,attliisa
1858 1339 1904 1419 sig
1921 1364 1938 1390 x

121 1425 134 1489 j
241 1421 314 1484 srdn
340 1421 448 1482 lltrdeu
475 1419 548 1482 med
573 1421 763 1503 penningar,
782 1417 882 1480 borda
902 1419 1031 1482 deraned
1051 1417 1210 1503 upphdra,
1231 1414 1832 1500 vid.ptffi1jd,'atti.annat,sattanses
1852 1421 1904 1482 sd·

243 1525 310 1566 som
330 1503 520 1566 evelsamme
541 1499 740 1584 ombud·0ch
763 1499 943 1592 bedragmm
981 1553 983 1558 ,
1054 1573 1056 1584 Ι
1497 1537 1502 1546 .
1792 1535 1797 1548 .
1823 1515 1829 1520 ·

137 1820 140 1832 .
278 1755 514 1837 Gnsoomus
543 1740 757 1861 episcopua
782 1781 928 1834 seruus
958 1751 1279 1844 seruorum,dei.‹
1306 1752 1471 1859 Dilectis
1500 1751 1598 1834 filiis·
1627 1753 1902 1836 Prioribuset

113 1863 313 1948 fratribus
342 1863 507 1954 ordinis¹
524 1863 826 1956 predicatorum
856 1866 897 1944 in
925 1866 1066 1972 Regno
1083 1865 1204 1943 Dacie
1218 1864 1457 1958 constitutis,
1471 1863 1778 1972 predicantibus
1807 1865 1904 1945 con'-

110 1995 169 2057 tra
200 1973 424 2084 perfidiam.
442 1978 722 2056 prutenorum.
754 1976 932 2056 Salutem
960 1994 1007 2056 et·
1028 1973 1289 2084 apostolicam
1317 1973 1648 2057 benedictionem.
1683 1977 1800 2075 Cum·
1815 1977 1903 2055 ani·
2039 2033 2041 2038 -
2127 2037 2131 2058 .

97 2114 270 2168 marum
298 2086 457 2168 lucrum
484 2112 568 2196 quo
597 2085 754 2167 nullum
783 2086 860 2168 deo
889 2085 1127 2168 sacrificium
1162 2101 1222 2164 est
1257 2087 1462 2195 acceptius
1483 2082 1694 2192 'indefessa
1709 2072 1903 2168 sollicitu-

76 2265 86 2292 ,
109 2199 203 2280 dine
225 2189 518 2306 ,perquirentes
547 2211 727 2278 uestrum
760 2198 1023 2277 ministerium
1051 2196 1271 2291 honoretis,
1301 2201 1352 2278 &²
1366 2211 1551 2277 nostrum
1572 2194 1815 2279 desiderium
1831 2200 1904 2308 im·
1935 2269 1938 2274 .

105 2307 269 2418 pleatis,
298 2323 345 2388 ut
373 2333 423 2388 eo
447 2308 594 2390 uestris
608 2308 785 2388 monitis
812 2305 1100 2388 obsecubdcnt·
1118 2307 1306 2389 libentius
1347 2305 1572 2388 auditores.
1593 2336 1676 2418 quo
1697 2311 1905 2418 potiorem
1943 2331 1946 2342 ·
1994 2306 2016 2326 ²

105 2421 282 2526 gratiam
310 2435 620 2526 consequentur.
651 2417 837 2500 omnibus
866 2419 938 2525 qui
973 2417 1025 2500 ad
1069 2419 1328 2526 sollempnem
1364 2417 1707 2525 predicationem
1728 2435 1904 2502 uestram

104 2528 354 2610 accesserint
384 2527 435 2608 de
462 2529 752 2636 omnipotentis
780 2528 844 2609 dci
873 2529 1158 2626 misericordia,
1188 2544 1229 2608 et
1256 2527 1467 2608 beatorum
1487 2528 1598 2638 P'etrj
1614 2544 1654 2610 et
1675 2532 1791 2640 Paulj
1805 2558 1904 2641 apo·

104 2631 310 2722 stolorur'u
337 2637 423 2719 eius
451 2639 693 2720 auctoritate
723 2638 875 2720 conlisi.
903 2639 1059 2748 Viginti
1087 2639 1171 2721 dies
1200 2637 1251 2719 de
1279 2640 1457 2721 iniuncta
1486 2637 1565 2720 sibi
1591 2641 1812 2749 penitentia
1842 2673 1905 2724 re·
2007 2673 2009 2680 ’

104 2749 305 2832 laxamus.
337 2750 577 2832 auctoritate
607 2748 741 2834 uobis·
753 2750 998 2857 presentium
1028 2747 1304 2847 concedentes,
1333 2765 1381 2830 ut
1409 2751 1486 2830 illis
1514 2756 1585 2862 qui
1598 2753 1678 2861 pro
1693 2751 1902 2861 incendiis,

85 2865 140 2953 ,ἃ
169 2860 401 2941 iniectionc
429 2875 631 2944 manuum
649 2859 827 2939 uiolenta
856 2861 898 2938 in
927 2857 1094 2942 clericos
1126 2861 1211 2940 uel.
1245 2863 1343 2942 alias
1370 2861 1575 2971 religiosas
1617 2865 1806 2972 personas
1834 2892 1921 2944 cm·

100 2971 490 3052 communicationis
522 2969 709 3079 laqueum
738 2972 1006 3072 incurrerunt
1023 2991 1165 3054 contra
1207 2974 1406 3054 Prutenos
1432 2998 1510 3084 pro
1538 2970 1768 3080 defensione
1810 2972 1903 3058 fidei

98 3081 418 3177 accedentibus,
448 3087 486 3161 &
515 3079 567 3160 ad
595 3096 674 3159 tem
708 3109 1005 3190 uscongruum
1034 3085 1075 3162 in
1105 3102 1186 3165 tam
1216 3081 1330 3164 felici.
1352 3110 1475 3194 opere
1498 3087 1727 3184 moraturis.
1742 3086 1904 3168 absolu·

74 3193 229 3272 ¹tionis
261 3189 505 3272 beneficium
533 3107 784 3298 impendatis.
815 3193 983 3272 Proniso
1012 3209 1058 3272 ut
1086 3195 1209 3302 passis
1237 3191 1411 3302 dampna
1427 3201 1480 3276 2&
1504 3197 1671 3277 iniurias
1712 3195 1904 3278 satisfaci-

93 3321 168 3384 ant
198 3316 499 3411 competenter.
530 3300 608 3380 illis
637 3299 847 3394 dumtaxat
874 3307 1065 3412 exceptis,
1094 3331 1268 3414 quorum
1286 3306 1585 3386 excessusadeo
1608 3313 1704 3388 sunt
1718 3306 1902 3390 difficiles

92 3429 136 3492 et
171 3439 383 3508 enormes,
412 3409 524 3520 quod
553 3412 695 3493 merito
736 3411 818 3493 sint
846 3412 897 3493 ad
936 3413 1067 3494 sedem
1111 3414 1372 3524 apostolicam
1415 3414 1657 3526 destinandj.
1715 3420 1904 3502 Ceterum

91 3525 200 3633 quia
227 3521 408 3632 quidam
438 3519 592 3628 pseudo
622 3516 895 3628 predicatores
923 3552 1003 3633 que
1031 3553 1102 3604 sua
1133 3540 1228 3605 sunt
1256 3554 1447 3636 nonque
1476 3527 1703 3611 iesuchristi
1731 3559 1903 3642 queren-
1948 3625 1952 3630 ³

88 3648 164 3737 tes,
197 3639 246 3716 8(
281 3630 535 3713 intendentes
565 3636 699 3740 potius
728 3632 1008 3740 uoluptatibus
1036 3647 1265 3742 corporum
1281 3665 1403 3745 quam
1418 3639 1666 3748 profectibus
1680 3643 1905 3722 animarum

87 3771 174 3853 pro,
204 3739 498 3850 redemptione
527 3759 716 3826 uotorum
752 3744 961 3851 pecuniam
998 3745 1063 3826 uel
1106 3764 1291 3856 questum
1308 3776 1342 3828 ⁴a
1371 3752 1659 3859 crucesignatis
1685 3754 1916 3862 accipiunt„

83 3854 299 3937 nolumus
328 3869 375 3938 ut
404 3879 472 3933 eos
501 3871 579 3936 tarn
612 3881 701 3934 uam
730 3852 1007 3958 fraudulentos
1042 3859 1212 3938 nuncios
1248 3860 1364 3939 uerbi
1393 3856 1469 3956 dei,
1498 3860 1744 3943 &fidelium
1786 3861 1901 3942 dece·
2006 3858 2007 3867 ‘

82 3983 264 4075 ptores,
302 3962 354 4043 ab
383 3882 614 4044 huiusmodi
629 3990 768 4044 errore
784 3963 985 4064 desistere,
1000 3995 1292 4074 percensuram
1310 3971 1617 4056 ecclesiasticam
1632 3973 1903 4082 appellatione

80 4076 340 4185 postposita
368 4073 627 4182 compellatis.
643 4134 645 4143 ·
660 4076 818 4157 Datum.
848 4077 981 4159 Reate.
998 4079 1136 4159 Nonis.
1167 4081 1362 4162 Februar.
1396 4083 1661 4166 Pontificatus
1675 4085 1902 4194 uostrjAn·

77 4215 144 4271 no
173 4188 369 4292 Quinto.
1189 4233 1192 4244 ·
1596 4205 1599 4210 ’

58 4309 60 4312 ’
670 4323 835 4413 Blybullau
855 4325 1023 4412 vidhrnger
1044 4335 1055 4393 i
1076 4332 1344 4415 segelgarnssndue.
