4368 5950
764 420 841 440 --
960 403 1028 481 ι7ι
1144 421 1202 444 -

114 606 257 672 inostro
286 615 364 700 pro
391 592 540 674 uostris
566 591 731 676 offensis
758 621 782 674 a
805 591 969 701 perfidis
999 593 1228 674 Sarracenis
1237 583 1373 674 ¹illatas
1384 621 1518 705 nuper
1531 596 1576 678 in
1590 613 1729 682 monte
1755 597 1907 700 Tabas,

113 701 189 784 ubi
217 701 437 810 Discipulis
462 704 547 784 suis
573 702 710 784 future
738 701 1043 812 glorificationis
1068 706 1241 812 speciem
1271 701 1585 804 demonstrarit,
1611 707 1733 794 iidem
1761 712 1909 819 perfidi

115 815 328 896 Sarraceni
342 812 558 922 quamdam
587 816 821 896 munitionis
847 841 982 894 arcem
1011 815 1052 892 in
1072 814 1350 896 confusionem
1379 815 1798 916 Christiassnominis
1819 851 1908 908 arm

115 940 275 1018 xerunt,
291 951 502 1034 perquam
532 925 741 1006 Civitatem
771 929 909 1006 Accon
939 925 1015 1007 sibi
1032 923 1148 1011 valde
1177 927 1351 1008 vicinam
1379 923 1430 1008 de
1447 925 1558 1009 facili
1576 934 1908 1039 cogitantocoua

114 1063 231 1144 pare,
245 1117 246 1120 ι
260 1063 309 1116 ac
336 1033 485 1117 deinde
513 1036 599 1118 sine
628 1036 739 1116 omni
774 1035 1108 1118 contradictionis
1145 1035 1361 1124 obstaculo
1404 1038 1612 1120 residuum
1652 1060 1759 1128 terre
1786 1044 1907 1128 buius

1 1191 2 1194 ι
115 1145 323 1243 invadere,
340 1147 496 1230 comsit
512 1146 729 1232 viribuset
751 1147 899 1255 opibus
928 1175 1031 1257 pene
1046 1148 1208 1254 penitus
1235 1147 1440 1230 destituta.
1473 1151 1561 1254 Eya
1589 1150 1907 1260 igiturdilectis·

114 1258 207 1338 sinu
234 1255 304 1340 filii
333 1257 617 1352 dissensiones,
646 1273 687 1336 et
715 1255 978 1338 emulationes
1006 1257 1204 1340 fraternas
1233 1260 1275 1338 in
1304 1260 1434 1364 pacis,
1460 1275 1504 1338 et
1519 1257 1747 1342 dilectionis
1766 1260 1907 1348 federa
2043 1248 2049 1261 ’
2111 1270 2114 1280 ’

2 1419 6 1424 -
115 1367 373 1448 comittantes
393 1366 423 1477 ¹)
446 1366 702 1475 accingimini
731 1367 784 1447 ad
812 1367 1052 1478 obsequium
1084 1369 1296 1464 Crucilini,
1311 1396 1397 1452 non
1412 1367 1647 1452 dubitantes
1663 1399 1741 1480 pro
1757 1371 1827 1455 illo
1842 1399 1906 1456 res

113 1503 337 1584 exponere,
367 1504 416 1556 ao
445 1505 655 1584 personas,
684 1479 757 1586 qui
791 1505 874 1585 pro
896 1477 1012 1558 vobis
1040 1480 1215 1560 animam
1242 1507 1355 1562 suam
1384 1480 1539 1587 posuit,
1582 1495 1623 1562 et
1664 1485 1904 1592 sanguinem

115 1615 234 1670 suum
263 1588 386 1681 fudit,
417 1587 517 1668 certi
547 1590 718 1694 pariter,
760 1607 802 1668 et
841 1589 991 1684 securi,
1034 1588 1148 1698 quod
1189 1591 1223 1669 si
1255 1617 1361 1670 sere
1391 1593 1618 1697 penitentes
1646 1590 1804 1678 fueritis
1833 1619 1907 1704 per

103 1698 225 1778 xbunc
254 1699 514 1806 temporalem
544 1698 743 1793 laborem,
771 1699 888 1806 quasi
914 1698 1092 1808 quodam
1121 1699 1366 1808 compendio
1391 1699 1442 1780 nd
1470 1701 1650 1809 requim
1663 1706 1908 1813 pervenietis

112 1826 308 1890 eternam.
338 1809 421 1888 Nos
436 1809 542 1888 enim
562 1807 612 1891 dc
628 1810 929 1916 Omnipotentis
946 1810 1020 1890 Dei
1035 1809 1319 1904 misericordia,
1334 1826 1375 1889 et
1387 1807 1602 1894 beatorum
1616 1815 1907 1922 Apostolorum

82 2014 89 2022 ἱ
113 1921 223 2000 Petri
253 1936 294 2000 et
321 1916 436 1998 Pauli
463 1921 704 1999 auctoritate
733 1918 875 2010 conlisi
902 1947 951 1999 ex
988 1918 1075 2017 illa,
1111 1948 1235 2030 quam
1271 1917 1400 2001 Nobis
1435 1921 1564 2017 Deus,
1586 1921 1694 2010 ‚licet
1728 1923 1907 2032 indignis

113 2029 287 2139 ligandi,
317 2045 440 2137 atque
468 2027 652 2110 solvendi
687 2029 861 2108 contulit
897 2043 1117 2138 potestate,
1153 2027 1346 2112 omnibus
1377 2032 1451 2139 qui
1487 2030 1668 2114 laborem
1706 2035 1830 2118 istum
1865 2037 1908 2122 itt

113 2142 295 2250 propriis
325 2141 506 2247 personis
549 2140 765 2236 subierint,
808 2156 850 2221 st
892 2141 1097 2248 expensis,
1133 2141 1292 2256 plenam
1328 2168 1495 2232 suorum
1525 2145 1820 2251 peccaminum,
1855 2145 1907 2232 de
2013 2217 2023 2228 .

111 2251 266 2361 quibus
295 2252 492 2329 veraciter
520 2249 673 2334 luerint
703 2251 826 2332 corde
856 2251 1042 2347 contriti,
1071 2268 1111 2332 et
1138 2279 1210 2330 ore
1238 2249 1411 2336 consensi
1444 2253 1601 2333 veniam
1630 2254 1905 2362 indulgeam,
1966 2307 1975 2324 =
2119 2247 2123 2260 ⁵

107 2363 227 2443 etin
255 2360 524 2441 retributione
553 2362 752 2441 iustorum
781 2361 921 2442 salutis
948 2377 1087 2442 eterne
1117 2360 1354 2468 pollicemur
1375 2378 1646 2470 angmentum,
1675 2366 1743 2450 Eis
1758 2383 1904 2462 nutem,
2109 2355 2114 2366 ’

66 2547 73 2558 ,
110 2474 191 2582 qui
230 2499 313 2552 non
343 2473 385 2551 in
420 2472 602 2578 personis
632 2473 808 2579 propriis
837 2471 935 2550 illuc
962 2474 1212 2567 accesserint,
1241 2471 1311 2552 sed
1340 2472 1384 2550 in
1417 2473 1500 2551 suis
1528 2472 1741 2560 dumtaxat
1754 2502 1906 2583 expen-

109 2585 167 2663 sis
196 2583 311 2661 iuxta
339 2580 573 2662 facultatem
601 2598 641 2662 et
669 2583 905 2690 qualitatem
931 2609 1043 2662 suam
1074 2583 1182 2662 viros
1210 2583 1379 2663 idoneos
1394 2579 1656 2679 destinarint,
1685 2599 1727 2664 et
1754 2585 1835 2669 illis
1853 2588 1905 2666 si·

111 2693 280 2788 militer,
310 2693 382 2799 qui
412 2691 504 2773 licet
532 2694 575 2772 in
604 2693 743 2772 alienis
772 2692 955 2800 expensis
981 2695 1026 2772 in
1056 2694 1232 2801 propriis
1267 2709 1404 2772 tamen
1432 2694 1615 2800 personis
1648 2697 1904 2792 accesserint,

112 2805 277 2912 plenam
304 2829 473 2884 suorum
500 2803 657 2886 venum
686 2802 944 2884 concedimus
973 2820 1243 2910 peccatorum.
1302 2803 1434 2882 Huius
1468 2829 1633 2915 quoquc
1660 2804 1903 2888 remissionis

104 2913 321 3009 volumus,
350 2929 391 2992 et
419 2911 678 2994 concedimus
705 2941 790 2995 esse
821 2913 1034 3021 participes
1063 2913 1178 3019 juxta
1206 2913 1475 3021 quantitatem
1496 2912 1684 3009 subsidii,
1713 2933 1754 2994 et
1781 2915 1908 3000 dero-¹
1948 2921 1949 2924 ‘

112 3025 249 3105 tionis
269 3022 471 3118 affectum,
501 3025 742 3130 omnesqui
773 3022 825 3104 ad
853 3022 1162 3102 subventionem
1191 3024 1317 3131 ipsius
1345 3038 1453 3103 terre
1486 3023 1537 3104 de
1565 3025 1683 3108 bonis
1693 3027 1778 3108 suis
1807 3051 1904 3108 con·

110 3161 216 3244 grue
232 3132 518 3216 ministrabunt
532 3161 723 3240 personas
745 3161 910 3243 quoque
938 3134 1136 3241 ipsorum,
1164 3151 1206 3213 ct
1234 3133 1343 3230 bona
1362 3159 1413 3212 ex
1438 3160 1525 3242 quo
1553 3133 1725 3216 Crucem
1752 3161 1904 3216 amuss-

111 3247 293 3356 pseriut,
330 3244 407 3324 sub
436 3244 544 3323 Beati
571 3247 699 3339 Petri,
726 3261 768 3324 et
796 3261 934 3324 nostra
964 3245 1215 3350 protectione
1244 3243 1500 3350 suscipimus,
1530 3267 1604 3322 nec
1635 3271 1723 3324 non
1757 3261 1799 3325 et
1826 3243 1904 3328 sub

81 3355 538 3462 -Arcbiepiscoporum,
569 3371 609 3435 et
638 3356 949 3463 Episcoporum,
979 3371 1018 3436 et
1047 3355 1225 3434 omnium
1256 3353 1508 3433 Prelatorum
1538 3352 1714 3434 Ecclesia
1744 3353 1903 3442 Derda-
2033 3358 2037 3361 ’

110 3467 301 3546 fensionc
328 3466 566 3558 consistant,
596 3481 836 3560 statuentes,
865 3481 911 3544 ut
939 3463 1067 3544 donec
1097 3463 1146 3544 de
1161 3466 1342 3571 ipsorum
1370 3463 1506 3557 obitu,
1536 3462 1600 3542 vel
1615 3464 1749 3547 reditu
1762 3466 1902 3552 certis-
1951 3547 1953 3552 ,

108 3579 214 3660 sime
244 3593 511 3682 cognoscatur
539 3577 695 3682 integra
724 3591 929 3669 maneant,
959 3592 1000 3652 ct
1027 3576 1165 3681 quieta
1193 3575 1425 3654 consistant
1473 3570 1659 3674 Quodsi
1687 3576 1903 3688 quisquam

58 3771 63 3780 ,
110 3703 260 3768 contra
289 3688 577 3793 presumpserit
605 3715 677 3794 per
706 3685 973 3766 Ecclesiarum
996 3685 1173 3764 Prelatos
1201 3682 1475 3791 appellatione
1495 3683 1719 3795 postposita
1734 3710 1901 3768 censura

109 3797 381 3896 ecclesiastica
397 3813 686 3903 compescatur.
718 3797 759 3876 Si
773 3797 845 3906 qui
861 3822 957 3874 vero
972 3795 1312 3902 proficiscentium
1326 3793 1422 3874 illuc
1436 3793 1489 3874 ad
1505 3791 1740 3900 prestandas
1761 3817 1902 3876 usuras

111 3911 345 3990 iuramento
373 3923 564 3988 tenentur
592 3907 744 3987 astricti
771 3906 993 3987 creditores
1005 3932 1146 3984 eorum
1161 3931 1234 4012 per
1257 3903 1526 3984 Ecclesiarum
1554 3902 1749 3998 Prelatos,
1776 3918 1825 3980 ut
1840 3929 1902 3982 re·

60 4071 65 4074 -
110 4022 281 4102 mittant
307 4019 364 4100 eis
390 4017 591 4124 prefatum
619 4017 890 4098 iuramentum
918 4031 958 4095 et
987 4017 1038 4119 ab
1066 4023 1280 4096 usurarum
1305 4015 1517 4100 exactione
1545 4013 1740 4096 desistant
1761 4009 1902 4094 eadem

110 4129 361 4241 precipimus
389 4128 640 4208 districtione
669 4127 865 4234 compelli.
895 4125 1019 4227 Quod
1033 4127 1070 4204 si
1082 4128 1298 4234 qnisquam
1314 4125 1575 4212 Creditorum
1585 4151 1653 4204 eos
1668 4121 1719 4202 ad
1733 4120 1901 4212 solutior

112 4269 209 4322 nem
230 4239 408 4350 coegerit
429 4265 655 4334 usurarum,
677 4267 769 4318 cum
784 4236 837 4317 ad
853 4239 1148 4318 restitutionem
1164 4263 1302 4316 earum
1314 4234 1436 4324 simili
1450 4229 1901 4338 eogiauimadrersione

111 4351 364 4433 mandamus.
388 4349 409 4426 J
413 4347 539 4428 udeos
554 4376 651 4430 vero
666 4349 716 4430 ad
734 4345 995 4434 remittendas
1010 4349 1105 4455 ipsis
1121 4374 1263 4428 usuras
1278 4373 1351 4454 per
1363 4344 1587 4428 secularem
1601 4341 1787 4450 compelli
1810 4363 1903 4449 prc-

105 4463 288 4571 clpimus
316 4475 568 4567 potestatem,
597 4478 637 4540 et
666 4460 796 4543 donec
824 4458 913 4537 illas
946 4459 1175 4538 remiserint
1208 4459 1260 4538 nb
1295 4457 1494 4541 universis
1531 4452 1680 4534 Christi
1715 4451 1902 4537 fidelibus

19 4619 31 4632 ‚
108 4593 200 4655 tam
223 4574 266 4654 in
297 4571 581 4664 mercimoniis,
618 4599 739 4683 quam
784 4572 827 4653 in
867 4569 956 4652 aliis
991 4597 1075 4677 per*
1107 4565 1531 4650 excommunicationis
1572 4564 1816 4644 sententiam
1846 4563 1902 4650 eis
1950 4557 1959 4578 ⁸

104 4684 286 4764 onrnino
314 4685 544 4766 commanis
573 4680 812 4788 denegetur..
835 4683 891 4761 Vt
919 4696 1053 4760 autem
1082 4679 1208 4762 Terre
1238 4680 1384 4791 Sancte
1407 4671 1630 4766 subsidium
1659 4671 1902 4754 deisonis
1952 4677 1961 4684 “

109 4797 318 4904 plurimos,
342 4792 499 4874 facilius
527 4792 795 4900 impendatur,
824 4791 1085 4873 obsecramus
1109 4815 1268 4884 omncs,
1297 4803 1338 4869 et
1366 4785 1546 4894 singulos
1575 4811 1648 4890 pen
1673 4786 1833 4867 Patrem
1861 4799 1906 4862 et·

109 4906 264 4992 Filium
286 4920 335 4982 et
363 4903 556 5010 Spiritum
576 4904 775 4998 ‚Sanctum
805 4905 944 4982 Unum
969 4902 1099 4985 solum
1127 4927 1267 4990 verram
1301 4925 1427 4980 unum
1461 4911 1644 4986 eternum
1670 4893 1808 4984 Deum,
1828 4919 1902 5000 po·

104 5017 389 5041 Μ

202 5059 229 5127 ι)
249 5055 474 5108 commutantes
495 5043 534 5108 K.
555 5063 596 5107 ιιι.
