4404 5960
771 445 883 486 ’.ε-
980 399 1073 512 ‚413
1175 445 1241 482 s·-

120 603 400 730 'Ecolesiarum
429 621 625 719 Prolatos,
653 639 694 704 et
722 623 899 708 Clericos
929 625 1154 734 rpligicsos,
1183 643 1231 732 et,
1252 623 1458 756 peculares
1485 625 1761 734 cuiuscunque
1789 620 1928 732 digni:

18 730 21 737 ’
131 737 241 834 talis,
258 728 324 819 'vel
353 735 506 818 ordinis
534 735 705 832 fuerint,
733 739 852 848 ‘'quos
886 733 938 816 ad
955 734 1051 814 ¹hoc'
1068 721 1268 840 ‘ydoneos
1315 763 1399 816 esse
1442 735 1679 846 cognoveris
1707 735 1921 843 diligenter

129 877 355 959 exponens,
384 851 519 958 eisque
548 873 782 956 proponens
810 845 980 928 sollicite
1010 847 1178 932 verbum
1207 847 1366 942 Crucis,
1395 848 1504 956 ipsos
1531 847 1646 955 juxta
1677 844 1811 928 datam
1845 844 1922 925 tibi

128 989 152 1042 a
182 963 357 1042 Domino
386 961 554 1072 gratiam
584 960 750 1038 intentis
778 956 947 1038 inducas
974 957 1154 1054 monitis,
1183 974 1238 1038 ct·
1253 957 1400 1038 sedulis
1413 956 1921 1066 predicationibuscxhor-

128 1075 243 1169 teris,
272 1088 319 1152 ut
346 1075 569 1182 cogitantes
598 1067 821 1178 prudenter
850 1084 1050 1177 quantum
1078 1096 1187 1149 nunc
1217 1068 1396 1177 indigeat
1425 1071 1605 1178 ipsorum
1628 1068 1784 1178 prefata
1812 1069 1922 1148 terra

127 1211 320 1266 succursu
351 1183 403 1265 ad
424 1181 739 1264 'subventionem
768 1181 853 1264 eius
881 1181 1081 1288 promptis
1111 1180 1342 1275 intendant,
1384 1183 1544 1273 animis,
1574 1197 1615 1259 et
1642 1179 1922 1261 viribus'totis

126 1312 346 1405 exurgant,
375 1295 586 1402 crucisque
613 1289 801 1399 suscepto
829 1290 1038 1398 signaculo
1066 1290 1164 1371 illuc
1192 1290 1482 1398 spiritualibus.
1498 1293 1636 1389 armis,
1665 1308 1715 1372 et.
1734 1292 1922 1373 materia·

126 1407 235 1488 libus
265 1405 502 1514 premuniti,
535 1401 586 1483 dc
615 1402 751 1483 divina
780 1420 946 1512 quoque
974 1419 1180 1509 sperantes
1209 1403 1391 1511 potentia
1421 1431 1511 1482 cum
1549 1403 1801 1483 festinatione
1855 1430 1922 1483 ro·

124 1517 293 1614 cedant,
321 1535 361 1598 et
390 1535 435 1596 ut
462 1523 567 1596 circa
595 1513 645 1594 id'
666 1543 714 1594 eo
745 1513 934 1594 libentius
952 1530 1005 1616 et
1030 1515 1248 1593 animosius
1277 1511 1510 1610 intendant,
1526 1541 1622 1624 ¹quo
1645 1512 1792 1594 exinde
1842 1517 1923 1595 ona

123 1628 351 1738 spiritualia
379 1625 669 1738 temporalibus
698 1623 842 1733 procul
871 1624 999 1706 dubio
1029 1622 1268 1731 preferenda
1293 1627 1549 1733 perceperint
1564 1625 1736 1735 potiora.
1766 1627 1851 1706 Nos
1870 1623 1922 1706 de
1972 1713 1976 1722 ,

117 1731 417 1850 'omnipotentis
461 1737 534 1816 Dei
581 1733 851 1816 misericordia
880 1743 981 1831 uc,
1001 1752 1043 1814 et
1071 1735 1138 1814 illa
1168 1765 1289 1846 quam
1325 1736 1441 1815 nobis
1484 1737 1590 1817 Deus
1610 1735 1713 1815 licet
1742 1734 1920 1845 indignis
1986 1783 1988 1790 s

124 1849 383 1961 ligandi'ssm.
412 1848 585 1928 eontulit
612 1861 830 1956 potestate,
867 1848 1055 1926 omnibus
1085 1851 1157 1927 &c
1189 1847 1346 1956 plenam
1376 1873 1541 1926 suornm
1562 1847 1839 1955 peccaminum
1853 1875 1920 1926 ve·

122 1963 233 2044 niam
263 1958 528 2069 indulgemus.
559 1965 631 2038 &c
662 1965 734 2037 &c
763 1957 820 2036 Vt
845 1972 977 2036 autem
1006 1959 1258 2037 commissum
1287 1957 1363 2037 tibi
1392 1957 1622 2038 huiusmodi
1659 1955 1921 2041 ministerium

120 2073 304 2168 facilius,
332 2072 541 2154 etutilius
570 2071 716 2178 exequi
744 2069 878 2148 valeas
906 2069 981 2150 tibi
1011 2085 1052 2147 et
1090 2067 1300 2178 predictis,
1329 2096 1432 2178 quos
1461 2070 1503 2149 in
1532 2070 1609 2178 boc
1639 2087 1921 2178 cooperatores

116 2187 292 2294 elegeris
321 2180 572 2264 convocandi
600 2179 655 2260 ob
685 2179 727 2261 id
755 2181 1096 2290 quotiescunque,
1125 2196 1179 2259 et.
1197 2180 1441 2289 ubicumque
1456 2178 1604 2261 videris
1620 2179 1812 2290 expedire
1828 2180 1919 2261 Cle·

118 2324 214 2391 ros,
243 2289 284 2375 et
312 2291 486 2404 populos
515 2293 708 2387 locorum,
739 2292 951 2400 inquibus
975 2307 1015 2369 tc
1043 2291 1108 2372 vel
1136 2293 1245 2400 ipsos
1261 2319 1491 2401 proponere
1506 2293 1722 2400 contigerit
1738 2291 1920 2372 Verbum
1969 2311 1981 2344 ⁴

119 2408 287 2507 Crucis,
316 2421 362 2484 ut
390 2395 737 2514 processionaliter
766 2430 856 2483 cum
872 2401 1099 2483 ,devotione
1128 2405 1384 2498 conveniant,
1413 2419 1453 2482 et
1481 2399 1823 2512 predicationibus
1851 2431 1918 2483 ve·

115 2509 217 2600 stris
245 2517 451 2618 intersint..
471 2515 610 2617 Cleros
638 2510 799 2595 eosdem
827 2511 878 2594 ad
909 2513 950 2595 id
978 2516 1013 2606 si
1040 2541 1198 2595 necesse
1227 2513 1347 2594 luerit
1375 2541 1448 2625 per
1477 2543 1684 2595 censuram
1713 2521 1788 2595 &c
1809 2540 1918 2594 com·
2025 2571 2029 2580 ⁴

114 2627 320 2739 pellendi,
343 2656 389 2710 ac
414 2656 490 2736 pro
519 2624 668 2708 eisdem
696 2621 1042 2733 predicationibus
1078 2624 1215 2723 ferias,
1259 2641 1382 2734 prout
1411 2625 1602 2733 expedire
1636 2624 1783 2706 videris
1812 2623 1919 2705 indi-

114 2739 263 2836 cendi,
293 2734 542 2820 concedendi
569 2762 735 2847 quoque
769 2733 959 2816 omuibus
1002 2763 1097 2817 vere
1139 2737 1414 2846 penitentibus
1443 2755 1483 2815 ct
1511 2735 1720 2833 confessis,
1766 2739 1838 2848 qui
1859 2737 1919 2819 'ad

113 2852 283 2935 casdem
312 2851 641 2943 convocationes,
671 2863 712 2926 et
741 2845 1037 2957 predicationes
1080 2865 1231 2928 vestras
1274 2849 1513 2929 accesserint
1554 2865 1714 2929 centum
1759 2847 1916 2929 dicrum

33 2985 35 2990 ’
112 2962 413 3071 indulgentiam
453 2960 611 3068 plenam
640 2958 897 3040 concedimus
926 2964 1164 3042 auctoritate
1193 2961 1438 3069 presentium
1455 2977 1705 3068 potestatem.
1734 2962 1828 3041 Non
1844 2961 1918 3040 ob·

109 3075 321 3158 stantibus
349 3074 381 3151 si
421 3071 623 3181 aliquibus
665 3072 953 3177 cuiuscumque
995 3069 1167 3165 ordinis,
1210 3071 1274 3151 vel
1318 3070 1525 3179 dignitatis
1565 3073 1761 3169 existant,
1804 3069 1918 3180 quod

109 3185 308 3294 juterdici
339 3189 430 3281 &c.,
458 3198 500 3262 et
527 3180 781 3292 quibuslibet
806 3181 1085 3296 indulgentiis,
1114 3189 1188 3290 bc.
1219 3179 1372 3289 Taliter
1401 3185 1526 3292 igitur
1554 3199 1600 3262 tu
1628 3183 1782 3294 etalii,
1817 3169 1917 3294 xqui}
2029 3275 2032 3287 Ι

106 3297 197 3382 bus
225 3292 457 3376 huiusmodi
486 3293 772 3402 predicationis
804 3291 980 3373 officium
1010 3293 1172 3376 duxeris
1201 3291 1532 3375 committendum
1553 3292 1788 3397 mandatum
1817 3319 1917 3401 apo·

105 3403 305 3490 stolidum
335 3433 457 3514 super
484 3405 564 3485 hoc
592 3405 738 3514 exequi
767 3406 1012 3512 procuretis,
1042 3403 1155 3514 quod
1183 3405 1358 3515 palmam
1388 3405 1535 3513 glorie,
1564 3433 1644 3517 quc
1673 3405 1823 3488 bellum
1839 3407 1915 3486 Dei

105 3519 363 3632 gerentibus.
402 3517 447 3600 in
474 3513 799 3603 ,retributionem
843 3515 896 3595 ab
939 3515 1027 3623 ipso
1070 3510 1318 3626 impenditur
1360 3533 1493 3597 vestra
1523 3515 1687 3597 devotio
1716 3517 1911 3627 consequi

103 3647 332 3716 mereatur.
362 3622 511 3707 Datum
549 3623 659 3735 apud
688 3626 841 3706 Vrbem
870 3627 1059 3708 Veterem
1088 3629 1177 3716 llll.
1207 3630 1312 3740 Non.
1343 3628 1535 3709 Octobris
1563 3631 1684 3741 Anno
1713 3628 1864 3711 Tertio.

105 3901 257 4032 aas.
512 3959 513 3964 ψ
598 3841 602 3850 ’
710 3843 1265 4030 ‘ussaaoet
1763 3901 1909 4007 nom.

199 4087 290 4152 Pdstt.
310 4087 453 4152 Uarenus
476 4089 549 4152 ths
568 4087 741 4168 Besallning
763 4087 812 4149 till
834 4089 986 4171 Biskopeu
1006 4090 1016 4148 i
1039 4089 1137 4152 Skara
1169 4099 1215 4154 att
1235 4101 1373 4174 upptaga
1400 4091 1598 4154 tootdedelen
1617 4091 1654 4152 af
1671 4077 1734 4152 alla
1755 4090 1912 4171 andeligas

251 4172 422 4234 inlomster
443 4173 528 4234 inom
549 4170 691 4252 Srerige,
713 4170 841 4232 hvilleu
861 4171 966 4233 blifvit
986 4173 1027 4256 pa
1048 4171 1068 4231 5
1089 4173 1140 4236 dre
1159 4173 1207 4236 tid
1227 4177 1373 4256 anslageu
1383 4175 1430 4235 till
1443 4174 1552 4255 Heliga
1563 4173 1682 4236 landate
1702 4172 1797 4257 hjelp‚
1818 4193 1911 4234 mm·

782 4355 968 4436 Urbanus
1002 4361 1072 4436 &c
1102 4356 1256 4439 Eidem.
1375 4287 1406 4344 F·
1428 4301 1450 4341 c
1467 4285 1528 4343 ’ω’
1547 4287 1602 4343 nn.
1621 4288 1646 4342 δ’
1664 4287 1717 4358 1⁹⁹
1735 4304 1776 4358 μ’

145 4526 150 4539 ‘
259 4507 338 4583 wVt
366 4504 613 4582 centesimum
641 4506 813 4582 omnium
843 4499 1211 4584 Ecclesiasticoaum
1231 4519 1505 4614 proventuum
1531 4507 1661 4610 Regni
1673 4501 1826 4586 Scatioe
1835 4533 1911 4614 pro

316 4613 485 4693 subsidio
514 4613 636 4691 Terre
664 4631 817 4692 sanctae
845 4611 903 4691 ad
929 4620 1235 4723 quinquemium
1261 4644 1482 4694 concessam
1508 4617 1698 4730 colligat,
1731 4620 1768 4695 St
1811 4620 1913 4696 assi·
1991 4669 1999 4682 ·

315 4742 421 4828 gnet.
442 4725 525 4802 &c
554 4723 928 4831 Crucesiguatorum
969 4745 1072 4805 octo
1098 4754 1182 4835 pro
1213 4726 1317 4806 dicte
1353 4727 1393 4808 T
1387 4755 1488 4806 errae
1530 4745 1681 4808 sancte
1721 4755 1912 4808 succursu

287 4863 291 4868 ·
315 4835 527 4940 adimpleri
541 4837 704 4938 faeiat,
735 4837 850 4918 tollas
876 4837 1023 4916 abusus
1051 4841 1093 4914 in
1120 4837 1351 4944 colligendis
1378 4837 1603 4933 elenwstnu,
1631 4858 1670 4919 et
1685 4856 1836 4947 praesto
1861 4844 1912 4919 sit
1949 4905 1953 4919 .

308 4946 591 5056 praedicationi
615 4946 773 5042 Crucis,
798 4975 877 5054 pro
906 4975 987 5054 quo
1013 4952 1051 5025 ei
1067 4947 1307 5058 privilegiu,
1338 4965 1377 5028 et
1418 4948 1688 5057 adrogantius
1728 4949 1915 5032 concedit.

288 5055 400 5136 luter
425 5054 711 5164 occupationes
738 5053 983 5163 multiplices
1011 5059 1085 5136 &c
1116 5059 1266 5164 Datum
1295 5073 1501 5167 utsupra.
1939 5067 1942 5073 ’
