4398 5958
770 484 826 507 -
935 439 1012 523 aas
1123 485 1206 566 -Ὶ

157 688 220 741 am
262 658 431 740 curiales
471 655 635 770 quidam
676 661 716 736 &
755 654 910 736 rurales
950 656 1174 737 sacerdotes
1213 681 1296 736 non
1337 658 1582 741 attendentes
1608 659 1659 737 in·
1679 661 1859 739 sessioni·
1960 691 1965 706 ’

99 689 177 848 ills
203 775 243 848 &
272 767 443 874 publicis
483 766 749 846 conuentibus
790 763 1006 844 maioribus
1038 791 1080 842 se
1117 763 1317 872 preferant
1357 767 1616 873 inpudenter,
1658 768 1860 848 canonicis

91 874 262 983 quidem
289 867 474 955 videlicet
504 873 790 955 cathedralium
816 872 1070 951 ecclesiarum
1091 873 1386 980 magnificantes
1399 891 1572 982 quantos
1599 875 1640 952 in
1660 876 1755 980 ipsis
1770 902 1860 980 par·

100 1007 175 1063 uos
202 990 242 1062 8(
269 999 432 1088 magnos
459 979 752 1090 quodammodo
790 981 1032 1061 minorantes
1059 994 1104 1059 vt
1129 983 1210 1060 sint
1237 983 1440 1062 nouissimi
1466 987 1507 1061 8(
1533 1009 1617 1061 non
1644 984 1764 1088 primi
1790 1011 1872 1061 vn-⁴

99 1091 151 1171 de
181 1092 257 1170 hoc
285 1105 482 1198 perpetuo
507 1088 639 1170 edicto
666 1089 848 1169 decetero
878 1089 963 1168 lieri
1006 1089 1262 1194 prohibemus
1302 1106 1534 1170 statuentes·
1561 1106 1605 1169 vt
1634 1091 1768 1168 nullus
1795 1115 1863 1168 ru·

99 1198 243 1278 ralium
270 1197 521 1279 sacerdotum
555 1225 625 1277 seu
651 1197 775 1278 eciam
807 1195 1042 1278 clericorum
1083 1200 1232 1278 curiam
1271 1201 1528 1304 sequencium
1570 1200 1770 1279 canonicis
1798 1195 1863 1277 ca·

99 1305 338 1387 thedralium
386 1305 637 1387 ecclesiarum
678 1331 720 1385 se
759 1301 809 1382 de
856 1320 990 1383 cetero
1029 1304 1206 1411 preferre
1252 1305 1491 1411 presumant,
1519 1304 1703 1386 videlicet
1746 1306 1864 1412 primi

101 1414 267 1494 sedeant
287 1415 359 1522 qui
399 1429 493 1493 sunt
519 1419 558 1492 8(
585 1413 795 1493 discuntur
828 1410 924 1518 jtem
950 1415 1157 1492 statuimus
1185 1429 1229 1492 vt
1255 1413 1466 1520 singularis
1493 1439 1664 1518 persona
1691 1441 1768 1519 pro
1795 1440 1863 1493 ex·

100 1521 276 1602 cassibus
304 1523 384 1600 suis
413 1522 615 1602 interiecta
645 1523 708 1598 vel
736 1547 926 1627 suspensa
953 1521 987 1599 si
1014 1518 1183 1600 durante
1209 1522 1470 1628 suspensione
1498 1517 1863 1626 dampnabiliterse

101 1629 264 1734 ingessit
304 1628 443 1708 nolens
478 1631 795 1708 communionem
836 1625 1011 1707 fidelium
1045 1631 1197 1706 euitare
1230 1635 1269 1707 8(
1297 1629 1351 1708 oh
1378 1629 1456 1706 boc
1497 1628 1708 1732 contigerit
1735 1655 1864 1707 sacer·

101 1736 238 1817 dotem
271 1735 539 1842 parochialem
568 1763 591 1818 a
618 1737 823 1816 missarum
851 1735 1120 1816 celebracione
1147 1763 1299 1815 cessare
1339 1735 1436 1815 dum
1476 1733 1631 1815 offensa
1663 1736 1786 1840 ipsius
1814 1738 1864 1816 sit

101 1843 308 1925 manifesta
356 1858 569 1954 antequam
612 1843 815 1924 ecclesiam
841 1842 1123 1951 &plebanum
1171 1841 1391 1924 reddiderit
1416 1841 1669 1949 indempnem
1696 1843 1861 1923 nullate·

101 1980 176 2036 nus
203 1952 444 2034 absoluatur.
1274 2037 1279 2042 .
1323 1995 1325 2008 ι
1836 1951 1839 1964 ’

526 2097 843 2204 Arcdiepircopus
869 2095 1008 2176 subiect
1033 2102 1069 2175 si
1093 2101 1253 2177 statum
1280 2095 1440 2176 concuti.

269 2233 351 2313 Rex
380 2234 554 2313 excelsus
582 2236 686 2314 lilius
714 2235 855 2314 summi
883 2234 987 2342 regis
1015 2231 1112 2313 deus
1141 2240 1180 2312 8(
1207 2236 1326 2316 homo
1355 2234 1539 2316 domiuus
1553 2232 1683 2315 ihesus
1697 2233 1866 2320 christus

103 2369 223 2448 quem
251 2342 459 2423 necessitas
486 2342 564 2448 legi
590 2368 674 2420 uon
701 2342 870 2422 subiecit
900 2341 1027 2421 factus
1056 2360 1115 2422 est
1142 2343 1218 2422 sub
1247 2346 1412 2450 propria
1440 2343 1648 2422 voluntate
1675 2345 1751 2423 sub
1779 2343 1866 2450 lege

106 2450 272 2528 formam
300 2451 529 2557 relinquens
557 2451 719 2530 ecclesie
752 2450 941 2530 ministris
967 2455 1008 2528 8(
1040 2448 1202 2556 prelatis
1216 2453 1287 2558 qui
1302 2452 1394 2530 licet
1422 2450 1646 2530 libertatem
1674 2450 1865 2561 quodam·
1971 2517 1979 2532 .

104 2555 227 2636 modo
260 2558 430 2638 habeant
456 2557 694 2638 excellencia
720 2557 923 2665 dignitatis
964 2583 1245 2665 recognoscere
1273 2574 1406 2637 tamen
1441 2558 1589 2640 debent
1615 2587 1707 2640 cum
1723 2559 1869 2648 subdi·

103 2667 156 2744 tis
183 2669 374 2774 quantam
401 2693 450 2745 ex
478 2663 612 2744 officio
639 2664 814 2748 debitam
832 2666 1064 2745 seruitutem
1091 2693 1186 2744 sane
1214 2694 1304 2745 cum
1333 2669 1577 2749 auctoritatis
1594 2669 1645 2746 sit
1659 2695 1775 2775 posse
1788 2684 1868 2749 sta·
1895 2730 1897 2739 ,

104 2789 217 2854 tuere
250 2775 318 2854 sed
365 2774 523 2852 virtutis
554 2791 599 2853 vt
625 2778 716 2883 quis
742 2801 783 2854 se
815 2775 985 2853 subiciat
1026 2802 1099 2854 suo
1141 2790 1293 2853 statuto
1335 2802 1407 2883 per
1447 2775 1615 2855 alterum
1642 2793 1786 2883 potens
1825 2777 1868 2855 in

106 2881 277 2962 subditis
305 2911 376 2989 per
404 2881 601 2990 reliquum
629 2884 837 2990 potencior
865 2887 906 2963 in
934 2910 975 2962 se
1004 2884 1091 2989 ipso
1122 2875 1331 2987 ¹presertim
1366 2912 1458 2964 eum
1495 2883 1692 2964 efficacius
1719 2900 1869 2962 statuat

107 2989 204 3071 dum
232 2992 397 3098 exponit
425 2993 604 3097 apercius
631 2995 693 3071 sui
708 2991 997 3099 prosequcione
1024 3007 1216 3071 statutum
1236 3020 1374 3072 verum
1388 3020 1479 3072 cum
1493 2995 1544 3072 sit
1566 3019 1707 3098 parum
1720 3006 1869 3068 statuta

108 3097 281 3180 condere
321 3101 397 3180 nisi
438 3100 490 3176 sit
517 3101 587 3206 qui
615 3100 751 3182 eadem
784 3117 941 3180 tueatur
969 3106 1007 3178 8(
1034 3102 1221 3181 obseruet
1262 3127 1336 3180 nos
1377 3102 1484 3208 ipsos
1524 3099 1685 3179 statutis
1724 3100 1871 3177 nostris

105 3208 324 3288 subicimus
351 3207 528 3286 volentes
556 3236 676 3315 quam
704 3208 867 3289 tulimus
895 3208 1019 3312 legem
1061 3209 1145 3314 pati
1185 3208 1262 3286 hoo
1290 3209 1417 3289 solum
1459 3225 1627 3315 excepto
1655 3205 1766 3316 quod
1794 3232 1871 3313 pro
1905 3248 1909 3264 ν

107 3342 274 3395 numero
301 3316 505 3395 euexionis
531 3316 648 3395 nobis
676 3345 699 3396 a
725 3318 812 3395 iure
857 3317 1047 3422 permisso
1089 3314 1382 3422 aliquantulum
1420 3317 1633 3423 ampliores
1675 3319 1869 3422 expensas

108 3428 219 3505 iuxta
249 3427 493 3504 taxacionem
522 3425 756 3532 prelibatam
785 3453 808 3502 a
836 3423 1005 3504 subditis
1021 3427 1177 3516 ‚nostris
1207 3428 1239 3504 si
1267 3427 1382 3506 nohis
1408 3427 1533 3504 visum
1555 3425 1676 3504 fucrit
1689 3423 1868 3530 require·

107 3561 196 3614 mus
228 3533 334 3612 vnde
374 3535 522 3612 virtute
556 3533 786 3612 obediencie
819 3534 862 3611 in
890 3535 1049 3612 nomine
1085 3533 1196 3611 ihesu
1238 3533 1375 3612 christi
1415 3535 1656 3640 precipimus
1684 3532 1867 3611 omnibus

108 3641 368 3748 suffragancis
394 3642 541 3720 nostris
568 3641 676 3748 quod
705 3641 778 3719 hec
807 3642 937 3720 omnia
965 3668 1038 3720 nec
1079 3668 1161 3719 non
1210 3644 1448 3722 sentenciam
1490 3641 1707 3728 sabinensis
1747 3641 1865 3718 latam

108 3753 246 3831 ineos
274 3750 344 3858 qui
370 3750 603 3828 violenciam
631 3751 820 3827 incuriis
848 3748 1098 3829 sacerdotum
1112 3748 1280 3830 fecerint
1299 3751 1464 3858 singulis
1492 3751 1606 3848 annis
1634 3751 1677 3827 in
1704 3745 1867 3853 synodis

108 3861 190 3938 suis
216 3867 255 3940 8(
282 3860 324 3936 in
359 3858 445 3936 aliis
471 3858 642 3963 publicis
669 3857 935 3937 conuentibus
974 3855 1144 3936 fideliter
1171 3856 1248 3963 legi
1276 3859 1425 3939 faciant
1452 3863 1489 3936 8(
1518 3860 1666 3962 exponi
1707 3858 1866 3934 vniuer·

107 3971 161 4048 sis
200 3975 239 4048 8(
280 3965 445 4073 singulis
490 3969 673 4074 superius
718 3965 928 4046 annodatis
978 3994 1072 4046 suo,
1098 3965 1245 4046 robore
1272 3966 1510 4047 duraturum
1537 3966 1649 4047 saluo
1676 3964 1792 4043 nobis
1819 3989 1866 4043 ac

108 4076 399 4158 successoribus
425 4077 572 4154 nostris
611 4095 835 4155 conuocato
868 4075 1032 4154 consilio
1074 4076 1159 4154 iure
1194 4074 1369 4155 addendi
1410 4071 1658 4157 diminuendi
1686 4069 1865 4152 mutandi

108 4182 221 4266 iuxta
248 4185 289 4266 id
315 4179 427 4294 quod
454 4183 579 4267 vnum
595 4182 729 4263 luerit
756 4182 955 4290 expedire.
1594 4177 1601 4190 ’

505 4343 509 4352 “
611 4361 673 4438 De
701 4359 807 4436 bonis
835 4360 1062 4438 clericorum
1089 4357 1363 4438 decedencium.

276 4501 374 4579 Item
401 4502 606 4581 statuimus
634 4514 678 4577 vt
706 4498 895 4578 defuncto
936 4497 1137 4578 sacerdote
1177 4497 1389 4578 cuiuslibet
1427 4498 1587 4579 ecclesie
1616 4497 1679 4575 vel
1706 4497 1794 4602 ipso
1822 4495 1865 4573 in

111 4610 296 4694 extremis
323 4625 462 4715 agente
489 4608 625 4686 nullus
653 4606 859 4712 laycorum
890 4633 960 4686 seu
989 4608 1109 4685 eciam
1138 4604 1370 4686 clericorum
1397 4607 1609 4687 cuiuslibet
1636 4604 1787 4683 ordinis
1813 4604 1865 4681 sit
1971 4701 1975 4710 ῃ

107 4722 175 4800 uel
203 4717 361 4826 gradus.
418 4717 604 4822 nicquam
631 4714 680 4794 de
707 4715 827 4797 domo
853 4715 917 4796 vel
944 4714 994 4793 de
1029 4713 1150 4800 rebus
1164 4713 1377 4794 mobilibus
1397 4715 1460 4793 vel
1477 4712 1745 4795 immobilibus
1771 4709 1867 4791 dolo

113 4829 313 4934 surripere
354 4743 417 4903 vel
457 4820 632 4901 aufferre
673 4839 885 4928 presumat.
923 4821 1003 4920 sed
1033 4823 1165 4902 omnia
1204 4821 1314 4902 salua
1354 4822 1492 4902 futuro
1532 4827 1573 4901 8(
1612 4820 1765 4900 illibata
1805 4845 1866 4897 re·

54 4982 58 4990 ¹
112 4951 299 5024 maneant
330 4929 533 5017 sacerdoti.
565 4927 678 5037 quod
717 4933 752 5012 si
791 4932 1003 5040 quisquam
1029 4930 1196 5014 clericus
1234 4927 1298 5020 tel
1326 4929 1462 5038 laycus
1503 4929 1773 5040 cuiuscunque
1801 4951 1866 5006 or·
1943 5021 1948 5030 ¹
