4368 5950
992 445 1067 519 -ἕ
1160 427 1237 484 202
1349 445 1405 467 ⁸·-

303 659 399 714 raro
413 625 675 712 ecclesiastice
689 649 808 706 cause
823 624 922 706 tales
937 649 1016 734 qne
1036 649 1121 704 non
1135 623 1290 730 possint
1304 625 1467 705 statutis
1478 623 1686 704 carronicis¹
1701 621 1892 732 expediri,
1906 633 1948 700 r't
1962 622 2074 730 pleni·

305 772 353 824 us
373 770 484 824 sacre
506 738 654 850 pagine
682 736 960 835 insistatur&
971 733 1162 844 discipuli
1176 735 1289 816 elisei·
1300 733 1468 816 liberius
1483 737 1600 815 iuxta
1612 734 1763 815 fluenta
1778 731 2010 842 plenissimis
2024 762 2074 816 re·

304 854 461 937 sidearn
476 869 521 932 vt
534 847 722 932 cclumbe
738 845 835 930 dum
849 849 893 928 in
908 848 1037 928 ianuis
1052 846 1180 927 scolas
1195 873 1279 928 non
1293 846 1604 944 inuenerintad
1619 847 1719 956 quas
1747 843 1970 926 diusricare
1983 843 2075 926 vale-

152 1045 158 1054 ,
254 1057 261 1066 ,
302 982 377 1046 ant
401 963 523 1073 pedes
552 985 657 1055 suos.
688 959 854 1040 firmiter
882 958 1160 1040 interdicimus
1189 956 1465 1041 &districtius
1482 958 1711 1039 inhibemus
1723 983 1774 1038 ne
1790 956 1960 1067 parisius
1974 957 2032 1038 vel
2043 959 2078 1037 in

302 1077 538 1158 ciuitatibus
566 1100 637 1154 seu
665 1071 753 1152 aliis
784 1070 883 1152 locis
911 1070 1055 1150 vicinis
1083 1068 1299 1180 quisquam
1326 1069 1473 1151 docere
1502 1070 1566 1150 vel
1587 1069 1730 1150 audire
1744 1070 1812 1149 ius·
1821 1068 1941 1150 ciuile
1955 1093 2078 1175 presu-

304 1203 391 1268 mat
416 1193 456 1268 u
484 1185 556 1296 qui
584 1198 727 1264 contra
756 1181 908 1279 fecerit,
937 1205 1022 1264 non
1048 1179 1179 1259 solum
1207 1208 1231 1259 a
1260 1208 1471 1292 causarum
1500 1182 1738 1290 patrociniis
1765 1181 1926 1260 interim
1960 1178 2078 1259 exclu-

243 1349 254 1368 ,
304 1299 437 1396 datur,
466 1324 606 1380 verum
631 1295 760 1374 eciam
787 1320 862 1401 per
890 1292 1127 1400 episcopum
1156 1290 1235 1370 loci
1263 1291 1541 1400 appellacione
1570 1294 1795 1402 postposita
1823 1292 2079 1372 excommuni-

307 1409 485 1491 cacionis
512 1405 677 1488 vinculo
704 1401 946 1498 innodetur,
975 1429 1047 1484 ves
1076 1416 1212 1482 autem
1232 1402 1385 1483 'fratres
1414 1411 1454 1486 &
1481 1404 1553 1484 lilii
1583 1405 1640 1484 sic
1668 1401 1906 1513 diligencius
1926 1403 2080 1510 prescri-

308 1538 381 1631 pta
409 1519 578 1602 seruetis
607 1522 646 1596 81
674 1513 830 1596 faciatis
858 1513 1077 1596 studiosius
1105 1514 1158 1594 ab
1187 1514 1276 1593 aliis
1304 1515 1525 1612 obseruari,
1553 1513 1666 1626 quod
1695 1515 1782 1595 veri
1813 1515 1932 1598 amici
1958 1513 2080 1620 sponsi

305 1635 467 1742 possitis
494 1629 640 1710 meritc
667 1625 936 1736 comprobari.
965 1625 1066 1706 dum
1108 1625 1396 1734 paranimphus
1438 1651 1531 1708 suos
1566 1624 1811 1707 erudiendos
1827 1625 1829 1629 ’
1848 1623 1899 1706 ad
1933 1623 2082 1732 epitala·
2162 1641 2164 1648 ’

168 1798 174 1808 -
306 1745 409 1824 urica
436 1743 614 1823 carmina
640 1739 877 1820 curaueritis
906 1761 1157 1844 promouere.
1188 1737 1337 1817 Datum
1364 1737 1527 1819 viterbii
1555 1738 1604 1820 X.
1623 1735 1712 1834 lral.
1742 1734 1968 1818 decembris
1993 1736 2083 1814 Pon·

307 1853 482 1935 tificatus
507 1854 638 1932 nostri
662 1877 770 1932 anuo
800 1864 959 1958 quarto,

196 2163 199 2170 ⁴
324 2243 494 2354 180.'
842 2337 847 2346 .
937 2238 1185 2386 ‚1219'd
1235 2242 1307 2346 23
1354 2241 1513 2347 Nor..
1866 2235 2086 2363 ¹Viterbo

311 2469 312 2474 ’
350 2468 375 2482 ”
394 2451 493 2530 Pt'fs'
517 2465 676 2527 Honorius
709 2462 764 2524 lll.
800 2461 852 2525 till
884 2463 1293 2548 Svensla''Pr'esterskapet‚
1318 2473 1366 2524 att
1381 2444 1498 2545 'genem
1518 2441 1651 2545 fiir-iryad
1674 2445 1757 2524 ilver
1777 2461 1908 2545 utpldna
1929 2417 1997 2525 sina
2017 2461 2087 2522 liirn

312 2577 321 2588 ·
444 2548 674 2612 ffimumeloer
692 2545 752 2608 och
770 2565 982 2628 noggrunnare
1002 2549 1142 2630 iskttagn
1163 2550 1302 2609 mittenas
1323 2545 1431 2608 beslut
1446 2547 1537 2608 diver
1558 2535 1714 2626 intillign
1736 2551 1883 2683 trunzun
1902 2645 1927 2684 ι
1941 2545 1968 2680 ὲ.
1984 2543 2000 2556 ”

208 2863 215 2875 ,
479 2765 690 2846 Horremus
717 2760 931 2870 episcopus
959 2791 1100 2846 seruus
1131 2789 1342 2846 seruorum
1371 2759 1447 2841 dei
1477 2759 1789 2854 Venerabilibus
1818 2759 2013 2842 fratribus
2028 2763 2090 2838 Ar·
2161 2849 2164 2868 Ι

312 2877 585 2988 chiepiscopis
609 2893 650 2954 et
682 2871 902 2982 Episcopis.
933 2889 974 2952 et
1003 2874 1170 2957 Dilectis
1185 2875 1275 2955 liliis
1296 2873 1450 2953 Ceteris
1463 2873 1718 2955 ecclesiarum
1732 2873 1903 2953 Pre‘latis
1917 2899 1994 2982 per
2008 2871 2091 2952 sne

311 2992 410 3070 tiam
444 2985 686 3070 constitutis.
716 2983 896 3065 Salutem
929 2991 969 3066 &
998 2987 1260 3097 apostolicam
1275 2982 1608 3088 benedictionem.
1626 2985 1957 3093 'Expectauimus
1971 2983 2092 3063 haute*

313 3123 394 3180 nus·
418 3111 677 3206 expectantes
705 3096 738 3176 si
766 3097 930 3176 monitis
955 3115 997 3179 et
1015 3101 1190 3179 ‘statutis
1218 3095 1378 3178 concilii
1401 3087 1598 3205 generalis
1631 3095 1791 3176 exculta
1807 3095 1966 3178 domini
1981 3079 2092 3176 sabass
2162 3103 2164 3198 ζ

315 3211 389 3290 oth
417 3210 537 3290 uinea
565 3207 775 3304 floruisset,
803 3208 837 3286 si
851 3235 978 3289 aaron
999 3210 1115 3317 uirga
1130 3206 1388 3316 turgentibus
1404 3209 1568 3314 gemmis
1584 3207 1781 3314 erupisset
1795 3207 1837 3287 in
1852 3205 1976 3288 flores
1991 3211 2029 3286 &
2041 3202 2092 3286 di·¹

316 3320 451 3402 latatis
479 3318 587 3400 loliis
614 3316 814 3426 amigdala
843 3318 1114 3426 produxisset,
1146 3321 1178 3401 si
1207 3319 1495 3428 germinassent
1522 3317 1627 3398 mala
1649 3319 1798 3425 punica
1826 3323 1867 3398 sc
1894 3307 1996 3400 licus
2011 3341 2093 3424 pro·

315 3431 484 3514 duceret
511 3455 666 3512 crossos
694 3451 800 3508 suos
828 3429 926 3537 quia
955 3431 1053 3512 licus
1081 3455 1306 3542 precoquas
1335 3428 1486 3510 animas
1514 3430 1650 3538 sponsi
1680 3426 1880 3510 desiderat
1915 3433 1961 3510 Sc
1987 3451 2096 3536 spon·

316 3569 360 3624 sa
388 3540 522 3650 diligit
551 3540 692 3646 botros
720 3539 848 3646 cypri.
878 3539 958 3621 Sed
985 3569 1078 3622 ecce
1104 3541 1218 3652 quod
1254 3539 1437 3622 dolentes
1464 3539 1635 3638 dicimus
1670 3556 1764 3638 ante
1797 3565 1966 3620 messem
1994 3561 2094 3648 seges
2158 3555 2163 3577 ·

316 3652 507 3735 effloruit.
537 3657 577 3732 δι
604 3651 725 3729 uinea
753 3647 838 3729 iere
865 3665 952 3732 tota
981 3659 1020 3734 8r
1048 3651 1148 3734 ficus
1176 3681 1223 3734 ac
1251 3641 1368 3759 uirga
1396 3653 1521 3762 magis
1536 3653 1653 3733 aruit'.
1683 3658 1723 3732 δι
1738 3649 2012 3732 uindemiator
2026 3657 2096 3730 ma·

317 3789 416 3846 num
444 3763 497 3845 ad
524 3760 742 3842 carcallum
769 3787 854 3840 non
883 3779 1062 3844 reuocat.
1091 3765 1161 3846 sed
1188 3766 1245 3844 sic
1274 3789 1434 3872 semper
1461 3761 1700 3860 uindemiat‚
1715 3761 1843 3874 'quod
1854 3777 1953 3872 post
1967 3757 2097 3842 uinde-

316 3876 541 3963 miaciones'
562 3897 742 3953 racemos
770 3871 928 3982 aliquos
957 3873 1146 3982 colligere
1173 3875 1243 3954 uix
1272 3873 1463 3954 ualemus.
1498 3877 1602 3957 Nam
1629 3879 1910 3984 unusquisque
1946 3874 2031 3954 fere
2063 3872 2096 3948 in

316 3991 425 4070 uiam
452 4011 565 4068 suam
593 3984 706 4064 abiit.
734 3987 774 4063 8r
801 3983 855 4065 ad
882 4011 994 4064 suam
1017 3983 1338 4092 negociationem
1366 3984 1524 4064 reuolat
1552 4010 1576 4064 a
1603 3986 1722 4094 Regis
1737 3985 1892 4096 nuptijs
1915 3985 2098 4095 dampna·

317 4099 454 4182 biliter
487 4123 530 4178 se
558 4121 763 4177 excusans.
793 4095 881 4174 Jam
909 4093 1074 4204 quidem
1101 4095 1274 4175 ministri
1302 4093 1438 4174 altaris
1465 4097 1568 4177 sicut
1595 4097 1773 4176 iumenta
1795 4125 1877 4177 non
1908 4099 2039 4179 solum
2063 4093 2098 4170 in

318 4227 496 4294 stercore
522 4221 863 4317 computrescunt.
892 4205 963 4287 sed
992 4222 1202 4314 peccatum
1231 4231 1349 4285 suum
1376 4206 1500 4288 uelud
1529 4206 1694 4288 sodoma
1722 4208 1934 4318 predicant
1949 4236 2025 4289 nec
2040 4205 2100 4286 ab·

319 4320 522 4405 scendunt
549 4317 644 4401 facti
672 4316 788 4398 ruina
816 4320 856 4396 &
888 4315 1060 4427 laqueus
1087 4317 1346 4426 populorum.
1377 4316 1553 4421 Quidam
1581 4321 1700 4398 etiam
1738 4319 1998 4400 ecclesiarum
2018 4321 2099 4399 Pre·

203 4471 207 4476 ¹
320 4432 392 4511 lati
419 4433 493 4542 qui
520 4429 676 4540 gladios
702 4425 899 4536 ancipites
926 4431 969 4508 in
1002 4426 1085 4508 suis
1127 4427 1313 4508 manibus
1347 4445 1590 4538 acceperunt
1625 4429 1677 4511 ad
1711 4428 1942 4511 iaciendum
1977 4427 2100 4512 nimii*

320 4557 426 4622 ctam
453 4557 496 4621 et
523 4539 814 4650 increpationes
842 4538 886 4617 in
914 4537 1078 4647 populis
1106 4553 1286 4619 errantes
1313 4566 1396 4618 non
1423 4533 1635 4650 cdrrigunt
1655 4542 1831 4623 membra
1847 4541 2015 4651 putrida
2029 4565 2101 4619 non

321 4649 526 4751 excidunt,
553 4681 588 4750 a,
603 4649 729 4732 caulis
756 4675 853 4731 oves
879 4651 1132 4758 contagiosus
1159 4655 1199 4732 sst
1226 4646 1541 4734 morbidas'lion
1569 4653 1802 4735 excludunt.
1830 4651 1993 4735 uulnus.
2009 4652 2101 4732 liuo-

192 4793 197 4796 ·
321 4787 408 4844 rem
442 4764 483 4839 8r
523 4763 687 4872 plagam
723 4776 946 4842 tumentem
986 4789 1072 4843 non
1113 4762 1243 4871 ligant
1283 4763 1359 4864 nec
1401 4780 1555 4847 curant.
1580 4791 1731 4876 neque
1758 4763 1898 4845 fovent
1926 4763 2018 4845 oleo
2045 4759 2102 4842 uel

322 4869 581 4984 emplaustro.
608 4870 917 4986 propterquod
943 4873 1041 4985 quia
1068 4873 1236 4957 cicatrix
1263 4873 1757 4986 populinon'obduciurn·
1781 4875 1823 4957 ln
1840 4875 2013 4958 Galaath
2027 4899 2102 4954 non

1844 5025 1849 5033 .
1860 4999 1881 5050 tt
1891 4985 1907 5032 d
