4370 5950
838 518 893 536 ..
1006 475 1061 582 ⁶⁴3.
1173 517 1230 536 ...

135 707 228 836 48.
406 839 408 847 Ι
567 723 569 729 ’
709 705 859 812 1163
907 705 956 810 d.
1010 705 1076 811 18
1124 701 1241 810 Oct.
1395 695 1428 844 f
1537 701 1933 854 ,Atlinburgl

172 931 286 1014 Hertig
317 930 451 994 Hennes
483 929 648 1012 tsryem
680 927 740 992 och
761 928 896 992 Saebsen
917 927 1112 992 sudmtetse
1131 929 1171 1013 pl
1193 927 1486 1011 Gottltndingarnes
1507 927 1545 991 af
1560 925 1672 1014 Kejsar
1692 930 1935 994 Lorammser-

211 1014 321 1078 hallne
350 1017 411 1076 fri·
443 1012 503 1078 och
525 1013 725 1096 rtittigbeter,
750 1011 822 1076 med
843 1013 1001 1075 so'rsa'lran
1023 1023 1069 1074 att
1091 1013 1132 1076 de
1152 1015 1163 1072 i
1183 1012 1262 1074 bans
1279 1012 1356 1076 land
1379 1012 1478 1074 skulle
1497 1010 1596 1073 hasra
1617 1011 1685 1073 fred
1706 1012 1766 1074 och
1789 1013 1934 1076 stkerhet

212 1097 264 1159 [δι’
290 1101 339 1182 sig
370 1095 430 1158 och
458 1099 525 1158 sina
547 1117 659 1176 vavor,
678 1095 738 1158 och
760 1117 838 1158 vara
859 1096 922 1157 fris
943 1095 1012 1156 frdn
1033 1096 1243 1178 tullafgrster5
1263 1105 1311 1156 att
1332 1095 1390 1158 der
1410 1094 1563 1177 begdnget
1584 1093 1675 1170 vttd,
1698 1095 1802 1173 mord,
1824 1097 1935 1158 dsver-

212 1181 270 1243 ratl
306 1180 378 1242 med
416 1179 504 1262 hugg
530 1177 589 1240 och
617 1181 698 1262 sleg,
720 1180 824 1242 slmlle
843 1179 979 1260 lagligen
999 1179 1118 1242 beil'ras
1136 1177 1196 1240 och
1219 1177 1359 1256 straffas3
1380 1187 1427 1239 att
1448 1177 1502 1238 arf
1519 1177 1620 1238 slullc
1641 1176 1674 1237 lh
1694 1179 1831 1258 utlb'ras,
1853 1189 1936 1241 samt
2023 1242 2025 1246 ,

212 1267 281 1326 atti
296 1262 465 1326 allmtnbet
477 1262 641 1324 Gottlnnds
653 1264 842 1337 innevdnare
865 1263 966 1324 shulle
974 1262 1287 1346 der'dtnjutasamma
1299 1271 1361 1324 rttt
1369 1281 1435 1322 som
1446 1257 1572 1322 inlb'dde
1587 1257 1774 1337 handlande,
1786 1262 1857 1324 'med
1868 1263 1933 1325 vil·
2030 1323 2031 1326 ,
2101 1271 2104 1279 “

211 1349 348 1494 horfia
377 1346 456 1410 hans
485 1345 689 1409 undersdtare
715 1346 772 1410 hos
799 1346 871 1412 dem
891 1347 1007 1431 dtnjdte
1022 1345 1209 1423 detsamma,
1231 1345 1265 1406 sd
1284 1347 1342 1408 ock
1362 1354 1411 1406 att
1431 1346 1442 1407 i
1464 1343 1634 1428 synnerhet
1676 1341 1817 1407 Liibeeks
1837 1344 1935 1408 hamn

238 1452 289 1494 eso
325 1451 365 1492 es.

1560 1543 1598 1597 K·
1616 1543 1637 1596 i.
1656 1557 1686 1597 2:
1706 1541 1746 1615 78.
1764 1539 1802 1610 *)

299 1684 347 1761 ln
364 1682 528 1763 nomine
543 1699 697 1762 sanctae
713 1679 987 1763 &individuae
1023 1679 1236 1762 Trinitatis
1265 1681 1465 1760 Henricus
1495 1675 1634 1776 divina
1660 1671 1835 1759 'favente‘
1854 1675 1937 1758 cle-

132 1795 283 1876 mentia
318 1795 568 1874 Bavarorum‘
602 1808 724 1904 atqve
754 1793 957 1873 Saxonum
987 1795 1091 1874 Dux.
1151 1793 1320 1872 Noverit
1348 1808 1586 1871 cunctorum
1616 1805 1698 1870 tarn
1727 1790 1936 1899 praesenti·

1 1972 3 1986 .
132 1935 219 2005 nm,
249 1913 369 2016 qvam
389 1903 630 1985 futurorum
659 1905 810 1986 Christi
838 1902 1020 2002 fidelium
1047 1905 1257 2013 sagacitas⁷
1284 1904 1460 2013 qvaliter
1488 1929 1563 1982 nos
1592 1901 1647 1982 ob
1669 1927 1846 1982 amorem
1857 1929 1937 2010 pa·
1966 1901 1977 1922 ⁸

131 2019 187 2099 cis
223 2023 264 2098 8<
297 2015 567 2096 reverentiam
602 2015 843 2097 Christianae
870 2014 1097 2125 religionis,
1127 2017 1301 2096 maxime
1328 2030 1465 2094 autem
1494 2014 1840 2122 contemplatione
1869 2040 1937 2093 re·

130 2129 369 2223 tributionis
384 2135 570 2224 aeterne,
592 2125 882 2210 dissensionem
911 2127 1020 2208 inter
1048 2126 1322 2208 Theutonicos
1351 2154 1541 2207 necnon
1570 2125 1789 2221 Gutenses,
1818 2124 1938 2204 insti-

130 2257 254 2350 gante
283 2239 437 2347 spiritu'
458 2239 649 2348 neqvitiae
676 2237 749 2320 diu
776 2238 879 2320 male
908 2239 1102 2337 habitam,
1132 2239 1281 2320 unitati
1310 2236 1591 2318 &concordiae
1613 2235 1959 2347 antiqvaerefor··
2061 2327 2070 2336 ,

130 2351 385 2432 marerimus
452 2349 637 2452 Qvaliter
667 2353 786 2431 etiam
816 2348 1054 2431 multimoda
1082 2349 1204 2446 mala,
1231 2348 1421 2430 videlicet
1449 2347 1563 2445 odia,
1590 2349 1832 2445 inimicitas,
1858 2347 1937 2427 ho·

128 2462 310 2558 micidia,
347 2489 398 2541 ex
432 2461 643 2571 utriusqve
680 2463 812 2571 gentis
841 2459 1090 2541 dissensione
1119 2478 1228 2558 orta,
1257 2461 1436 2569 Spiritus
1489 2459 1628 2540 Sancti
1671 2461 1802 2569 gratia
1838 2487 1937 2538 coo-

130 2590 303 2684 perante
337 2588 537 2682 perpetua
575 2571 683 2681 pacis
713 2572 936 2652 stabilitate
965 2571 1349 2654 condonaverimus:
1377 2578 1416 2652 ὃς
1444 2568 1704 2680 postmodum
1733 2573 1936 2651 Gutenses
1979 2613 1987 2644 t

1 2727 2 2778 γ
130 2689 172 2766 in
202 2700 352 2765 nostrae
389 2683 730 2793 reconciliationis
759 2686 930 2793 gratiam
959 2684 1135 2793 benigne
1164 2683 1448 2793 receperimus.
1504 2681 1615 2762 luris
1640 2683 1768 2790 igitur
1794 2687 1834 2761 ἃ
1862 2709 1936 2790 pa·

131 2801 187 2879 cis
217 2794 403 2904 ejusdem,
426 2794 612 2892 decreta,
642 2795 895 2876 Gutensibus
926 2796 1134 2905 qvondam
1164 2823 1188 2874 a
1216 2794 1471 2875 serenissimo
1498 2795 1775 2874 Romanorum
1803 2793 1935 2899 lmpe-
2014 2851 2017 2858 .

131 2925 268 3022 ratqre
299 2908 481 3024 ,Domino
498 2907 713 2995 -Lothario
756 2909 1076 3024 piaememoriae
1119 2935 1217 3016 avo¹
1239 2922 1381 2986 nostro
1410 2903 1619 3014 concessa,
1646 2905 1729 2984 Nos
1751 2907 1794 2998 in
1823 2905 1934 3004 omni

129 3018 350 3102 devotione
380 3015 498 3111 factis
524 3009 900 3126 ejussstuc'lhtantes,
928 3019 1047 3100 simili
1077 3007 1229 3126 pietate
1258 3016 1512 3116 Gutensibu's
1538 3009 1948 3111 contradimusuniss

126 3131 376 3242 uscujusqve
411 3129 513 3246 juris
526 3129 817 3243 straditionem
860 3158 934 3238 per
963 3131 1127 3239 singula
1143 3129 1300 3238 copula
1314 3129 1625 3240 distinguentes.
1680 3127 1938 3208 Peruniver·

1 3332 2 3346 ,
126 3257 181 3324 sae
210 3231 614 3354 potcstatis‘nostl'aeJ'
631 3241 827 3330 ditionem
858 3244 1056 3324 Gutenses
1084 3259 1225 3352 pacem
1254 3242 1407 3324 firmam
1436 3241 1632 3321 babeant:
1660 3241 1717 3319 ita
1748 3253 1796 3319 nt
1823 3239 1937 3348 qvic·
2041 3269 2044 3287 ·

1 3348 2 3396 ³
131 3355 251 3466 qvid.
270 3346 484 3462 dispendii¹
507 3359 546 3434 8(
582 3382 717 3433 rerum
752 3383 937 3452 suarum,
971 3381 1042 3434 seu
1070 3349 1233 3461 injuriae
1261 3353 1366 3434 infra
1394 3353 1587 3433 terminos
1617 3351 1938 3458 nostrifregimi·

1 3462 2 3518 3
132 3468 200 3547 nis
227 3464 475 3574 pertulerint
503 3467 665 3574 plenam
694 3492 745 3544 ex
774 3464 984 3572 judiciaria
1016 3481 1217 3572 potestate
1246 3465 1442 3573 justitiam
1472 3463 1823 3543 &correctionem
1838 3489 1937 3541 con-

1 3611 2 3620 ¹
130 3593 366 3688 seqvantur.
424 3577 623 3657 Hanceis
653 3578 822 3683 gratiam
852 3576 1104 3686 adjicientes,
1136 3578 1252 3662 utin
1284 3577 1472 3657 omnihus
1514 3574 1747 3655 civitatibus
1788 3573 1937 3653 uostris
2041 3591 2045 3599 ·

129 3719 154 3768 a
183 3689 349 3770 telone'o
377 3687 494 3770 liberi
522 3706 799 3796 permaneant.
857 3691 956 3769 Item
985 3689 1017 3766 si
1047 3689 1137 3795 qvis
1165 3688 1369 3767 Gutorum
1397 3688 1440 3765 in
1484 3687 1796 3796 qvibuscunque
1838 3683 1936 3762 civi-

130 3802 287 3881 tatibus
330 3800 498 3894 nostris,
541 3802 612 3881 ubi
647 3827 786 3907 pacem
821 3799 900 3880 sub
935 3797 1202 3906 jurejurando
1239 3797 1506 3893 firmavimus,
1532 3813 1768 3906 peremptus
1792 3793 1936 3886 fuerit,

128 3911 275 4020 capitis
310 3913 512 3992 sententia
547 3939 640 3991 reus
677 3908 746 3990 ille
781 3913 990 4019 puniatur,
1045 3909 1089 3990 Si
1115 3910 1206 4020 qvis
1234 3939 1335 3996 vero
1361 3909 1484 3990 armis
1509 3907 1746 3988 vulneratus
1771 3903 1836 3986 vel
1865 3901 1937 3983 de-

130 4024 317 4103 bilitatus
360 4022 505 4116 fucrit,
553 4049 677 4101 manu
718 4049 833 4104 reum
875 4021 1072 4102 truncari
1106 4019 1370 4102 decrevimus.
1448 4019 1621 4128 Insuper
1661 4019 1695 4096 si
1737 4015 1937 4127 qvispiam
2019 4015 2027 4022 ’

130 4133 238 4216 fuste
276 4133 341 4214 vel
378 4161 535 4242 pugno·
554 4133 676 4240 impie
712 4133 828 4213 laesus
862 4131 1005 4228 fuerit,
1044 4133 1126 4240 juri
1156 4133 1354 4228 civitatis,
1382 4134 1424 4211 in
1445 4158 1531 4239 'qva
1560 4128 1603 4210 id
1634 4130 1847 4234 contigisse
1874 4123 1937 4233 di-

133 4247 339 4342 noscitu-r,
367 4273 472 4325 reus·
489 4246 584 4326 item
612 4242 830 4350 subjaceat.
888 4245 1082 4326 Similiter
1109 4260 1244 4324 autem
1272 4247 1505 4354 qvicunqve
1536 4241 1775 4323 Gutensium
1805 4241 1847 4317 in
1869 4239 1938 4316 iti·

1 4451 2 4474 Ν
134 4383 231 4436 nere
260 4356 405 4446 eundo,
425 4355 490 4437 vel
518 4354 729 4437 redeundo
756 4359 799 4435 in
829 4355 1004 4437 dienen
1034 4355 1211 4464 legitime
1239 4357 1396 4437 occisus
1423 4352 1565 4448 luerit,
1594 4365 1830 4460 peremptor
1844 4375 1935 4434 cum

133 4465 436 4549 haeredibus&
464 4469 648 4580 cognatis
674 4470 804 4548 occisi·
823 4467 909 4547 XL.
950 4469 1094 4550 marcis
1121 4483 1296 4548 monetae
1322 4467 1431 4547 illius
1457 4464 1699 4573 provinciae,
1714 4463 1758 4540 in
1772 4489 1851 4570 qva
1866 4488 1938 4538 nc-

1 4593 2 4616 ³
131 4575 199 4658 fas
234 4583 511 4688 perpetratum
546 4599 622 4675 est,
652 4596 882 4687 componat.
939 4581 982 4659 Si
1010 4580 1098 4688 qvis
1126 4607 1225 4659 vero
1249 4605 1389 4660 eorum
1419 4577 1460 4656 in
1490 4601 1733 4686 qvacunqve
1760 4573 1937 4652 Civitate
1983 4641 1990 4648 .

124 4707 269 4772 nostra
297 4709 480 4773 mortuus
506 4689 784 4790 fuerit,.··bona
811 4719 884 4771 sua
912 4691 1040 4772 haeres
1066 4689 1130 4772 vel
1159 4709 1356 4800 cognatus
1383 4688 1493 4796 ejus,
1534 4687 1567 4766 si
1610 4683 1718 4766 forte
1760 4709 1936 4793 praesens

223 4941 251 5016 ⁸)
276 4937 373 4998 Dettn
401 4937 486 4999 Bref'
501 4946 536 5001 tr
572 4937 627 5000 det
649 4937 737 5000 ardre
758 4934 854 4999 bland
876 4935 965 5017 dem,
984 4957 1049 5000 som
1070 4939 1184 5001 Priora
1204 4928 1435 5000 Jormrrsoeb
1456 4927 1530 4992 hela
1549 4929 1677 4995 Predtt
1698 4931 1752 4993 ΒΓ.
1774 4936 1939 4998 conventtt

224 5023 237 5082 i
259 5015 394 5103 wisby,
414 5021 519 5084 titttta
539 5022 611 5087 med
634 5022 816 5084 Gardianeu
836 5022 943 5088 Psrnn
959 5021 1020 5090 och
1042 5020 1118 5088 hela
1138 5019 1306 5088 Minoriter
1326 5020 1379 5084 ttr.
1399 5015 1570 5080 Conventet
1591 5015 1648 5083 der
1667 5012 1885 5078 summastttdes
1904 5011 1937 5074 d.

217 5100 258 5164 25
277 5101 344 5184 Mai
371 5100 450 5166 1368
468 5104 550 5169 elles·
567 5107 734 5188 originalet
754 5103 933 5170 adimerat.
