4382 5964
801 403 858 454 -.·
971 359 1051 468 579
1151 373 1223 450 ··.÷

135 601 275 672 notum
290 581 659 668 umidiu'marcha.
688 593 805 666 terre.
835 577 1107 666 Waeste'rwilu
1133 576 1301 664 solidus.
1329 565 1449 664 terre.
1472 579 1682 675 stanton
1709 579 1762 673 fl·
1789 577 1912 688 solidi
2065 577 2070 591 ‘

135 711 204 782 cun
227 692 409 780 dimidio.
465 694 641 782 immin
699 692 864 777 mochin
885 687 1131 798 seeundum,
1158 689 1206 772 .'n
1234 690 1421 801 Sundby.⁸
1446 691 1499 781 ·V.
1526 690 1647 779 solidi
1674 692 1912 802 termole

30 895 35 907 ,
134 810 283 890 wistum.
310 805 475 892 solidus.
503 821 623 891 terre.
688 805 841 898 ormwi.
870 797 1037 886 dimidia
1054 719 1227 890 marclm.
1256 804 1499 906 Chiaelstom.
1519 805 1582 895 111.
1613 805 1724 890 hore
1753 804 1909 907 Enebi.

132 916 287 1002 dimidia.
317 913 493 1000 marcha.
529 915 695 999 Askum.
726 918 778 998 Il.
819 911 951 997 solidi.
996 912 1231 1006 frolundum
1273 914 1440 1000 dimidia
1481 917 1643 999 marcha
1683 913 1910 1015 Tbicbole.

131 1029 212 1111 hora
237 1047 357 1110 terre.
383 1025 561 1128 ibidem.
591 1027 660 1108 XI.
691 1025 860 1110 denarii.
887 1043 1005 1108 terre.
1038 1025 1141 1106 Jtem
1169 1023 1214 1134 jn
1243 1025 1436 1136 parochia
1465 1025 1659 1110 Taelbnm.
1687 1025 1912 1130 Karllaebi'.

130 1140 274 1226 dimilia
304 1139 478 1222 marcha.
515 1139 619 1220 Jtem
647 1141 690 1221 in
719 1135 913 1248 parochia
960 1134 1127 1217 Tunum
1170 1134 1377 1232 Euhorne.
1422 1138 1711 1220 Winberhum.
1745 1133 1912 1226 dbnldia
2045 1139 2048 1154 '

63 1295 66 1302 ,
128 1250 284 1335 marcha.
315 1254 420 1332 Jtem
448 1253 491 1331 in
519 1248 712 1360 parocbia
742 1247 915 1334 Thorsm
946 1245 1102 1349 Saltbi.
1132 1243 1297 1332 dimidia
1324 1247 1439 1364 hora.
1469 1247 1749 1352 Skirsztum„
1766 1249 1817 1348 ΙΙ,
1846 1279 1911 1332 so·

128 1363 197 1448 lidi.
223 1361 390 1463 Stenbi’.
420 1362 562 1446 Illlzor
589 1358 722 1442 solidi.
769 1359 935 1470 Jngibs'r.
968 1354 1082 1440 hora.
1112 1359 1215 1440 item
1243 1359 1294 1444 in,
1317 1359 1511 1469 faeringiae
1531 1365 1653 1456 etium.
1684 1359 1912 1462 Sluochabi‘.

128 1477 169 1557 ΙΙ.
194 1475 300 1556 hore.
326 1475 449 1571 ‚Jtem
491 1473 534 1554 in
583 1471 775 1582 parochis
803 1470 1040 1579 Tbaxunge.
1084 1468 1290 1574 Haellaebir.
1317 1473 1370 1552 ΙΙ.
1400 1470 1514 1557 hore.
1544 1472 1704 1576 Naesbi.
1732 1475 1784 1555 ll.
1811 1474 1912 1556 bore

125 1605 226 1669 tene.
255 1585 509 1668 Auctoritate
537 1583 663 1692 igitur
690 1584 801 1693 regia
831 1607 904 1662 nos
933 1576 1068 1662 omnia
1096 1573 1206 1662 bona
1235 1585 1421 1692 superius
1449 1610 1639 1694 expressa
1653 1585 1732 1695 ipsi
1746 1585 1927 1776 Episcoe
1982 1689 1986 1696 ι

124 1725 172 1808 po
196 1694 343 1778 &suis
370 1693 669 1778 successoribus
682 1695 847 1776 nomine
861 1691 1035 1775 ecclesie¹
1056 1691 1340 1803 Strengnensis
1369 1696 1412 1776 in
1443 1711 1684 1805 perpetuum
1697 1721 1776 1781 con
1830 1724 1912 1780 ma·
2037 1697 2043 1710 '

124 1837 200 1891 mus
224 1805 424 1888 translato
453 1806 496 1890 in
523 1807 537 1885 i
568 1833 633 1888 sos
660 1805 913 1916 proprietate
938 1809 990 1886 &¹
1006 1791 1187 1885 dominio
1209 1805 1432 1890 eorundem
1459 1809 1679 1890 cumomni
1698 1807 1785 1888 iure
1798 1805 1913 1920 quod

38 1929 40 1936 '
124 1919 227 2004 fratri
255 1933 396 2002 nostro
424 1834 651 2029 predileoto
680 1915 776 2001 duci
804 1915 925 2000 Erico
953 1913 1059 1996 dum·
1080 1915 1238 1998 viueret
1265 1917 1330 2010 vel
1357 1915 1578 2002 heredibus
1599 1919 1682 2002 suis
1709 1936 1912 2030 compete·

124 2035 187 2115 bat
210 2031 272 2112 vel
301 2046 530 2140 competere
560 2029 699 2138 potuit
725 2029 769 2112 in
798 2027 959 2110 eisdem.
987 2025 1170 2120 uolentes
1198 2045 1244 2109 ut
1260 2031 1345 2139 ipse
1359 2029 1585 2138 Episcopus
1613 2037 1652 2114 ἃ
1679 2030 1742 2112 sui
1757 2057 1912 2112 succes·

122 2169 222 2224 sores
236 2142 397 2252 plenam
412 2140 589 2223 habeant
605 2138 841 2223 facultatem
858 2141 945 2250 ipsa
960 2135 1197 2248 possidendi
1211 2139 1392 2250 regendi,
1407 2138 1621 2240 vendendi,
1636 2141 1926 2224 commutandi.
2072 2191 2075 2198 «

121 2254 244 2336 &alio
287 2279 504 2364 nocunque
532 2250 656 2334 modo
670 2248 889 2334 ordinandi
903 2264 1029 2359 prout
1041 2249 1123 2328 suis
1138 2257 1176 2332 81
1191 2251 1357 2335 ecclesie
1372 2252 1655 2361 Strengnensis
1667 2250 1912 2335 utilitatibus

121 2369 241 2448 visum
257 2281 394 2447 luerit
421 2361 624 2474 expedire.
656 2361 897 2472 Obligamus
934 2361 1101 2469 insuper
1137 2390 1213 2444 nos
1242 2363 1294 2447 ad
1336 2361 1639 2447 defendendum
1667 2368 1708 2445 8<
1735 2362 1913 2446 liberun-

121 2474 211 2558 dum
238 2472 388 2557 eisdem
415 2472 621 2583 sepedicta
649 2475 760 2556 bonu
788 2475 851 2556 ab¹
870 2473 1127 2579 impetioione
1154 2476 1457 2586 cuiuscumque.
1493 2476 1544 2556 ln
1572 2477 1686 2557 cuins
1715 2476 1774 2556 rei
1801 2481 1912 2558 testi·

119 2585 862 2780 ttnttttttttttlttttlt
890 2577 1914 2785 ltttl¹33„ttt‘ttdttstlllttttlPttffl
2011 2661 2016 2676 “
2072 2599 2075 2606 ’

117 2807 419 2895 cctfflxr,
448 2807 539 2889 Vl⁰.
568 2807 662 2888 Kal,
690 2807 916 2916 Februarij.

155 2947 291 3033 sigilles.
312 2951 372 3016 Nto
396 2971 424 3030 ι,
445 2945 569 3030 Kongl„
590 2947 621 3028 4,
641 2943 673 3028 5,
694 2947 830 3033 Biskopl.
851 2945 913 3010 och
932 2945 1015 3032 6-9
1035 2945 1142 3028 Adel,
1165 2947 1334 3032 asssnigot
1350 2946 1499 3025 uadades
1520 2951 1631 3028 ΝΜ,
1653 2949 1671 3012 3
1692 2947 1870 3014 bortsallne·
2056 2903 2070 3002 '-

118 3255 249 3458 713.
736 3311 881 3422 1281
934 3263 982 3417 sl.
1038 3351 1106 3418 ιο
1137 3317 1301 3422 Mars.

181 3531 277 3606 non.
298 3531 430 3598 massus
452 3533 491 3594 m
511 3529 705 3596 vinnan„
726 3533 764 3596 ar
779 3533 870 3598 uss.
892 3534 1088 3598 nmmum
1110 3533 1188 3622 nus.
1200 3536 1283 3613 uns,
1306 3535 1376 3598 fres
1396 3534 1516 3600 anuo
1535 3538 1701 3623 styuuuan
1720 3497 1821 3604 unser
1841 3539 1911 3606 no-

107 3687 111 3695 ,
245 3633 383 3697 ntmgens
402 3613 521 3678 hindar
540 3614 704 3680 bertlallit
1895 3644 1897 3657 ·

1642 3699 1673 3757 tt.
1693 3701 1718 3756 lt
1734 3717 1777 3774 ²9·
1829 3729 1833 3744 ·
1931 3763 1933 3771 ,

280 3829 483 3914 Omnibus
512 3845 719 3940 presentes
750 3831 903 3914 litteras
931 3835 1176 3942 inspecturis
1204 3833 1244 3915 Μ
1273 3834 1339 3916 dei
1367 3837 1502 3946 gracia
1536 3862 1737 3925 sweornm
1764 3839 1912 3948 gotho-

88 3969 205 4052 ‚rum
235 3969 287 4026 ue
315 3937 391 4022 ne'x
419 3941 588 4024 salutem
617 3942 661 4021 in
689 3941 857 4026 domino
883 3947 1168 4054 sempiternam
1206 3947 1356 4028 Notum
1399 3945 1566 4031 facimus
1594 3974 1668 4056 per
1709 3969 1912 4058 presentes

101 4083 186 4138 nos
204 3971 371 4138 litteras
399 4051 557 4164 dominj
587 4079 691 4164 pape
718 4053 950 4164 j'nnoceneij
986 4057 1104 4165 tercij
1132 4085 1225 4138 curn
1254 4085 1347 4138 vera
1389 4055 1501 4139 hulla
1528 4064 1570 4140 n
1597 4057 1668 4141 filo
1695 4087 1779 4142 non
1814 4091 1911 4144 can·
1945 4159 1948 4168 1

103 4167 278 4253 cellans
307 4175 389 4248 non
412 4164 583 4252 abolitae
612 4191 686 4246 nec
715 4167 758 4246 in
786 4167 922 4276 aliqua
950 4168 1013 4249 sui
1042 4184 1158 4276 parte
1186 4169 1351 4247 viciatas
1367 4170 1584 4278 inspexisse
1606 4172 1656 4249 «in
1684 4170 1759 4254 bec
1787 4173 1913 4256 verba

102 4281 383 4366 Innocentius
413 4279 487 4358 &c
515 4306 556 4370 se
589 4276 671 4358 Nto
706 4279 792 4360 131.
823 4279 927 4360 Cum
954 4278 1078 4388 igitur
1108 4307 1202 4360 casu
1230 4280 1401 4387 contigit
1422 4279 1542 4362 nobis
1570 4299 1775 4390 presentes
1804 4284 1911 4366 litte-

95 4415 174 4478 ras
205 4415 330 4469 manu
359 4389 529 4516 propria
556 4388 907 4480 contrectantibus
937 4407 1122 4498 presente
1163 4389 1387 4470 venerabili
1430 4409 1545 4502 patre
1572 4389 1740 4485 donnino
1767 4395 1807 4476 H
1834 4397 1911 4478 lin-

95 4499 283 4608 copensi
310 4524 515 4608 episcopo.
544 4497 710 4588 domino
739 4499 786 4581 R.
818 4499 966 4590 abbate
994 4499 1194 4581 aluastrie.
1239 4498 1365 4581 fratre
1398 4503 1608 4585 thorstano
1635 4503 1802 4588 -lectore
1825 4508 1912 4590 fra-

92 4629 225 4693 trum
248 4607 454 4690 minorum
484 4609 742 4742 Suderoopie.
784 4610 953 4700 domino
981 4639 1021 4726 p.
1049 4608 1291 4695 canoel-lario
1317 4628 1475 4697 nostro
1514 4613 1668 4698 bullam
1711 4615 1920 4702 luisse'de¹

89 4723 178 4808 filo
213 4731 411 4833 remptam
432 4735 608 4830 ,propter
635 4721 815 4816 eiusdem
843 4723 902 4821 lili
929 4725 1036 4838 sicut
1052 4721 1333 4828 'verisimiliter
1366 4727 1559 4836 apparuit
1569 4743 1808 4812 vetustatem
1829 4733 1911 4812 No·

88 4837 243 4922 lentes
262 4827 453 4940 'predicte
482 4829 614 4920 littere
641 4832 821 4940 vigorem
850 4854 1020 4946 propter
1046 4833 1125 4918 boc
1146 4833 1211 4916 in‘
1225 4835 1364 4945 aliquo
1392 4837 1562 4919 diminui
1585 4837 1799 4949 uelperirc
1827 4843 1914 4924 eam
2036 4867 2040 4880 ·

88 4977 184 5062 per
200 4943 416 5031 dominum
434 4935 724 5052 ingemendum
740 4942 1013 5054 lincopensem
1027 4947 1248 5060 exemplari
1262 4945 1435 5034 fideliter
1453 4945 1737 5036 mandauimus
1751 4965 1914 5064 pr'esen·
