<?xml version="1.0" encoding="UTF-8"?>
<!DOCTYPE html PUBLIC "-//W3C//DTD XHTML 1.0 Transitional//EN"
    "http://www.w3.org/TR/xhtml1/DTD/xhtml1-transitional.dtd">
<html xmlns="http://www.w3.org/1999/xhtml" xml:lang="en" lang="en">
 <head>
  <title>
</title>
<meta http-equiv="Content-Type" content="text/html;charset=utf-8" />
  <meta name='ocr-system' content='tesseract 3.04.00' />
  <meta name='ocr-capabilities' content='ocr_page ocr_carea ocr_par ocr_line ocrx_word'/>
</head>
<body>
  <div class='ocr_page' id='page_1' title='image "./svensktdiplomat00swegoog_0517.png"; bbox 0 0 4398 5958; ppageno 0'>
   <div class='ocr_carea' id='block_1_1' title="bbox 747 399 1248 520">
    <p class='ocr_par' dir='ltr' id='par_1_1' title="bbox 747 399 1248 520">
     <span class='ocr_line' id='line_1_1' title="bbox 747 399 1248 520; baseline 0.022 -29"><span class='ocrx_word' id='word_1_1' title='bbox 747 487 749 492; x_wconf 77' lang='grc'>,</span> <span class='ocrx_word' id='word_1_2' title='bbox 834 399 1248 520; x_wconf 39' lang='lat' dir='ltr'><strong>*qm-</strong></span> 
     </span>
    </p>
   </div>
   <div class='ocr_carea' id='block_1_2' title="bbox 142 601 2134 742">
    <p class='ocr_par' dir='ltr' id='par_1_2' title="bbox 142 601 2134 742">
     <span class='ocr_line' id='line_1_2' title="bbox 142 601 2134 742; baseline -0.004 -33"><span class='ocrx_word' id='word_1_3' title='bbox 142 619 337 712; x_wconf 83' lang='lat' dir='ltr'><strong>laicusin‘</strong></span> <span class='ocrx_word' id='word_1_4' title='bbox 364 618 488 704; x_wconf 83' lang='lat' dir='ltr'><strong>ciuili.</strong></span> <span class='ocrx_word' id='word_1_5' title='bbox 503 631 730 730; x_wconf 64' lang='lat' dir='ltr'><strong>cansa-per.</strong></span> <span class='ocrx_word' id='word_1_6' title='bbox 749 645 841 717; x_wconf 83' lang='lat' dir='ltr'><strong>uos,</strong></span> <span class='ocrx_word' id='word_1_7' title='bbox 869 639 941 704; x_wconf 81' lang='lat' dir='ltr'><strong>seu</strong></span> <span class='ocrx_word' id='word_1_8' title='bbox 969 616 1163 718; x_wconf 83' lang='lat' dir='ltr'><strong>Balliuos,</strong></span> <span class='ocrx_word' id='word_1_9' title='bbox 1192 635 1263 702; x_wconf 86' lang='lat' dir='ltr'><strong>aut</strong></span> <span class='ocrx_word' id='word_1_10' title='bbox 1291 601 1569 708; x_wconf 81' lang='lat' dir='ltr'><strong>Ministcriales</strong></span> <span class='ocrx_word' id='word_1_11' title='bbox 1597 615 1941 730; x_wconf 68' lang='lat' dir='ltr'><strong>predictos-,eom¹</strong></span> <span class='ocrx_word' id='word_1_12' title='bbox 2131 735 2134 742; x_wconf 89' lang='lat'><em>.</em></span> 
     </span>
    </p>
   </div>
   <div class='ocr_carea' id='block_1_3' title="bbox 47 728 1927 1068">
    <p class='ocr_par' dir='ltr' id='par_1_3' title="bbox 47 728 1927 1068">
     <span class='ocr_line' id='line_1_3' title="bbox 47 728 1925 846; baseline 0.004 -34"><span class='ocrx_word' id='word_1_13' title='bbox 47 755 75 846; x_wconf 39' lang='lat'><strong>,¹</strong></span> <span class='ocrx_word' id='word_1_14' title='bbox 140 730 603 842; x_wconf 73' lang='lat' dir='ltr'><strong>dampnatuesoluendo</strong></span> <span class='ocrx_word' id='word_1_15' title='bbox 630 757 713 814; x_wconf 92' lang='lat' dir='ltr'><strong>non</strong></span> <span class='ocrx_word' id='word_1_16' title='bbox 742 729 883 828; x_wconf 81' lang='lat' dir='ltr'><strong>fuecit,</strong></span> <span class='ocrx_word' id='word_1_17' title='bbox 911 731 978 820; x_wconf 86' lang='lat' dir='ltr'><strong>uel</strong></span> <span class='ocrx_word' id='word_1_18' title='bbox 1005 729 1238 818; x_wconf 90' lang='lat' dir='ltr'><strong>huiusmodi</strong></span> <span class='ocrx_word' id='word_1_19' title='bbox 1257 728 1454 815; x_wconf 81' lang='lat' dir='ltr'>sententie</span> <span class='ocrx_word' id='word_1_20' title='bbox 1468 735 1714 814; x_wconf 87' lang='lat' dir='ltr'><strong>recusauerit</strong></span> <span class='ocrx_word' id='word_1_21' title='bbox 1729 734 1925 832; x_wconf 83' lang='lat' dir='ltr'><strong>malitiose</strong></span> 
     </span>
     <span class='ocr_line' id='line_1_4' title="bbox 126 840 1926 958; baseline 0.001 -30"><span class='ocrx_word' id='word_1_22' title='bbox 126 875 301 958; x_wconf 89' lang='lat' dir='ltr'><strong>-parere,</strong></span> <span class='ocrx_word' id='word_1_23' title='bbox 329 851 471 926; x_wconf 83' lang='lat' dir='ltr'><strong>statim.</strong></span> <span class='ocrx_word' id='word_1_24' title='bbox 492 872 567 926; x_wconf 92' lang='lat' dir='ltr'><strong>uos</strong></span> <span class='ocrx_word' id='word_1_25' title='bbox 580 842 657 928; x_wconf 88' lang='lat' dir='ltr'><strong>sub</strong></span> <span class='ocrx_word' id='word_1_26' title='bbox 686 861 795 928; x_wconf 83' lang='lat' dir='ltr'><strong>certa</strong></span> <span class='ocrx_word' id='word_1_27' title='bbox 823 870 930 951; x_wconf 88' lang='lat' dir='ltr'><strong>pena</strong></span> <span class='ocrx_word' id='word_1_28' title='bbox 958 844 1189 950; x_wconf 88' lang='lat' dir='ltr'><strong>pecuniaria</strong></span> <span class='ocrx_word' id='word_1_29' title='bbox 1213 840 1579 949; x_wconf 80' lang='lat' dir='ltr'><strong>iuxtapredictam</strong></span> <span class='ocrx_word' id='word_1_30' title='bbox 1593 844 1926 936; x_wconf 89' lang='lat' dir='ltr'><strong>consuetudinem</strong></span> 
     </span>
     <span class='ocr_line' id='line_1_5' title="bbox 126 951 1927 1068; baseline 0.001 -29"><span class='ocrx_word' id='word_1_31' title='bbox 126 976 193 1040; x_wconf 80' lang='lat' dir='ltr'><strong>ut.</strong></span> <span class='ocrx_word' id='word_1_32' title='bbox 214 955 541 1068; x_wconf 78' lang='lat' dir='ltr'><strong>prediciturpro</strong></span> <span class='ocrx_word' id='word_1_33' title='bbox 561 954 658 1063; x_wconf 76' lang='lat' dir='ltr'><strong>,tege</strong></span> <span class='ocrx_word' id='word_1_34' title='bbox 686 969 885 1043; x_wconf 86' lang='lat' dir='ltr'><strong>seruatam</strong></span> <span class='ocrx_word' id='word_1_35' title='bbox 912 952 1114 1051; x_wconf 85' lang='lat' dir='ltr'><strong>inhibetis,</strong></span> <span class='ocrx_word' id='word_1_36' title='bbox 1142 970 1194 1036; x_wconf 90' lang='lat' dir='ltr'><strong>ut.</strong></span> <span class='ocrx_word' id='word_1_37' title='bbox 1216 951 1353 1034; x_wconf 89' lang='lat' dir='ltr'><strong>nullus</strong></span> <span class='ocrx_word' id='word_1_38' title='bbox 1381 952 1510 1044; x_wconf 83' lang='lat' dir='ltr'><strong>eidem</strong></span> <span class='ocrx_word' id='word_1_39' title='bbox 1538 955 1581 1034; x_wconf 90' lang='lat' dir='ltr'><strong>in</strong></span> <span class='ocrx_word' id='word_1_40' title='bbox 1609 954 1756 1047; x_wconf 88' lang='lat' dir='ltr'><strong>diuinis</strong></span> <span class='ocrx_word' id='word_1_41' title='bbox 1772 955 1927 1066; x_wconf 81' lang='lat' dir='ltr'><strong>officijs,</strong></span> 
     </span>
    </p>
   </div>
   <div class='ocr_carea' id='block_1_4' title="bbox 10 1063 1928 1179">
    <p class='ocr_par' dir='ltr' id='par_1_4' title="bbox 10 1063 1928 1179">
     <span class='ocr_line' id='line_1_6' title="bbox 10 1063 1928 1179; baseline 0.001 -29"><span class='ocrx_word' id='word_1_42' title='bbox 10 1063 15 1080; x_wconf 83' lang='lat'>&#39;</span> <span class='ocrx_word' id='word_1_43' title='bbox 138 1083 209 1150; x_wconf 88' lang='lat' dir='ltr'><strong>aut</strong></span> <span class='ocrx_word' id='word_1_44' title='bbox 238 1066 414 1177; x_wconf 85' lang='lat' dir='ltr'><strong>puhlicis</strong></span> <span class='ocrx_word' id='word_1_45' title='bbox 440 1064 709 1154; x_wconf 81' lang='lat' dir='ltr'><strong>conuentibus</strong></span> <span class='ocrx_word' id='word_1_46' title='bbox 736 1067 981 1174; x_wconf 84' lang='lat' dir='ltr'><strong>participare</strong></span> <span class='ocrx_word' id='word_1_47' title='bbox 1010 1080 1232 1172; x_wconf 75' lang='lat' dir='ltr'><strong>presumat,</strong></span> <span class='ocrx_word' id='word_1_48' title='bbox 1261 1075 1303 1144; x_wconf 87' lang='lat' dir='ltr'><strong>et</strong></span> <span class='ocrx_word' id='word_1_49' title='bbox 1329 1090 1475 1171; x_wconf 83' lang='lat' dir='ltr'><strong>penam</strong></span> <span class='ocrx_word' id='word_1_50' title='bbox 1503 1065 1628 1175; x_wconf 78' lang='lat' dir='ltr'><strong>ipsam</strong></span> <span class='ocrx_word' id='word_1_51' title='bbox 1644 1067 1825 1167; x_wconf 76' lang='lat' dir='ltr'><strong>abillis,</strong></span> <span class='ocrx_word' id='word_1_52' title='bbox 1840 1072 1928 1179; x_wconf 60' lang='lat' dir='ltr'><strong>‚qui</strong></span> 
     </span>
    </p>
   </div>
   <div class='ocr_carea' id='block_1_5' title="bbox 137 1173 1927 1291">
    <p class='ocr_par' dir='ltr' id='par_1_5' title="bbox 137 1173 1927 1291">
     <span class='ocr_line' id='line_1_7' title="bbox 137 1173 1927 1291; baseline -0.001 -27"><span class='ocrx_word' id='word_1_53' title='bbox 137 1196 281 1264; x_wconf 87' lang='lat' dir='ltr'><strong>contra</strong></span> <span class='ocrx_word' id='word_1_54' title='bbox 309 1178 478 1262; x_wconf 78' lang='lat' dir='ltr'><strong>fecerint</strong></span> <span class='ocrx_word' id='word_1_55' title='bbox 502 1177 946 1286; x_wconf 62' lang='lat' dir='ltr'><strong>extorquetistsioque</strong></span> <span class='ocrx_word' id='word_1_56' title='bbox 974 1175 1127 1282; x_wconf 89' lang='lat' dir='ltr'><strong>pluries</strong></span> <span class='ocrx_word' id='word_1_57' title='bbox 1154 1177 1309 1272; x_wconf 85' lang='lat' dir='ltr'><strong>euenit,</strong></span> <span class='ocrx_word' id='word_1_58' title='bbox 1337 1173 1451 1283; x_wconf 87' lang='lat' dir='ltr'><strong>quod</strong></span> <span class='ocrx_word' id='word_1_59' title='bbox 1477 1176 1664 1268; x_wconf 77' lang='lat' dir='ltr'>nonnulli</span> <span class='ocrx_word' id='word_1_60' title='bbox 1686 1196 1795 1259; x_wconf 89' lang='lat' dir='ltr'><strong>metu</strong></span> <span class='ocrx_word' id='word_1_61' title='bbox 1823 1207 1927 1291; x_wconf 90' lang='lat' dir='ltr'><strong>pene</strong></span> 
     </span>
    </p>
   </div>
   <div class='ocr_carea' id='block_1_6' title="bbox 126 1285 1979 1401">
    <p class='ocr_par' dir='ltr' id='par_1_6' title="bbox 126 1285 1979 1401">
     <span class='ocr_line' id='line_1_8' title="bbox 126 1285 1979 1401; baseline -0.011 -27"><span class='ocrx_word' id='word_1_62' title='bbox 126 1289 321 1401; x_wconf 59' lang='lat' dir='ltr'><strong>:predicte</strong></span> <span class='ocrx_word' id='word_1_63' title='bbox 334 1315 347 1373; x_wconf 76' lang='lat' dir='ltr'><strong>t</strong></span> <span class='ocrx_word' id='word_1_64' title='bbox 360 1315 434 1398; x_wconf 87' lang='lat' dir='ltr'><strong>per</strong></span> <span class='ocrx_word' id='word_1_65' title='bbox 476 1303 626 1371; x_wconf 80' lang='lat' dir='ltr'><strong>annum</strong></span> <span class='ocrx_word' id='word_1_66' title='bbox 651 1287 872 1385; x_wconf 80' lang='lat' dir='ltr'><strong>abstinent,</strong></span> <span class='ocrx_word' id='word_1_67' title='bbox 902 1316 924 1366; x_wconf 85' lang='lat' dir='ltr'><strong>a</strong></span> <span class='ocrx_word' id='word_1_68' title='bbox 954 1286 1120 1383; x_wconf 90' lang='lat' dir='ltr'><strong>diuinis,</strong></span> <span class='ocrx_word' id='word_1_69' title='bbox 1163 1286 1355 1394; x_wconf 82' lang='lat' dir='ltr'><strong>eligentes</strong></span> <span class='ocrx_word' id='word_1_70' title='bbox 1382 1285 1519 1392; x_wconf 90' lang='lat' dir='ltr'><strong>potius</strong></span> <span class='ocrx_word' id='word_1_71' title='bbox 1541 1312 1614 1394; x_wconf 91' lang='lat' dir='ltr'><strong>per</strong></span> <span class='ocrx_word' id='word_1_72' title='bbox 1642 1287 1720 1370; x_wconf 91' lang='lat' dir='ltr'><strong>hoc</strong></span> <span class='ocrx_word' id='word_1_73' title='bbox 1748 1317 1927 1372; x_wconf 89' lang='lat' dir='ltr'><strong>commu·</strong></span> <span class='ocrx_word' id='word_1_74' title='bbox 1973 1334 1979 1354; x_wconf 92' lang='lat'><em>.</em></span> 
     </span>
    </p>
   </div>
   <div class='ocr_carea' id='block_1_7' title="bbox 137 1393 1925 1508">
    <p class='ocr_par' dir='ltr' id='par_1_7' title="bbox 137 1393 1925 1508">
     <span class='ocr_line' id='line_1_9' title="bbox 137 1393 1925 1508; baseline 0 -26"><span class='ocrx_word' id='word_1_75' title='bbox 137 1403 308 1484; x_wconf 78' lang='lat' dir='ltr'><strong>nionem.</strong></span> <span class='ocrx_word' id='word_1_76' title='bbox 326 1401 457 1480; x_wconf 89' lang='lat' dir='ltr'><strong>uitare</strong></span> <span class='ocrx_word' id='word_1_77' title='bbox 485 1399 619 1479; x_wconf 86' lang='lat' dir='ltr'><strong>taliter</strong></span> <span class='ocrx_word' id='word_1_78' title='bbox 661 1399 964 1506; x_wconf 88' lang='lat' dir='ltr'><strong>condempnati,</strong></span> <span class='ocrx_word' id='word_1_79' title='bbox 1006 1427 1126 1507; x_wconf 86' lang='lat' dir='ltr'><strong>quam</strong></span> <span class='ocrx_word' id='word_1_80' title='bbox 1164 1393 1496 1488; x_wconf 85' lang='lat' dir='ltr'><strong>communicando</strong></span> <span class='ocrx_word' id='word_1_81' title='bbox 1537 1395 1666 1478; x_wconf 87' lang='lat' dir='ltr'><strong>eidem</strong></span> <span class='ocrx_word' id='word_1_82' title='bbox 1693 1427 1836 1508; x_wconf 89' lang='lat' dir='ltr'><strong>penam</strong></span> <span class='ocrx_word' id='word_1_83' title='bbox 1863 1405 1925 1484; x_wconf 91' lang='lat' dir='ltr'><strong>in·</strong></span> 
     </span>
    </p>
   </div>
   <div class='ocr_carea' id='block_1_8' title="bbox 126 1505 1946 1620">
    <p class='ocr_par' dir='ltr' id='par_1_8' title="bbox 126 1505 1946 1620">
     <span class='ocr_line' id='line_1_10' title="bbox 126 1505 1946 1620; baseline 0.002 -31"><span class='ocrx_word' id='word_1_84' title='bbox 126 1541 300 1595; x_wconf 85' lang='lat' dir='ltr'><strong>currere</strong></span> <span class='ocrx_word' id='word_1_85' title='bbox 328 1510 613 1620; x_wconf 74' lang='lat' dir='ltr'><strong>supradictam.</strong></span> <span class='ocrx_word' id='word_1_86' title='bbox 641 1511 743 1592; x_wconf 83' lang='lat' dir='ltr'><strong>Cum</strong></span> <span class='ocrx_word' id='word_1_87' title='bbox 771 1511 894 1616; x_wconf 83' lang='lat' dir='ltr'><strong>igitur</strong></span> <span class='ocrx_word' id='word_1_88' title='bbox 923 1539 972 1590; x_wconf 87' lang='lat' dir='ltr'><strong>ex</strong></span> <span class='ocrx_word' id='word_1_89' title='bbox 1002 1509 1218 1615; x_wconf 83' lang='lat' dir='ltr'>premissis,</span> <span class='ocrx_word' id='word_1_90' title='bbox 1247 1535 1328 1617; x_wconf 91' lang='lat' dir='ltr'><strong>que</strong></span> <span class='ocrx_word' id='word_1_91' title='bbox 1358 1510 1400 1587; x_wconf 91' lang='lat' dir='ltr'><strong>in</strong></span> <span class='ocrx_word' id='word_1_92' title='bbox 1428 1505 1494 1602; x_wconf 86' lang='lat' dir='ltr'><strong>dei</strong></span> <span class='ocrx_word' id='word_1_93' title='bbox 1529 1505 1739 1607; x_wconf 84' lang='lat' dir='ltr'><strong>offensam,</strong></span> <span class='ocrx_word' id='word_1_94' title='bbox 1766 1528 1807 1612; x_wconf 89' lang='lat' dir='ltr'><strong>et</strong></span> <span class='ocrx_word' id='word_1_95' title='bbox 1822 1514 1946 1594; x_wconf 89' lang='lat' dir='ltr'><strong>iuris·</strong></span> 
     </span>
    </p>
   </div>
   <div class='ocr_carea' id='block_1_9' title="bbox 122 1616 1922 1953">
    <p class='ocr_par' dir='ltr' id='par_1_9' title="bbox 122 1616 1922 1953">
     <span class='ocr_line' id='line_1_11' title="bbox 136 1616 1921 1720; baseline -0.001 -15"><span class='ocrx_word' id='word_1_96' title='bbox 136 1623 393 1706; x_wconf 85' lang='lat' dir='ltr'><strong>ecelesiastici</strong></span> <span class='ocrx_word' id='word_1_97' title='bbox 422 1623 628 1716; x_wconf 81' lang='lat' dir='ltr'>lesionem,</span> <span class='ocrx_word' id='word_1_98' title='bbox 658 1649 681 1700; x_wconf 84' lang='lat' dir='ltr'><strong>a</strong></span> <span class='ocrx_word' id='word_1_99' title='bbox 710 1621 845 1716; x_wconf 92' lang='lat' dir='ltr'><strong>uobis,</strong></span> <span class='ocrx_word' id='word_1_100' title='bbox 872 1627 913 1707; x_wconf 69' lang='lat'><strong>8&lt;</strong></span> <span class='ocrx_word' id='word_1_101' title='bbox 941 1621 1089 1703; x_wconf 88' lang='lat' dir='ltr'><strong>eisdem</strong></span> <span class='ocrx_word' id='word_1_102' title='bbox 1102 1619 1276 1716; x_wconf 88' lang='lat' dir='ltr'><strong>Balliuis‚</strong></span> <span class='ocrx_word' id='word_1_103' title='bbox 1289 1625 1328 1698; x_wconf 75' lang='lat' dir='ltr'><strong>8c</strong></span> <span class='ocrx_word' id='word_1_104' title='bbox 1343 1616 1672 1712; x_wconf 87' lang='lat' dir='ltr'><strong>Ministerialibus</strong></span> <span class='ocrx_word' id='word_1_105' title='bbox 1699 1621 1832 1720; x_wconf 86' lang='lat' dir='ltr'><strong>taliter</strong></span> <span class='ocrx_word' id='word_1_106' title='bbox 1861 1641 1921 1706; x_wconf 86' lang='lat' dir='ltr'><strong>at-</strong></span> 
     </span>
     <span class='ocr_line' id='line_1_12' title="bbox 134 1729 1922 1844; baseline 0.002 -32"><span class='ocrx_word' id='word_1_107' title='bbox 134 1750 401 1844; x_wconf 80' lang='lat' dir='ltr'><strong>temptentur,</strong></span> <span class='ocrx_word' id='word_1_108' title='bbox 429 1761 554 1841; x_wconf 86' lang='lat' dir='ltr'><strong>graue</strong></span> <span class='ocrx_word' id='word_1_109' title='bbox 585 1731 702 1813; x_wconf 90' lang='lat' dir='ltr'><strong>uobis</strong></span> <span class='ocrx_word' id='word_1_110' title='bbox 728 1732 936 1810; x_wconf 86' lang='lat' dir='ltr'><strong>immineat</strong></span> <span class='ocrx_word' id='word_1_111' title='bbox 964 1731 1194 1839; x_wconf 79' lang='lat' dir='ltr'><strong>periculum</strong></span> <span class='ocrx_word' id='word_1_112' title='bbox 1230 1729 1471 1826; x_wconf 88' lang='lat' dir='ltr'><strong>animarum,</strong></span> <span class='ocrx_word' id='word_1_113' title='bbox 1515 1748 1684 1839; x_wconf 85' lang='lat' dir='ltr'><strong>propter</strong></span> <span class='ocrx_word' id='word_1_114' title='bbox 1713 1732 1823 1841; x_wconf 90' lang='lat' dir='ltr'><strong>quod</strong></span> <span class='ocrx_word' id='word_1_115' title='bbox 1852 1763 1922 1816; x_wconf 91' lang='lat' dir='ltr'><strong>ue-</strong></span> 
     </span>
     <span class='ocr_line' id='line_1_13' title="bbox 122 1841 1921 1953; baseline -0.003 -23"><span class='ocrx_word' id='word_1_116' title='bbox 122 1863 216 1932; x_wconf 74' lang='lat' dir='ltr'><strong>ntre</strong></span> <span class='ocrx_word' id='word_1_117' title='bbox 245 1846 363 1926; x_wconf 89' lang='lat' dir='ltr'><strong>saluti</strong></span> <span class='ocrx_word' id='word_1_118' title='bbox 391 1843 555 1953; x_wconf 87' lang='lat' dir='ltr'><strong>expedit</strong></span> <span class='ocrx_word' id='word_1_119' title='bbox 582 1860 705 1952; x_wconf 73' lang='lat' dir='ltr'><strong>atque</strong></span> <span class='ocrx_word' id='word_1_120' title='bbox 732 1842 853 1939; x_wconf 86' lang='lat' dir='ltr'><strong>fame,</strong></span> <span class='ocrx_word' id='word_1_121' title='bbox 880 1858 927 1922; x_wconf 92' lang='lat' dir='ltr'><strong>ut</strong></span> <span class='ocrx_word' id='word_1_122' title='bbox 955 1871 1009 1928; x_wconf 85' lang='lat' dir='ltr'><strong>ea¹</strong></span> <span class='ocrx_word' id='word_1_123' title='bbox 1029 1869 1103 1950; x_wconf 92' lang='lat' dir='ltr'><strong>per</strong></span> <span class='ocrx_word' id='word_1_124' title='bbox 1131 1866 1204 1922; x_wconf 92' lang='lat' dir='ltr'><strong>uos</strong></span> <span class='ocrx_word' id='word_1_125' title='bbox 1218 1841 1403 1923; x_wconf 80' lang='lat' dir='ltr'><strong>celeriter</strong></span> <span class='ocrx_word' id='word_1_126' title='bbox 1424 1841 1696 1948; x_wconf 84' lang='lat' dir='ltr'><strong>corrigantur,</strong></span> <span class='ocrx_word' id='word_1_127' title='bbox 1724 1847 1921 1926; x_wconf 89' lang='lat' dir='ltr'><strong>vniuersi·</strong></span> 
     </span>
    </p>
   </div>
   <div class='ocr_carea' id='block_1_10' title="bbox 39 1953 1958 2084">
    <p class='ocr_par' dir='ltr' id='par_1_10' title="bbox 39 1953 1958 2084">
     <span class='ocr_line' id='line_1_14' title="bbox 39 1953 1958 2084; baseline -0.001 -46"><span class='ocrx_word' id='word_1_128' title='bbox 39 2014 45 2022; x_wconf 80' lang='lat'><em>·</em></span> <span class='ocrx_word' id='word_1_129' title='bbox 133 1973 259 2038; x_wconf 85' lang='lat' dir='ltr'><strong>tatem</strong></span> <span class='ocrx_word' id='word_1_130' title='bbox 287 1971 461 2038; x_wconf 85' lang='lat' dir='ltr'><strong>uestram</strong></span> <span class='ocrx_word' id='word_1_131' title='bbox 488 1981 705 2062; x_wconf 78' lang='lat' dir='ltr'><strong>rogamus,</strong></span> <span class='ocrx_word' id='word_1_132' title='bbox 725 1977 950 2050; x_wconf 84' lang='lat' dir='ltr'><strong>monemus,</strong></span> <span class='ocrx_word' id='word_1_133' title='bbox 979 1971 1020 2035; x_wconf 89' lang='lat' dir='ltr'><strong>et</strong></span> <span class='ocrx_word' id='word_1_134' title='bbox 1041 1953 1258 2040; x_wconf 83' lang='lat' dir='ltr'><strong>hortamur</strong></span> <span class='ocrx_word' id='word_1_135' title='bbox 1293 1966 1460 2048; x_wconf 92' lang='lat' dir='ltr'><strong>attente,</strong></span> <span class='ocrx_word' id='word_1_136' title='bbox 1495 1979 1569 2058; x_wconf 82' lang='lat' dir='ltr'><strong>per</strong></span> <span class='ocrx_word' id='word_1_137' title='bbox 1598 1955 1817 2060; x_wconf 84' lang='lat' dir='ltr'><strong>apostolica</strong></span> <span class='ocrx_word' id='word_1_138' title='bbox 1847 1983 1921 2036; x_wconf 91' lang='lat' dir='ltr'><strong>uo·</strong></span> <span class='ocrx_word' id='word_1_139' title='bbox 1941 2051 1958 2084; x_wconf 26' lang='grc' dir='ltr'>ἱ</span> 
     </span>
    </p>
   </div>
   <div class='ocr_carea' id='block_1_11' title="bbox 131 2064 1921 2286">
    <p class='ocr_par' dir='ltr' id='par_1_11' title="bbox 131 2064 1921 2286">
     <span class='ocr_line' id='line_1_15' title="bbox 131 2064 1921 2175; baseline -0.002 -23"><span class='ocrx_word' id='word_1_140' title='bbox 131 2069 196 2152; x_wconf 90' lang='lat' dir='ltr'><strong>bis</strong></span> <span class='ocrx_word' id='word_1_141' title='bbox 223 2069 371 2175; x_wconf 87' lang='lat' dir='ltr'><strong>scripta</strong></span> <span class='ocrx_word' id='word_1_142' title='bbox 398 2065 645 2159; x_wconf 79' lang='lat' dir='ltr'><strong>mandantes,</strong></span> <span class='ocrx_word' id='word_1_143' title='bbox 671 2065 879 2175; x_wconf 84' lang='lat' dir='ltr'>quatinus,</span> <span class='ocrx_word' id='word_1_144' title='bbox 914 2083 997 2144; x_wconf 89' lang='lat' dir='ltr'><strong>tam</strong></span> <span class='ocrx_word' id='word_1_145' title='bbox 1024 2064 1297 2172; x_wconf 83' lang='lat' dir='ltr'><strong>impositiones</strong></span> <span class='ocrx_word' id='word_1_146' title='bbox 1326 2088 1535 2157; x_wconf 84' lang='lat' dir='ltr'><strong>censuum,</strong></span> <span class='ocrx_word' id='word_1_147' title='bbox 1563 2068 1603 2142; x_wconf 67' lang='lat'><strong>8(</strong></span> <span class='ocrx_word' id='word_1_148' title='bbox 1631 2093 1798 2160; x_wconf 88' lang='lat' dir='ltr'><strong>onerum</strong></span> <span class='ocrx_word' id='word_1_149' title='bbox 1829 2095 1921 2175; x_wconf 89' lang='lat' dir='ltr'><strong>pre·</strong></span> 
     </span>
     <span class='ocr_line' id='line_1_16' title="bbox 133 2175 1920 2286; baseline 0.001 -27"><span class='ocrx_word' id='word_1_150' title='bbox 133 2178 354 2273; x_wconf 89' lang='lat' dir='ltr'><strong>dictorum,</strong></span> <span class='ocrx_word' id='word_1_151' title='bbox 382 2205 506 2286; x_wconf 90' lang='lat' dir='ltr'><strong>quam</strong></span> <span class='ocrx_word' id='word_1_152' title='bbox 534 2175 710 2283; x_wconf 88' lang='lat' dir='ltr'><strong>prefatas</strong></span> <span class='ocrx_word' id='word_1_153' title='bbox 738 2175 1013 2284; x_wconf 87' lang='lat' dir='ltr'><strong>priuationum</strong></span> <span class='ocrx_word' id='word_1_154' title='bbox 1040 2176 1259 2256; x_wconf 86' lang='lat' dir='ltr'><strong>sententias</strong></span> <span class='ocrx_word' id='word_1_155' title='bbox 1286 2201 1407 2281; x_wconf 91' lang='lat' dir='ltr'><strong>super</strong></span> <span class='ocrx_word' id='word_1_156' title='bbox 1435 2177 1661 2266; x_wconf 87' lang='lat' dir='ltr'><strong>memoratis</strong></span> <span class='ocrx_word' id='word_1_157' title='bbox 1681 2176 1920 2283; x_wconf 64' lang='lat' dir='ltr'><strong>redditibus</strong></span> 
     </span>
    </p>
   </div>
   <div class='ocr_carea' id='block_1_12' title="bbox 131 2285 2051 2510">
    <p class='ocr_par' dir='ltr' id='par_1_12' title="bbox 131 2285 2051 2510">
     <span class='ocr_line' id='line_1_17' title="bbox 131 2285 2051 2395; baseline 0.001 -26"><span class='ocrx_word' id='word_1_158' title='bbox 131 2318 156 2369; x_wconf 81' lang='lat' dir='ltr'><strong>a</strong></span> <span class='ocrx_word' id='word_1_159' title='bbox 184 2291 314 2384; x_wconf 92' lang='lat' dir='ltr'><strong>uobis,</strong></span> <span class='ocrx_word' id='word_1_160' title='bbox 343 2287 525 2382; x_wconf 89' lang='lat' dir='ltr'><strong>Balliuis‚</strong></span> <span class='ocrx_word' id='word_1_161' title='bbox 554 2313 602 2368; x_wconf 86' lang='lat' dir='ltr'><strong>ac</strong></span> <span class='ocrx_word' id='word_1_162' title='bbox 629 2285 958 2370; x_wconf 86' lang='lat' dir='ltr'><strong>Ministerialibus</strong></span> <span class='ocrx_word' id='word_1_163' title='bbox 973 2285 1167 2395; x_wconf 85' lang='lat' dir='ltr'>predictis</span> <span class='ocrx_word' id='word_1_164' title='bbox 1193 2302 1463 2393; x_wconf 80' lang='lat' dir='ltr'><strong>presumptas,</strong></span> <span class='ocrx_word' id='word_1_165' title='bbox 1488 2302 1703 2393; x_wconf 87' lang='lat' dir='ltr'><strong>quatenus,</strong></span> <span class='ocrx_word' id='word_1_166' title='bbox 1734 2286 1784 2368; x_wconf 91' lang='lat' dir='ltr'><strong>de</strong></span> <span class='ocrx_word' id='word_1_167' title='bbox 1811 2289 1921 2373; x_wconf 85' lang='lat' dir='ltr'><strong>facto</strong></span> <span class='ocrx_word' id='word_1_168' title='bbox 2047 2362 2051 2367; x_wconf 95' lang='lat'>.</span> 
     </span>
     <span class='ocr_line' id='line_1_18' title="bbox 131 2394 2012 2510; baseline 0 -29"><span class='ocrx_word' id='word_1_169' title='bbox 131 2399 370 2508; x_wconf 76' lang='lat' dir='ltr'><strong>processisse</strong></span> <span class='ocrx_word' id='word_1_170' title='bbox 383 2412 626 2495; x_wconf 86' lang='lat' dir='ltr'><strong>noscuntur,</strong></span> <span class='ocrx_word' id='word_1_171' title='bbox 659 2425 736 2506; x_wconf 91' lang='lat' dir='ltr'><strong>pro</strong></span> <span class='ocrx_word' id='word_1_172' title='bbox 764 2396 915 2492; x_wconf 88' lang='lat' dir='ltr'><strong>diuina,</strong></span> <span class='ocrx_word' id='word_1_173' title='bbox 943 2415 987 2479; x_wconf 92' lang='lat' dir='ltr'><strong>et</strong></span> <span class='ocrx_word' id='word_1_174' title='bbox 1012 2397 1233 2507; x_wconf 87' lang='lat' dir='ltr'><strong>apostolice</strong></span> <span class='ocrx_word' id='word_1_175' title='bbox 1262 2394 1367 2476; x_wconf 88' lang='lat' dir='ltr'><strong>sedis</strong></span> <span class='ocrx_word' id='word_1_176' title='bbox 1395 2397 1638 2492; x_wconf 88' lang='lat' dir='ltr'><strong>reuerentia,</strong></span> <span class='ocrx_word' id='word_1_177' title='bbox 1677 2417 1799 2507; x_wconf 93' lang='lat' dir='ltr'><strong>prout</strong></span> <span class='ocrx_word' id='word_1_178' title='bbox 1827 2413 1917 2510; x_wconf 61' lang='lat' dir='ltr'><strong>per*-</strong></span> <span class='ocrx_word' id='word_1_179' title='bbox 2005 2425 2012 2442; x_wconf 84' lang='grc'><em>·</em></span> 
     </span>
    </p>
   </div>
   <div class='ocr_carea' id='block_1_13' title="bbox 118 2506 1922 3062">
    <p class='ocr_par' dir='ltr' id='par_1_13' title="bbox 118 2506 1922 3062">
     <span class='ocr_line' id='line_1_19' title="bbox 130 2506 1922 2617; baseline 0.001 -25"><span class='ocrx_word' id='word_1_180' title='bbox 130 2510 273 2593; x_wconf 85' lang='lat' dir='ltr'><strong>suadet</strong></span> <span class='ocrx_word' id='word_1_181' title='bbox 299 2511 451 2593; x_wconf 88' lang='lat' dir='ltr'><strong>iustitia</strong></span> <span class='ocrx_word' id='word_1_182' title='bbox 478 2524 731 2606; x_wconf 84' lang='lat' dir='ltr'><strong>reuocantes,</strong></span> <span class='ocrx_word' id='word_1_183' title='bbox 760 2507 828 2589; x_wconf 90' lang='lat' dir='ltr'><strong>uel</strong></span> <span class='ocrx_word' id='word_1_184' title='bbox 856 2510 1039 2590; x_wconf 87' lang='lat' dir='ltr'><strong>reuocari</strong></span> <span class='ocrx_word' id='word_1_185' title='bbox 1068 2508 1269 2605; x_wconf 82' lang='lat' dir='ltr'><strong>facientes,</strong></span> <span class='ocrx_word' id='word_1_186' title='bbox 1298 2506 1526 2617; x_wconf 88' lang='lat' dir='ltr'><strong>dictamque</strong></span> <span class='ocrx_word' id='word_1_187' title='bbox 1554 2536 1724 2615; x_wconf 88' lang='lat' dir='ltr'><strong>prauam</strong></span> <span class='ocrx_word' id='word_1_188' title='bbox 1753 2534 1922 2610; x_wconf 80' lang='lat' dir='ltr'><strong>consue·</strong></span> 
     </span>
     <span class='ocr_line' id='line_1_20' title="bbox 128 2616 1921 2728; baseline 0.001 -24"><span class='ocrx_word' id='word_1_189' title='bbox 128 2621 331 2718; x_wconf 85' lang='lat' dir='ltr'><strong>tudinem,</strong></span> <span class='ocrx_word' id='word_1_190' title='bbox 361 2649 422 2708; x_wconf 41' lang='lat' dir='ltr'><strong>⁴ac</strong></span> <span class='ocrx_word' id='word_1_191' title='bbox 450 2621 528 2701; x_wconf 88' lang='lat' dir='ltr'><strong>alia</strong></span> <span class='ocrx_word' id='word_1_192' title='bbox 558 2622 741 2728; x_wconf 88' lang='lat' dir='ltr'><strong>predicta</strong></span> <span class='ocrx_word' id='word_1_193' title='bbox 768 2621 811 2699; x_wconf 92' lang='lat' dir='ltr'><strong>in</strong></span> <span class='ocrx_word' id='word_1_194' title='bbox 838 2647 1075 2727; x_wconf 82' lang='lat' dir='ltr'><strong>grauamen,</strong></span> <span class='ocrx_word' id='word_1_195' title='bbox 1103 2636 1145 2700; x_wconf 92' lang='lat' dir='ltr'><strong>et</strong></span> <span class='ocrx_word' id='word_1_196' title='bbox 1187 2616 1454 2728; x_wconf 89' lang='lat' dir='ltr'><strong>preiudicium</strong></span> <span class='ocrx_word' id='word_1_197' title='bbox 1503 2619 1684 2727; x_wconf 90' lang='lat' dir='ltr'><strong>ipsorum</strong></span> <span class='ocrx_word' id='word_1_198' title='bbox 1712 2620 1921 2726; x_wconf 88' lang='lat' dir='ltr'><strong>libertatis,</strong></span> 
     </span>
     <span class='ocr_line' id='line_1_21' title="bbox 128 2729 1920 2840; baseline 0.003 -26"><span class='ocrx_word' id='word_1_199' title='bbox 128 2750 170 2814; x_wconf 87' lang='lat' dir='ltr'><strong>et</strong></span> <span class='ocrx_word' id='word_1_200' title='bbox 193 2735 297 2820; x_wconf 89' lang='lat' dir='ltr'><strong>iuris</strong></span> <span class='ocrx_word' id='word_1_201' title='bbox 324 2731 684 2814; x_wconf 86' lang='lat' dir='ltr'><strong>ecclesiasticorum</strong></span> <span class='ocrx_word' id='word_1_202' title='bbox 717 2744 765 2812; x_wconf 86' lang='lat' dir='ltr'><strong>ut</strong></span> <span class='ocrx_word' id='word_1_203' title='bbox 799 2732 1046 2840; x_wconf 88' lang='lat' dir='ltr'><strong>premittitur</strong></span> <span class='ocrx_word' id='word_1_204' title='bbox 1087 2729 1336 2827; x_wconf 84' lang='lat' dir='ltr'><strong>introducta,</strong></span> <span class='ocrx_word' id='word_1_205' title='bbox 1379 2729 1540 2810; x_wconf 91' lang='lat' dir='ltr'><strong>minime</strong></span> <span class='ocrx_word' id='word_1_206' title='bbox 1569 2730 1803 2834; x_wconf 89' lang='lat' dir='ltr'><strong>obseruetis,</strong></span> <span class='ocrx_word' id='word_1_207' title='bbox 1843 2765 1920 2820; x_wconf 89' lang='lat' dir='ltr'><strong>nec</strong></span> 
     </span>
     <span class='ocr_line' id='line_1_22' title="bbox 118 2837 1921 2954; baseline 0.003 -30"><span class='ocrx_word' id='word_1_208' title='bbox 118 2843 284 2932; x_wconf 77' lang='lat' dir='ltr'><strong>,faciatis</strong></span> <span class='ocrx_word' id='word_1_209' title='bbox 311 2842 363 2923; x_wconf 85' lang='lat' dir='ltr'><strong>ab</strong></span> <span class='ocrx_word' id='word_1_210' title='bbox 391 2843 481 2951; x_wconf 84' lang='lat' dir='ltr'><strong>alijs</strong></span> <span class='ocrx_word' id='word_1_211' title='bbox 509 2843 732 2924; x_wconf 90' lang='lat' dir='ltr'><strong>obseruari.</strong></span> <span class='ocrx_word' id='word_1_212' title='bbox 762 2841 954 2923; x_wconf 87' lang='lat' dir='ltr'><strong>factiones</strong></span> <span class='ocrx_word' id='word_1_213' title='bbox 982 2869 1148 2952; x_wconf 91' lang='lat' dir='ltr'><strong>quoque</strong></span> <span class='ocrx_word' id='word_1_214' title='bbox 1177 2837 1378 2934; x_wconf 86' lang='lat' dir='ltr'><strong>dictorum</strong></span> <span class='ocrx_word' id='word_1_215' title='bbox 1411 2856 1758 2941; x_wconf 87' lang='lat' dir='ltr'><strong>testamentorum,</strong></span> <span class='ocrx_word' id='word_1_216' title='bbox 1794 2867 1921 2954; x_wconf 90' lang='lat' dir='ltr'><strong>prout</strong></span> 
     </span>
     <span class='ocr_line' id='line_1_23' title="bbox 126 2950 1919 3062; baseline 0.002 -26"><span class='ocrx_word' id='word_1_217' title='bbox 126 2957 249 3037; x_wconf 90' lang='lat' dir='ltr'><strong>etiam</strong></span> <span class='ocrx_word' id='word_1_218' title='bbox 277 2957 321 3036; x_wconf 91' lang='lat' dir='ltr'><strong>in</strong></span> <span class='ocrx_word' id='word_1_219' title='bbox 349 2954 513 3062; x_wconf 86' lang='lat' dir='ltr'><strong>prefatis</strong></span> <span class='ocrx_word' id='word_1_220' title='bbox 541 2955 640 3046; x_wconf 82' lang='lat' dir='ltr'><strong>dicti</strong></span> <span class='ocrx_word' id='word_1_221' title='bbox 669 2950 960 3062; x_wconf 84' lang='lat' dir='ltr'><strong>predecessoris</strong></span> <span class='ocrx_word' id='word_1_222' title='bbox 987 2954 1131 3044; x_wconf 86' lang='lat' dir='ltr'><strong>litteris</strong></span> <span class='ocrx_word' id='word_1_223' title='bbox 1165 2952 1311 3036; x_wconf 88' lang='lat' dir='ltr'><strong>dicitur</strong></span> <span class='ocrx_word' id='word_1_224' title='bbox 1339 2953 1556 3052; x_wconf 86' lang='lat' dir='ltr'><strong>contineri,</strong></span> <span class='ocrx_word' id='word_1_225' title='bbox 1590 2971 1631 3034; x_wconf 92' lang='lat' dir='ltr'><strong>et</strong></span> <span class='ocrx_word' id='word_1_226' title='bbox 1659 2981 1798 3036; x_wconf 88' lang='lat' dir='ltr'><strong>eorum</strong></span> <span class='ocrx_word' id='word_1_227' title='bbox 1815 2985 1919 3050; x_wconf 52' lang='lat' dir='ltr'><strong>‚exe-</strong></span> 
     </span>
    </p>
   </div>
   <div class='ocr_carea' id='block_1_14' title="bbox 126 3061 2044 3176">
    <p class='ocr_par' dir='ltr' id='par_1_14' title="bbox 126 3061 2044 3176">
     <span class='ocr_line' id='line_1_24' title="bbox 126 3061 2044 3176; baseline -0.001 -28"><span class='ocrx_word' id='word_1_228' title='bbox 126 3069 312 3149; x_wconf 88' lang='lat' dir='ltr'><strong>cutiones</strong></span> <span class='ocrx_word' id='word_1_229' title='bbox 339 3091 599 3176; x_wconf 84' lang='lat' dir='ltr'><strong>nequaquam</strong></span> <span class='ocrx_word' id='word_1_230' title='bbox 626 3065 870 3174; x_wconf 85' lang='lat' dir='ltr'><strong>impediatis,</strong></span> <span class='ocrx_word' id='word_1_231' title='bbox 898 3092 973 3146; x_wconf 92' lang='lat' dir='ltr'><strong>nec</strong></span> <span class='ocrx_word' id='word_1_232' title='bbox 1007 3065 1278 3176; x_wconf 84' lang='lat' dir='ltr'><strong>quantumin</strong></span> <span class='ocrx_word' id='word_1_233' title='bbox 1305 3061 1423 3144; x_wconf 91' lang='lat' dir='ltr'><strong>uobis</strong></span> <span class='ocrx_word' id='word_1_234' title='bbox 1442 3061 1568 3148; x_wconf 78' lang='lat' dir='ltr'><strong>luerit</strong></span> <span class='ocrx_word' id='word_1_235' title='bbox 1596 3069 1832 3175; x_wconf 77' lang='lat' dir='ltr'><strong>permittatis</strong></span> <span class='ocrx_word' id='word_1_236' title='bbox 1846 3065 1918 3170; x_wconf 58' lang='lat' dir='ltr'><strong>def·</strong></span> <span class='ocrx_word' id='word_1_237' title='bbox 2018 3067 2044 3174; x_wconf 50' lang='lat' dir='ltr'>J</span> 
     </span>
    </p>
   </div>
   <div class='ocr_carea' id='block_1_15' title="bbox 38 3169 1920 3621">
    <p class='ocr_par' dir='ltr' id='par_1_15' title="bbox 38 3169 1920 3621">
     <span class='ocr_line' id='line_1_25' title="bbox 116 3169 1920 3287; baseline 0.001 -27"><span class='ocrx_word' id='word_1_238' title='bbox 116 3194 261 3260; x_wconf 85' lang='lat' dir='ltr'><strong>-eetero</strong></span> <span class='ocrx_word' id='word_1_239' title='bbox 290 3177 546 3287; x_wconf 84' lang='lat' dir='ltr'><strong>aliquatenus</strong></span> <span class='ocrx_word' id='word_1_240' title='bbox 574 3177 779 3286; x_wconf 90' lang='lat' dir='ltr'><strong>impediri,</strong></span> <span class='ocrx_word' id='word_1_241' title='bbox 807 3177 873 3257; x_wconf 90' lang='lat' dir='ltr'><strong>uel</strong></span> <span class='ocrx_word' id='word_1_242' title='bbox 903 3175 1210 3287; x_wconf 89' lang='lat' dir='ltr'><strong>quomodolibet</strong></span> <span class='ocrx_word' id='word_1_243' title='bbox 1247 3174 1453 3256; x_wconf 85' lang='lat' dir='ltr'><strong>retardari.</strong></span> <span class='ocrx_word' id='word_1_244' title='bbox 1506 3179 1647 3258; x_wconf 87' lang='lat' dir='ltr'><strong>Preces</strong></span> <span class='ocrx_word' id='word_1_245' title='bbox 1673 3169 1848 3276; x_wconf 88' lang='lat' dir='ltr'><strong>nostras,</strong></span> <span class='ocrx_word' id='word_1_246' title='bbox 1879 3185 1920 3262; x_wconf 85' lang='lat'>&amp;</span> 
     </span>
     <span class='ocr_line' id='line_1_26' title="bbox 124 3286 1918 3398; baseline 0.002 -30"><span class='ocrx_word' id='word_1_247' title='bbox 124 3291 361 3372; x_wconf 87' lang='lat' dir='ltr'><strong>mandatum</strong></span> <span class='ocrx_word' id='word_1_248' title='bbox 376 3288 512 3368; x_wconf 86' lang='lat' dir='ltr'><strong>taliter</strong></span> <span class='ocrx_word' id='word_1_249' title='bbox 544 3288 763 3398; x_wconf 89' lang='lat' dir='ltr'><strong>impleturi,</strong></span> <span class='ocrx_word' id='word_1_250' title='bbox 792 3289 904 3398; x_wconf 93' lang='lat' dir='ltr'><strong>quod</strong></span> <span class='ocrx_word' id='word_1_251' title='bbox 933 3286 1081 3368; x_wconf 82' lang='lat' dir='ltr'><strong>exinde</strong></span> <span class='ocrx_word' id='word_1_252' title='bbox 1109 3287 1289 3370; x_wconf 89' lang='lat' dir='ltr'><strong>diuinam</strong></span> <span class='ocrx_word' id='word_1_253' title='bbox 1318 3288 1479 3392; x_wconf 89' lang='lat' dir='ltr'><strong>possitis</strong></span> <span class='ocrx_word' id='word_1_254' title='bbox 1513 3289 1683 3394; x_wconf 79' lang='lat' dir='ltr'><strong>gratiam</strong></span> <span class='ocrx_word' id='word_1_255' title='bbox 1711 3315 1918 3398; x_wconf 83' lang='lat' dir='ltr'><strong>promere·</strong></span> 
     </span>
     <span class='ocr_line' id='line_1_27' title="bbox 38 3395 1916 3510; baseline 0 -28"><span class='ocrx_word' id='word_1_256' title='bbox 38 3450 45 3458; x_wconf 95' lang='lat'>-</span> <span class='ocrx_word' id='word_1_257' title='bbox 124 3404 182 3500; x_wconf 89' lang='lat' dir='ltr'><strong>ri,</strong></span> <span class='ocrx_word' id='word_1_258' title='bbox 211 3427 366 3510; x_wconf 90' lang='lat' dir='ltr'><strong>nosque</strong></span> <span class='ocrx_word' id='word_1_259' title='bbox 395 3398 857 3495; x_wconf 81' lang='lat' dir='ltr'><strong>deuotionemuestram</strong></span> <span class='ocrx_word' id='word_1_260' title='bbox 886 3395 1166 3480; x_wconf 87' lang='lat' dir='ltr'><strong>commendare</strong></span> <span class='ocrx_word' id='word_1_261' title='bbox 1194 3399 1337 3480; x_wconf 89' lang='lat' dir='ltr'><strong>merito</strong></span> <span class='ocrx_word' id='word_1_262' title='bbox 1379 3398 1593 3495; x_wconf 85' lang='lat' dir='ltr'><strong>ualeamus,</strong></span> <span class='ocrx_word' id='word_1_263' title='bbox 1623 3425 1698 3479; x_wconf 91' lang='lat' dir='ltr'><strong>nec</strong></span> <span class='ocrx_word' id='word_1_264' title='bbox 1728 3419 1916 3509; x_wconf 91' lang='lat' dir='ltr'><strong>oporteat</strong></span> 
     </span>
     <span class='ocr_line' id='line_1_28' title="bbox 123 3506 1914 3621; baseline 0.002 -29"><span class='ocrx_word' id='word_1_265' title='bbox 123 3540 199 3594; x_wconf 91' lang='lat' dir='ltr'><strong>nos</strong></span> <span class='ocrx_word' id='word_1_266' title='bbox 228 3539 347 3621; x_wconf 82' lang='lat' dir='ltr'><strong>super</strong></span> <span class='ocrx_word' id='word_1_267' title='bbox 375 3511 453 3595; x_wconf 88' lang='lat' dir='ltr'><strong>hoc</strong></span> <span class='ocrx_word' id='word_1_268' title='bbox 480 3508 593 3590; x_wconf 84' lang='lat' dir='ltr'><strong>aliud</strong></span> <span class='ocrx_word' id='word_1_269' title='bbox 622 3508 842 3592; x_wconf 89' lang='lat' dir='ltr'><strong>remedium</strong></span> <span class='ocrx_word' id='word_1_270' title='bbox 873 3509 1072 3602; x_wconf 85' lang='lat' dir='ltr'><strong>adhibere.</strong></span> <span class='ocrx_word' id='word_1_271' title='bbox 1103 3506 1310 3619; x_wconf 88' lang='lat' dir='ltr'><strong>Siquidem</strong></span> <span class='ocrx_word' id='word_1_272' title='bbox 1339 3510 1525 3589; x_wconf 89' lang='lat' dir='ltr'><strong>omittere</strong></span> <span class='ocrx_word' id='word_1_273' title='bbox 1546 3537 1621 3590; x_wconf 91' lang='lat' dir='ltr'><strong>nec</strong></span> <span class='ocrx_word' id='word_1_274' title='bbox 1636 3514 1914 3620; x_wconf 73' lang='lat' dir='ltr'><strong>proponimus</strong></span> 
     </span>
    </p>
   </div>
   <div class='ocr_carea' id='block_1_16' title="bbox 121 3620 1931 3730">
    <p class='ocr_par' dir='ltr' id='par_1_16' title="bbox 121 3620 1931 3730">
     <span class='ocr_line' id='line_1_29' title="bbox 121 3620 1931 3730; baseline 0.001 -27"><span class='ocrx_word' id='word_1_275' title='bbox 121 3652 199 3706; x_wconf 89' lang='lat' dir='ltr'><strong>nec</strong></span> <span class='ocrx_word' id='word_1_276' title='bbox 228 3649 452 3730; x_wconf 90' lang='lat' dir='ltr'><strong>possemus,</strong></span> <span class='ocrx_word' id='word_1_277' title='bbox 471 3622 582 3730; x_wconf 79' lang='lat' dir='ltr'><strong>,quin</strong></span> <span class='ocrx_word' id='word_1_278' title='bbox 609 3647 704 3718; x_wconf 91' lang='lat' dir='ltr'><strong>uos,</strong></span> <span class='ocrx_word' id='word_1_279' title='bbox 731 3623 764 3702; x_wconf 93' lang='lat' dir='ltr'><strong>si</strong></span> <span class='ocrx_word' id='word_1_280' title='bbox 793 3621 1021 3702; x_wconf 92' lang='lat' dir='ltr'><strong>huiusmodi</strong></span> <span class='ocrx_word' id='word_1_281' title='bbox 1051 3621 1258 3728; x_wconf 86' lang='lat' dir='ltr'><strong>precibus,</strong></span> <span class='ocrx_word' id='word_1_282' title='bbox 1288 3623 1327 3700; x_wconf 86' lang='lat'>&amp;</span> <span class='ocrx_word' id='word_1_283' title='bbox 1353 3620 1545 3702; x_wconf 84' lang='lat' dir='ltr'><strong>mandato</strong></span> <span class='ocrx_word' id='word_1_284' title='bbox 1567 3648 1652 3700; x_wconf 91' lang='lat' dir='ltr'><strong>non</strong></span> <span class='ocrx_word' id='word_1_285' title='bbox 1679 3626 1931 3704; x_wconf 76' lang='lat' dir='ltr'><strong>curaueritis¹</strong></span> 
     </span>
    </p>
   </div>
   <div class='ocr_carea' id='block_1_17' title="bbox 45 3721 1912 3843">
    <p class='ocr_par' dir='ltr' id='par_1_17' title="bbox 45 3721 1912 3843">
     <span class='ocr_line' id='line_1_30' title="bbox 45 3721 1912 3843; baseline 0.001 -27"><span class='ocrx_word' id='word_1_286' title='bbox 45 3721 47 3726; x_wconf 31' lang='lat'><strong><em>¹</em></strong></span> <span class='ocrx_word' id='word_1_287' title='bbox 121 3733 291 3818; x_wconf 93' lang='lat' dir='ltr'><strong>obedire</strong></span> <span class='ocrx_word' id='word_1_288' title='bbox 319 3732 372 3814; x_wconf 89' lang='lat' dir='ltr'><strong>ad</strong></span> <span class='ocrx_word' id='word_1_289' title='bbox 400 3731 474 3812; x_wconf 88' lang='lat' dir='ltr'><strong>hee</strong></span> <span class='ocrx_word' id='word_1_290' title='bbox 502 3733 615 3812; x_wconf 86' lang='lat' dir='ltr'><strong>iuxta</strong></span> <span class='ocrx_word' id='word_1_291' title='bbox 641 3730 765 3839; x_wconf 86' lang='lat' dir='ltr'><strong>officij</strong></span> <span class='ocrx_word' id='word_1_292' title='bbox 793 3734 921 3812; x_wconf 90' lang='lat' dir='ltr'><strong>nostri</strong></span> <span class='ocrx_word' id='word_1_293' title='bbox 952 3732 1134 3823; x_wconf 85' lang='lat' dir='ltr'><strong>debitum</strong></span> <span class='ocrx_word' id='word_1_294' title='bbox 1162 3729 1349 3840; x_wconf 88' lang='lat' dir='ltr'><strong>compelli</strong></span> <span class='ocrx_word' id='word_1_295' title='bbox 1378 3734 1583 3812; x_wconf 89' lang='lat' dir='ltr'><strong>coertione</strong></span> <span class='ocrx_word' id='word_1_296' title='bbox 1610 3759 1702 3843; x_wconf 87' lang='lat' dir='ltr'><strong>qua·</strong></span> <span class='ocrx_word' id='word_1_297' title='bbox 1719 3737 1912 3818; x_wconf 92' lang='lat' dir='ltr'><strong>conuenit</strong></span> 
     </span>
    </p>
   </div>
   <div class='ocr_carea' id='block_1_18' title="bbox 121 3840 1908 4050">
    <p class='ocr_par' dir='ltr' id='par_1_18' title="bbox 121 3840 1908 4050">
     <span class='ocr_line' id='line_1_31' title="bbox 121 3840 1908 3951; baseline -0.001 -25"><span class='ocrx_word' id='word_1_298' title='bbox 121 3845 328 3928; x_wconf 82' lang='lat' dir='ltr'><strong>faciamus.</strong></span> <span class='ocrx_word' id='word_1_299' title='bbox 344 3847 509 3933; x_wconf 60' lang='lat' dir='ltr'><strong>‘Datum</strong></span> <span class='ocrx_word' id='word_1_300' title='bbox 539 3842 727 3948; x_wconf 86' lang='lat' dir='ltr'><strong>Lugduni</strong></span> <span class='ocrx_word' id='word_1_301' title='bbox 758 3845 807 3924; x_wconf 86' lang='lat' dir='ltr'><strong>V.</strong></span> <span class='ocrx_word' id='word_1_302' title='bbox 826 3840 938 3924; x_wconf 70' lang='lat' dir='ltr'><strong>idus</strong></span> <span class='ocrx_word' id='word_1_303' title='bbox 966 3843 1140 3951; x_wconf 80' lang='lat' dir='ltr'><strong>Augusti</strong></span> <span class='ocrx_word' id='word_1_304' title='bbox 1169 3841 1431 3922; x_wconf 87' lang='lat' dir='ltr'><strong>Pontificatus</strong></span> <span class='ocrx_word' id='word_1_305' title='bbox 1459 3845 1588 3923; x_wconf 91' lang='lat' dir='ltr'><strong>nostri</strong></span> <span class='ocrx_word' id='word_1_306' title='bbox 1616 3849 1735 3923; x_wconf 84' lang='lat' dir='ltr'><strong>Anno</strong></span> <span class='ocrx_word' id='word_1_307' title='bbox 1756 3844 1908 3926; x_wconf 83' lang='lat' dir='ltr'><strong>Tertio.</strong></span> 
     </span>
     <span class='ocr_line' id='line_1_32' title="bbox 474 3949 1484 4050; baseline 0 -36"><span class='ocrx_word' id='word_1_308' title='bbox 474 4013 477 4028; x_wconf 76' lang='grc'>,</span> <span class='ocrx_word' id='word_1_309' title='bbox 509 4043 512 4050; x_wconf 67' lang='lat'><strong>,</strong></span> <span class='ocrx_word' id='word_1_310' title='bbox 557 3951 724 4035; x_wconf 82' lang='lat' dir='ltr'><strong>Blybullau</strong></span> <span class='ocrx_word' id='word_1_311' title='bbox 743 3959 779 4014; x_wconf 67' lang='lat' dir='ltr'><strong>tr</strong></span> <span class='ocrx_word' id='word_1_312' title='bbox 798 3951 958 4015; x_wconf 74' lang='lat' dir='ltr'><strong>vidhartod</strong></span> <span class='ocrx_word' id='word_1_313' title='bbox 979 3954 1100 4016; x_wconf 84' lang='lat' dir='ltr'><strong>brefvet</strong></span> <span class='ocrx_word' id='word_1_314' title='bbox 1121 3949 1192 4013; x_wconf 89' lang='lat' dir='ltr'><strong>med</strong></span> <span class='ocrx_word' id='word_1_315' title='bbox 1213 3950 1484 4049; x_wconf 78' lang='lat' dir='ltr'><strong>segelgarnssniire.</strong></span> 
     </span>
    </p>
   </div>
   <div class='ocr_carea' id='block_1_19' title="bbox 127 4109 1908 4266">
    <p class='ocr_par' dir='ltr' id='par_1_19' title="bbox 127 4051 1908 4266">
     <span class='ocr_line' id='line_1_33' title="bbox 127 4109 1908 4266; baseline -0.001 -43"><span class='ocrx_word' id='word_1_316' title='bbox 127 4115 262 4260; x_wconf 82' lang='lat'><strong><em>578.</em></strong></span> <span class='ocrx_word' id='word_1_317' title='bbox 353 4115 397 4224; x_wconf 73' lang='grc'><strong>,’</strong></span> <span class='ocrx_word' id='word_1_318' title='bbox 745 4109 895 4259; x_wconf 69' lang='grc'><strong>1274</strong></span> <span class='ocrx_word' id='word_1_319' title='bbox 944 4113 991 4220; x_wconf 90' lang='lat' dir='ltr'><strong>d.</strong></span> <span class='ocrx_word' id='word_1_320' title='bbox 1048 4115 1112 4220; x_wconf 88' lang='lat'><strong>16</strong></span> <span class='ocrx_word' id='word_1_321' title='bbox 1160 4118 1311 4266; x_wconf 62' lang='lat' dir='ltr'><strong>Aug,</strong></span> <span class='ocrx_word' id='word_1_322' title='bbox 1362 4143 1367 4154; x_wconf 83' lang='lat'>&#39;</span> <span class='ocrx_word' id='word_1_323' title='bbox 1642 4217 1644 4224; x_wconf 86' lang='grc'>,</span> <span class='ocrx_word' id='word_1_324' title='bbox 1739 4117 1908 4222; x_wconf 85' lang='lat' dir='ltr'><strong>Lund.</strong></span> 
     </span>
    </p>
   </div>
   <div class='ocr_carea' id='block_1_20' title="bbox 112 4277 2042 4388">
    <p class='ocr_par' dir='ltr' id='par_1_20' title="bbox 112 4277 2042 4388">
     <span class='ocr_line' id='line_1_34' title="bbox 112 4277 2042 4388; baseline -0.001 -22"><span class='ocrx_word' id='word_1_325' title='bbox 112 4357 120 4376; x_wconf 78' lang='lat'><strong>,</strong></span> <span class='ocrx_word' id='word_1_326' title='bbox 202 4301 348 4366; x_wconf 76' lang='lat' dir='ltr'><strong>Karikon</strong></span> <span class='ocrx_word' id='word_1_327' title='bbox 369 4304 517 4382; x_wconf 82' lang='lat' dir='ltr'><strong>Magister</strong></span> <span class='ocrx_word' id='word_1_328' title='bbox 537 4303 611 4364; x_wconf 79' lang='lat' dir='ltr'><strong>Nnc</strong></span> <span class='ocrx_word' id='word_1_329' title='bbox 631 4299 862 4367; x_wconf 75' lang='lat' dir='ltr'><strong>Taenarrssors</strong></span> <span class='ocrx_word' id='word_1_330' title='bbox 884 4302 1083 4365; x_wconf 84' lang='lat' dir='ltr'><strong>Testamente</strong></span> <span class='ocrx_word' id='word_1_331' title='bbox 1103 4301 1141 4362; x_wconf 81' lang='lat' dir='ltr'><strong>ef</strong></span> <span class='ocrx_word' id='word_1_332' title='bbox 1157 4297 1301 4386; x_wconf 84' lang='lat' dir='ltr'><strong>Sorstorp</strong></span> <span class='ocrx_word' id='word_1_333' title='bbox 1322 4298 1383 4364; x_wconf 88' lang='lat' dir='ltr'><strong>oeh</strong></span> <span class='ocrx_word' id='word_1_334' title='bbox 1408 4304 1580 4386; x_wconf 80' lang='lat' dir='ltr'><strong>penningcr</strong></span> <span class='ocrx_word' id='word_1_335' title='bbox 1610 4303 1658 4366; x_wconf 86' lang='lat' dir='ltr'><strong>till</strong></span> <span class='ocrx_word' id='word_1_336' title='bbox 1680 4303 1785 4366; x_wconf 88' lang='lat' dir='ltr'><strong>Lunds</strong></span> <span class='ocrx_word' id='word_1_337' title='bbox 1806 4306 1907 4386; x_wconf 77' lang='lat' dir='ltr'><strong>Doro·</strong></span> <span class='ocrx_word' id='word_1_338' title='bbox 2011 4277 2042 4388; x_wconf 25' lang='grc' dir='ltr'>Ἰ</span> 
     </span>
    </p>
   </div>
   <div class='ocr_carea' id='block_1_21' title="bbox 183 4384 703 4488">
    <p class='ocr_par' dir='ltr' id='par_1_21' title="bbox 183 4384 703 4488">
     <span class='ocr_line' id='line_1_35' title="bbox 183 4384 703 4488; baseline 0.004 -42"><span class='ocrx_word' id='word_1_339' title='bbox 183 4479 188 4488; x_wconf 36' lang='grc' dir='ltr'>Ι</span> <span class='ocrx_word' id='word_1_340' title='bbox 209 4453 211 4458; x_wconf 68' lang='lat'><strong>,</strong></span> <span class='ocrx_word' id='word_1_341' title='bbox 253 4384 437 4468; x_wconf 19' lang='lat' dir='ltr'><strong>kyrlayoch</strong></span> <span class='ocrx_word' id='word_1_342' title='bbox 457 4385 556 4446; x_wconf 80' lang='lat' dir='ltr'><strong>andra</strong></span> <span class='ocrx_word' id='word_1_343' title='bbox 577 4385 703 4470; x_wconf 77' lang='lat' dir='ltr'><strong>lyrkor.</strong></span> 
     </span>
    </p>
   </div>
   <div class='ocr_carea' id='block_1_22' title="bbox 1623 4461 1880 4521">
    <p class='ocr_par' dir='ltr' id='par_1_22' title="bbox 1623 4461 1880 4521">
     <span class='ocr_line' id='line_1_36' title="bbox 1623 4461 1880 4521; baseline 0 0"><span class='ocrx_word' id='word_1_344' title='bbox 1623 4461 1655 4521; x_wconf 83' lang='lat' dir='ltr'><strong>B.</strong></span> <span class='ocrx_word' id='word_1_345' title='bbox 1674 4481 1700 4520; x_wconf 86' lang='lat' dir='ltr'><strong>r:</strong></span> <span class='ocrx_word' id='word_1_346' title='bbox 1718 4469 1776 4521; x_wconf 71' lang='lat'><strong>223.</strong></span> <span class='ocrx_word' id='word_1_347' title='bbox 1878 4475 1880 4480; x_wconf 89' lang='grc'><strong>’</strong></span> 
     </span>
    </p>
   </div>
   <div class='ocr_carea' id='block_1_23' title="bbox 198 4567 1906 4793">
    <p class='ocr_par' dir='ltr' id='par_1_23' title="bbox 198 4567 1906 4793">
     <span class='ocr_line' id='line_1_37' title="bbox 198 4567 1906 4684; baseline 0.002 -33"><span class='ocrx_word' id='word_1_348' title='bbox 198 4597 201 4602; x_wconf 92' lang='grc'><em>·</em></span> <span class='ocrx_word' id='word_1_349' title='bbox 284 4567 575 4652; x_wconf 75' lang='lat' dir='ltr'><strong>Testamentum</strong></span> <span class='ocrx_word' id='word_1_350' title='bbox 602 4577 792 4679; x_wconf 77' lang='lat' dir='ltr'><strong>magistri</strong></span> <span class='ocrx_word' id='word_1_351' title='bbox 816 4575 962 4655; x_wconf 83' lang='lat' dir='ltr'><strong>nicolot&#39;</strong></span> <span class='ocrx_word' id='word_1_352' title='bbox 987 4571 1164 4658; x_wconf 78' lang='lat' dir='ltr'><strong>tltorlillt&#39;</strong></span> <span class='ocrx_word' id='word_1_353' title='bbox 1181 4601 1298 4684; x_wconf 81' lang='lat' dir='ltr'><strong>super</strong></span> <span class='ocrx_word' id='word_1_354' title='bbox 1324 4579 1598 4654; x_wconf 74' lang='lat' dir='ltr'><strong>anniuersario</strong></span> <span class='ocrx_word' id='word_1_355' title='bbox 1625 4599 1695 4653; x_wconf 86' lang='lat' dir='ltr'><strong>suo</strong></span> <span class='ocrx_word' id='word_1_356' title='bbox 1723 4577 1770 4654; x_wconf 84' lang='lat' dir='ltr'><strong>de</strong></span> <span class='ocrx_word' id='word_1_357' title='bbox 1798 4573 1906 4656; x_wconf 70' lang='lat' dir='ltr'><strong>bones</strong></span> 
     </span>
     <span class='ocr_line' id='line_1_38' title="bbox 317 4687 564 4793; baseline -0.008 -30"><span class='ocrx_word' id='word_1_358' title='bbox 317 4687 359 4763; x_wconf 83' lang='lat' dir='ltr'><strong>in</strong></span> <span class='ocrx_word' id='word_1_359' title='bbox 386 4701 564 4793; x_wconf 77' lang='lat' dir='ltr'><strong>saxtorp.</strong></span> 
     </span>
    </p>
   </div>
   <div class='ocr_carea' id='block_1_24' title="bbox 114 4820 1905 5162">
    <p class='ocr_par' dir='ltr' id='par_1_24' title="bbox 114 4820 1905 5162">
     <span class='ocr_line' id='line_1_39' title="bbox 286 4820 1905 4937; baseline 0.007 -35"><span class='ocrx_word' id='word_1_360' title='bbox 286 4823 336 4902; x_wconf 81' lang='lat' dir='ltr'><strong>in</strong></span> <span class='ocrx_word' id='word_1_361' title='bbox 364 4825 525 4913; x_wconf 84' lang='lat' dir='ltr'><strong>nomine</strong></span> <span class='ocrx_word' id='word_1_362' title='bbox 554 4820 680 4930; x_wconf 88' lang='lat' dir='ltr'><strong>patris</strong></span> <span class='ocrx_word' id='word_1_363' title='bbox 710 4831 749 4906; x_wconf 74' lang='lat'><strong>8&lt;</strong></span> <span class='ocrx_word' id='word_1_364' title='bbox 776 4820 848 4906; x_wconf 88' lang='lat' dir='ltr'><strong>filii</strong></span> <span class='ocrx_word' id='word_1_365' title='bbox 877 4843 918 4906; x_wconf 89' lang='lat' dir='ltr'><strong>et</strong></span> <span class='ocrx_word' id='word_1_366' title='bbox 945 4822 1109 4937; x_wconf 88' lang='lat' dir='ltr'><strong>spiritus</strong></span> <span class='ocrx_word' id='word_1_367' title='bbox 1138 4825 1264 4908; x_wconf 87' lang='lat' dir='ltr'><strong>sancti</strong></span> <span class='ocrx_word' id='word_1_368' title='bbox 1293 4855 1419 4908; x_wconf 86' lang='lat' dir='ltr'><strong>amen.</strong></span> <span class='ocrx_word' id='word_1_369' title='bbox 1450 4827 1558 4937; x_wconf 51' lang='grc' dir='ltr'><strong>ἸΕςς)</strong></span> <span class='ocrx_word' id='word_1_370' title='bbox 1585 4829 1765 4912; x_wconf 84' lang='lat' dir='ltr'><strong>nicolaus</strong></span> <span class='ocrx_word' id='word_1_371' title='bbox 1784 4821 1905 4912; x_wconf 79' lang='lat' dir='ltr'><strong>¹thor-</strong></span> 
     </span>
     <span class='ocr_line' id='line_1_40' title="bbox 114 4933 1904 5046; baseline -0.001 -22"><span class='ocrx_word' id='word_1_372' title='bbox 114 4936 208 5024; x_wconf 85' lang='lat' dir='ltr'><strong>killi</strong></span> <span class='ocrx_word' id='word_1_373' title='bbox 235 4933 367 5018; x_wconf 91' lang='lat' dir='ltr'><strong>dictus</strong></span> <span class='ocrx_word' id='word_1_374' title='bbox 396 4935 583 5044; x_wconf 82' lang='lat' dir='ltr'><strong>magister</strong></span> <span class='ocrx_word' id='word_1_375' title='bbox 611 4937 826 5042; x_wconf 79' lang='lat' dir='ltr'><strong>canonicus</strong></span> <span class='ocrx_word' id='word_1_376' title='bbox 854 4935 1071 5045; x_wconf 79' lang='lat' dir='ltr'><strong>lundensis.</strong></span> <span class='ocrx_word' id='word_1_377' title='bbox 1101 4966 1187 5019; x_wconf 87' lang='lat' dir='ltr'><strong>mee</strong></span> <span class='ocrx_word' id='word_1_378' title='bbox 1216 4965 1381 5046; x_wconf 87' lang='lat' dir='ltr'><strong>compos</strong></span> <span class='ocrx_word' id='word_1_379' title='bbox 1416 4941 1560 5020; x_wconf 89' lang='lat' dir='ltr'><strong>mentis</strong></span> <span class='ocrx_word' id='word_1_380' title='bbox 1593 4969 1639 5023; x_wconf 88' lang='lat' dir='ltr'><strong>ac</strong></span> <span class='ocrx_word' id='word_1_381' title='bbox 1667 4971 1786 5022; x_wconf 90' lang='lat' dir='ltr'><strong>sanus</strong></span> <span class='ocrx_word' id='word_1_382' title='bbox 1815 4971 1904 5024; x_wconf 93' lang='lat' dir='ltr'><strong>cor·</strong></span> 
     </span>
     <span class='ocr_line' id='line_1_41' title="bbox 114 5032 1904 5162; baseline 0.001 -29"><span class='ocrx_word' id='word_1_383' title='bbox 114 5077 243 5162; x_wconf 54' lang='lat' dir='ltr'><strong>pore„</strong></span> <span class='ocrx_word' id='word_1_384' title='bbox 262 5073 394 5142; x_wconf 79' lang='lat' dir='ltr'><strong>meum</strong></span> <span class='ocrx_word' id='word_1_385' title='bbox 421 5047 466 5150; x_wconf 86' lang='lat' dir='ltr'><strong>in</strong></span> <span class='ocrx_word' id='word_1_386' title='bbox 492 5043 603 5148; x_wconf 81' lang='lat' dir='ltr'><strong>hunc</strong></span> <span class='ocrx_word' id='word_1_387' title='bbox 632 5032 796 5128; x_wconf 87' lang='lat' dir='ltr'><strong>modum</strong></span> <span class='ocrx_word' id='word_1_388' title='bbox 822 5040 956 5128; x_wconf 86' lang='lat' dir='ltr'><strong>condo</strong></span> <span class='ocrx_word' id='word_1_389' title='bbox 984 5064 1266 5154; x_wconf 87' lang='lat' dir='ltr'><strong>testamentum</strong></span> <span class='ocrx_word' id='word_1_390' title='bbox 1295 5050 1350 5130; x_wconf 82' lang='lat' dir='ltr'><strong>ln</strong></span> <span class='ocrx_word' id='word_1_391' title='bbox 1377 5049 1526 5160; x_wconf 87' lang='lat' dir='ltr'><strong>primis.</strong></span> <span class='ocrx_word' id='word_1_392' title='bbox 1557 5049 1610 5139; x_wconf 79' lang='lat' dir='ltr'><strong>ad</strong></span> <span class='ocrx_word' id='word_1_393' title='bbox 1637 5070 1781 5162; x_wconf 86' lang='lat' dir='ltr'><strong>terram</strong></span> <span class='ocrx_word' id='word_1_394' title='bbox 1813 5082 1904 5155; x_wconf 80' lang='lat' dir='ltr'><strong>sap-</strong></span> 
     </span>
    </p>
   </div>
   <div class='ocr_carea' id='block_1_25' title="bbox 2081 979 2130 1040">
    <p class='ocr_par' dir='ltr' id='par_1_25' title="bbox 2081 979 2130 1040">
     <span class='ocr_line' id='line_1_42' title="bbox 2081 979 2130 1040; baseline 0 0"><span class='ocrx_word' id='word_1_395' title='bbox 2081 979 2130 1040; x_wconf 47' lang='grc' dir='ltr'><strong>,ι</strong></span> 
     </span>
    </p>
   </div>
   <div class='ocr_carea' id='block_1_26' title="bbox 0 0 2204 5958">
    <p class='ocr_par' dir='ltr' id='par_1_26' title="bbox 0 0 2204 5958">
     <span class='ocr_line' id='line_1_43' title="bbox 0 0 2204 5958; baseline 0 10"><span class='ocrx_word' id='word_1_396' title='bbox 0 0 2204 5958; x_wconf 95' lang='lat' dir='ltr'><strong> </strong></span> 
     </span>
    </p>
   </div>
  </div>
 </body>
</html>
