4362 5946
984 441 1399 524 ...34ης-

281 635 342 742 'in
364 657 519 739 ornatu
539 653 713 765 promidi
739 655 831 740 sitia
854 672 896 738 et
922 656 1067 768 uigiloe
1103 657 1360 760 suem,
1391 657 1637 744 turbationis
1678 687 1763 746 uon
1791 663 1940 748 modice
1963 675 2056 779 spiri·

264 809 266 812 ·
294 786 383 852 tum
408 783 675 869 annuentes,
698 769 733 852 si
760 765 812 850 de
841 767 961 890 uobis
986 770 1236 883 quandoque
1264 772 1512 856 contrarium
1539 769 1592 855 ad
1621 799 1695 855 nos
1720 774 1855 858 relatu
1882 785 2058 888 perueniat

292 879 531 1074 diffisum.
576 881 682 962 Sane
710 880 964 964 ammirantes
993 885 1233 994 accepimus,
1261 882 1375 996 quod
1403 912 1480 966 uos
1506 911 1589 965 non
1624 884 1778 998 absque
1806 886 1953 970 offensa
1966 897 2061 978 recti·
2149 951 2150 966 ,

292 1007 340 1072 Μ
476 1019 532 1102 ‘1¹¹

534 1021 558 1074 e
587 993 630 1072 in
658 993 804 1075 sentis
832 990 955 1094 debet
980 995 1139 1077 actibus
1164 995 1310 1077 haberi
1337 997 1529 1078 continue
1549 997 1754 1105 specialis,
1782 999 1928 1081 fratres
1950 1004 2062 1087 Prodi·

295 1117 452 1194 oatores
480 1108 521 1184 ἃ
550 1132 693 1185 eorum
721 1103 857 1186 ordini
887 1105 1101 1214 obligatos,
1130 1108 1364 1218 frequenter
1391 1106 1442 1190 ad
1471 1124 1650 1189 uestrum
1679 1110 1869 1220 recipitis,
1897 1113 2063 1197 unitatem

294 1215 465 1324 spiritus
491 1216 534 1301 in
564 1218 675 1326 pacis
702 1216 872 1298 uinculo
895 1245 979 1298 non
1007 1233 1225 1300 seruantes.
1254 1217 1406 1298 Verum
1434 1247 1527 1300 cum
1561 1246 1609 1300 ex
1649 1219 1727 1302 hoc
1769 1224 1937 1304 scissure
1962 1228 2065 1333 possit

277 1341 338 1408 et
365 1325 542 1408 unciali
577 1328 728 1409 exoriri
771 1330 954 1426 materia,
990 1357 1070 1440 que
1112 1330 1301 1410 solatium
1342 1331 1453 1438 pacis
1494 1346 1633 1411 eterrre
1670 1333 1932 1441 querentibus
1969 1333 2068 1419 debet

294 1436 540 1518 omnimodis
551 1439 722 1520 existere
740 1441 963 1548 peregrina.
993 1441 1255 1524 Vniuersitati
1270 1457 1403 1522 uestre
1418 1467 1492 1550 per
1520 1439 1743 1550 apostolica
1758 1445 1910 1554 scripta
1937 1445 1977 1526 in
2001 1448 2067 1528 uir·

295 1565 382 1630 tute
411 1547 643 1631 obedientie
672 1549 937 1659 precipiendo
966 1552 1222 1650 mandamus,
1251 1554 1444 1662 quatinus
1484 1567 1565 1634 tam
1593 1551 1736 1636 fratres
1762 1555 1940 1652 eosdem,
1967 1585 2068 1667 quan

294 1686 436 1742 emm
464 1659 599 1743 ordini
627 1679 730 1744 uoto
757 1662 824 1742 uel
853 1665 1079 1744 iuramento
1110 1665 1228 1746 etiam
1265 1663 1477 1771 obligatos,
1523 1662 1754 1746 nullatenus
1782 1663 1967 1749 decetero
1996 1695 2071 1776 pre·
2137 1718 2139 1728 ·

295 1787 411 1852 textu
439 1770 690 1881 indulgentie
718 1771 898 1870 alicuius,
927 1801 996 1854 seu
1025 1775 1252 1886 aliquarum
1281 1773 1505 1855 litterarum
1534 1775 1792 1856 obtentarum
1820 1805 1844 1857 a
1871 1775 1965 1858 sede
1990 1805 2071 1886 apo·

268 1883 435 1980 ‚stolica
463 1883 528 1962 uel
557 1886 676 1965 etiam
705 1881 1015 1965 obtinendarum
1053 1887 1334 1994 imposterum,
1364 1913 1445 1994 que
1487 1883 1537 1965 de
1577 1887 1833 1994 presentibus
1862 1915 2070 1996 expressam

296 2020 381 2073 non
410 1991 578 2076 fecerint
607 1997 865 2092 mentionem,
894 1995 970 2074 nisi
985 2000 1100 2102 prius
1128 1995 1278 2076 Prioris
1308 1997 1370 2075 sui
1399 1995 1527 2104 petita
1555 1995 1677 2077 fuerit
1705 2015 1747 2078 et
1774 1997 1941 2079 obtenta
1969 2000 2072 2080 licen·

296 2105 353 2184 tia
381 2105 561 2214 recipere
590 2107 840 2214 presumatis.
870 2104 1064 2215 Alioquin
1093 2105 1366 2187 decernentes
1383 2101 1543 2186 irritum
1573 2111 1613 2185 ssr
1641 2109 1773 2206 inane,
1801 2109 1998 2219 quicquid
2015 2137 2072 2217 per

296 2242 372 2295 uos
401 2218 443 2296 in
472 2215 548 2296 hac
578 2234 692 2325 parte
721 2231 862 2297 contra
894 2233 1130 2326 preceptum
1146 2234 1329 2298 nostrum
1359 2217 1575 2324 contigerit
1590 2222 1831 2327 attemptari,
1844 2222 2075 2328 presentium
2148 2217 2150 2248 ‘

296 2325 540 2406 aunarium
569 2328 793 2423 statuimus,
822 2343 869 2406 ut
882 2324 1117 2408 huiusmodl
1141 2340 1442 2436 presumpturos
1471 2328 1681 2408 incurrant
1713 2331 2074 2412 excommunicatio·

297 2440 359 2526 nis
386 2439 626 2520 sententiam
653 2439 742 2546 ipso
771 2436 892 2535 sacto,
921 2465 944 2516 a
980 2467 1061 2548 qua
1083 2520 1086 2526 ,
1106 2465 1365 2552 nequaquam
1403 2437 1567 2519 'absolui
1602 2439 1785 2538 ualeant,
1809 2444 1888 2536 nisi
1918 2469 1959 2523 se
1984 2435 2089 2550 apud·

299 2547 434 2630 sedem
462 2548 724 2659 apostolicam
752 2549 1020 2658 personaliter
1048 2566 1349 2658 representent,
1382 2548 1434 2629 ab
1463 2577 1510 2630 ea
1539 2551 1642 2632 sicut
1678 2551 1828 2634 iustum
1856 2551 1982 2634 fuerit
2019 2553 2075 2630 ab

65 2661 68 2674 '
186 2711 191 2732 ,
297 2657 495 2756 soluendi.
517 2660 636 2752 ‚Nulli
662 2687 760 2768 ergo
789 2665 863 2739 &c
892 2679 1029 2740 nostre
1058 2663 1359 2742 constitutionis
1378 2665 1460 2741 &e
1490 2661 1636 2741 Datum
1666 2661 1856 2745 Laterani
1893 2665 1984 2761 XII,
2010 2661 2074 2740 kal.

281 2769 407 2880 ‘Maij,
436 2771 696 2854 pontificatus
724 2768 852 2878 nostrj
881 2777 1000 2852 Anno
1028 2773 1175 2852 Primo.

775 2913 943 2999 Blybullan
963 2913 1080 2998 httnger
1102 2916 1113 2977 i
1134 2913 1211 2980 uida
1232 2911 1293 2978 ocb
1316 2913 1389 2995 gula
1410 2911 1615 2976 sillestrdder.

307 3284 438 3392 313.
639 3211 641 3220 v
932 3299 1082 3414 1244
1129 3282 1178 3388 d.
1227 3299 1299 3412 aq
1345 3281 1463 3387 Jun.
1590 3280 1757 3388 Civita
1800 3247 2081 3388 Castellana

383 3505 473 3576 utu.
501 3505 702 3570 mmmm
730 3504 802 3570 ths
831 3504 947 3570 fdrbud
968 3505 1018 3568 [δι’
1044 3504 1067 3567 S
1136 3525 1284 3568 muner
1305 3500 1367 3566 och
1388 3503 1550 3567 Brb'dem
1569 3502 1606 3564 af
1621 3501 1941 3582 predum-osaea,
1963 3510 2007 3562 att
2025 3495 2083 3560 med

435 3589 479 3670 sig
500 3589 609 3652 lb'rena
630 3588 823 3652 munieras
839 3589 1067 3652 Minoriter-Or
1090 3609 1143 3670 en,
1164 3599 1242 3650 utun
1263 3585 1368 3650 dertill
1390 3585 1528 3650 lemnedt
1548 3583 1685 3647 utuund
1706 3584 1744 3645 al
1761 3584 1862 3650 dessas
1881 3587 2028 3649 Fiirmen.

1768 3702 1804 3757 A.
1824 3701 1900 3788 ¹1⁸·
1921 3701 1965 3756 at.

467 3839 737 3920 Juuoeuumus
770 3840 983 3948 episcopus
1013 3866 1151 3920 seruus
1179 3864 1389 3918 seruorum
1411 3837 1477 3919 dei
1500 3835 1663 3918 Dilectis
1692 3833 1805 3942 filijs.
1822 3893 1831 3912 .
1847 3833 2041 3941 Magistro
2053 3843 2084 3906 et

184 4039 186 4044 ,
222 4026 230 4040 ,
303 3950 498 4032 fratribus
525 3949 576 4031 dc
606 3947 749 4030 ordine
777 3950 947 4030 fratrum
976 3949 1291 4029 Predicatorum.
1335 3947 1526 4043 Salutem,
1556 3963 1595 4025 et
1625 3946 1888 4055 apostolicam
1935 3933 2084 4023 benedi·

300 4065 487 4142 ctionem.
517 4061 767 4142 Meminimus
795 4060 913 4141 uobis
942 4060 1037 4138 olim
1067 4060 1109 4138 in
1138 4060 1290 4139 uirtute
1305 4057 1533 4139 obedientie
1563 4083 1635 4167 per
1651 4071 1809 4136 nostras
1836 4055 1994 4137 litteras
2008 4075 2085 4160 pre·

303 4175 449 4282 cipisse
468 4169 691 4252 utlratres
718 4175 893 4253 minores
920 4185 1128 4250 eteorum
1157 4168 1291 4250 ordini
1341 4185 1440 4250 uoto
1489 4167 1553 4247 uel
1583 4171 1810 4247 iuramento
1838 4166 1963 4246 etiam
1991 4159 2084 4245 obli·

304 4303 418 4400 gatos
446 4283 676 4391 nullatenus
705 4280 890 4365 decetero
905 4297 1090 4392 pretextu
1121 4279 1373 4389 indulgentie
1402 4276 1571 4359 alicuius
1600 4290 1682 4358 seu*
1699 4276 1932 4386 aliquarum
1949 4277 2085 4354 littera·

304 4381 685 4488 rummbteutarum
710 4421 735 4475 a
762 4393 856 4476 sede
884 4393 1105 4502 apostolica
1132 4393 1346 4474 ueletiam
1375 4383 1689 4472 obtinendarum
1717 4389 1760 4468 in
1786 4401 2004 4496 posterum
2020 4409 2088 4494 que

306 4507 357 4587 de
384 4506 462 4585 illis
490 4529 716 4613 expressam
750 4531 834 4583 non
864 4503 1043 4588 facerent
1071 4504 1326 4597 mentionem,
1357 4501 1640 4610 presumeretis
1669 4493 1847 4606 recipere
1875 4497 1959 4580 uisi
1988 4496 2087 4606 prius

296 4617 479 4696 ministri
507 4619 569 4698 sui
591 4618 717 4724 petita
736 4613 839 4695 loret
853 4613 1015 4695 licentia
1030 4631 1070 4694 et
1084 4612 1261 4693 obtenta.
1293 4612 1553 4691 Decreuimus
1568 4613 1686 4691 etiam
1701 4610 1863 4691 irritum
1890 4625 1936 4688 et
1968 4611 2087 4698 inane,
2147 4631 2150 4644 ·

306 4725 501 4838 quiequid
530 4755 605 4834 per
632 4753 706 4810 uos
734 4728 777 4807 in
805 4723 881 4806 hac
909 4741 1027 4832 parte
1053 4741 1194 4804 contra
1226 4737 1465 4830 preceptum
1491 4713 1676 4803 nostruin
1706 4721 1928 4830 contigerit
1957 4734 2088 4799 attem-

307 4837 423 4949 ptari,
452 4851 673 4918 statuentes
702 4831 752 4920 ut
774 4833 1008 4946 huiusmodi
1021 4847 1324 4942 presumptores
1345 4833 1552 4912 incurrent
1567 4831 2001 4914 excommunicationis
2013 4853 2090 4907 scn-

218 4981 220 4998 =
307 4948 473 5051 tentiam
503 4947 592 5054 ipso
620 4948 751 5048 facto,
776 4977 800 5030 a
828 4943 922 5058 qua*
946 4971 1202 5056 nequaquam
1248 4942 1406 5025 absolui
1434 4959 1611 5052 possent,
1645 4944 1722 5023 nisi
1750 4970 1792 5023 se
1820 4942 1935 5052 apud
1966 4938 2091 5024 sedem

307 5059 564 5170 apostolicam
608 5056 660 5136 ab
702 5087 748 5138 ea
797 5059 900 5139 sicut
942 5059 1073 5138 uisum
1100 5053 1226 5168 ¹soret
1274 5053 1510 5137 absoluendi
1565 5049 1831 5162 personaliter
1885 5065 2089 5162 presenta-

761 5361 787 5408 Q

2148 1403 2150 1534 l
