<?xml version="1.0" encoding="UTF-8"?>
<!DOCTYPE html PUBLIC "-//W3C//DTD XHTML 1.0 Transitional//EN"
    "http://www.w3.org/TR/xhtml1/DTD/xhtml1-transitional.dtd">
<html xmlns="http://www.w3.org/1999/xhtml" xml:lang="en" lang="en">
 <head>
  <title>
</title>
<meta http-equiv="Content-Type" content="text/html;charset=utf-8" />
  <meta name='ocr-system' content='tesseract 3.04.00' />
  <meta name='ocr-capabilities' content='ocr_page ocr_carea ocr_par ocr_line ocrx_word'/>
</head>
<body>
  <div class='ocr_page' id='page_1' title='image "./svensktdiplomat00swegoog_0495.png"; bbox 0 0 4404 5960; ppageno 0'>
   <div class='ocr_carea' id='block_1_1' title="bbox 696 393 1237 550">
    <p class='ocr_par' dir='ltr' id='par_1_1' title="bbox 696 393 1237 550">
     <span class='ocr_line' id='line_1_1' title="bbox 696 393 1237 550; baseline 0.018 -15"><span class='ocrx_word' id='word_1_1' title='bbox 696 407 881 520; x_wconf 77' lang='lat'>·-&#39;··</span> <span class='ocrx_word' id='word_1_2' title='bbox 989 443 1070 550; x_wconf 75' lang='lat' dir='ltr'>ttt</span> <span class='ocrx_word' id='word_1_3' title='bbox 1151 393 1237 520; x_wconf 74' lang='lat'>-.&#39;.</span> 
     </span>
    </p>
   </div>
   <div class='ocr_carea' id='block_1_2' title="bbox 12 662 2120 1660">
    <p class='ocr_par' dir='ltr' id='par_1_2' title="bbox 12 662 2120 1660">
     <span class='ocr_line' id='line_1_2' title="bbox 12 662 1927 775; baseline 0.001 -26"><span class='ocrx_word' id='word_1_4' title='bbox 12 761 18 772; x_wconf 91' lang='lat'>.</span> <span class='ocrx_word' id='word_1_5' title='bbox 141 667 317 750; x_wconf 80' lang='lat' dir='ltr'>salensis.</span> <span class='ocrx_word' id='word_1_6' title='bbox 345 664 655 750; x_wconf 84' lang='lat' dir='ltr'>Considerantcs</span> <span class='ocrx_word' id='word_1_7' title='bbox 681 664 806 775; x_wconf 77' lang='lat' dir='ltr'>igitur</span> <span class='ocrx_word' id='word_1_8' title='bbox 831 662 981 746; x_wconf 78' lang='lat' dir='ltr'>dictam</span> <span class='ocrx_word' id='word_1_9' title='bbox 996 663 1214 748; x_wconf 81' lang='lat' dir='ltr'>ecclesiam</span> <span class='ocrx_word' id='word_1_10' title='bbox 1241 665 1412 775; x_wconf 74' lang='lat' dir='ltr'>propter</span> <span class='ocrx_word' id='word_1_11' title='bbox 1437 663 1547 746; x_wconf 89' lang='lat' dir='ltr'>situs&#39;</span> <span class='ocrx_word' id='word_1_12' title='bbox 1564 665 1627 750; x_wconf 86' lang='lat' dir='ltr'>sul</span> <span class='ocrx_word' id='word_1_13' title='bbox 1654 664 1927 774; x_wconf 81' lang='lat' dir='ltr'>inportunita-</span> 
     </span>
     <span class='ocr_line' id='line_1_3' title="bbox 144 772 1929 888; baseline 0.001 -28"><span class='ocrx_word' id='word_1_14' title='bbox 144 793 223 860; x_wconf 79' lang='lat' dir='ltr'>tem</span> <span class='ocrx_word' id='word_1_15' title='bbox 250 791 358 856; x_wconf 89' lang='lat' dir='ltr'>stare</span> <span class='ocrx_word' id='word_1_16' title='bbox 385 779 503 885; x_wconf 88' lang='lat' dir='ltr'>quasi</span> <span class='ocrx_word' id='word_1_17' title='bbox 528 772 746 858; x_wconf 72' lang='lat' dir='ltr'>solitariam</span> <span class='ocrx_word' id='word_1_18' title='bbox 777 781 817 857; x_wconf 97' lang='grc'>8(</span> <span class='ocrx_word' id='word_1_19' title='bbox 843 773 1074 872; x_wconf 78' lang='lat' dir='ltr'><strong>desolatam.</strong></span> <span class='ocrx_word' id='word_1_20' title='bbox 1103 802 1151 856; x_wconf 90' lang='lat' dir='ltr'>ac</span> <span class='ocrx_word' id='word_1_21' title='bbox 1178 792 1364 886; x_wconf 57' lang='lat' dir='ltr'>propterv</span> <span class='ocrx_word' id='word_1_22' title='bbox 1379 773 1573 858; x_wconf 74' lang='lat' dir='ltr'><strong>fabricam</strong></span> <span class='ocrx_word' id='word_1_23' title='bbox 1600 778 1766 860; x_wconf 88' lang='lat' dir='ltr'>wetusti</span> <span class='ocrx_word' id='word_1_24' title='bbox 1792 781 1929 888; x_wconf 83' lang='lat' dir='ltr'>operis</span> 
     </span>
     <span class='ocr_line' id='line_1_4' title="bbox 140 883 1928 994; baseline 0.004 -26"><span class='ocrx_word' id='word_1_25' title='bbox 140 893 187 968; x_wconf 86' lang='lat'>&amp;</span> <span class='ocrx_word' id='word_1_26' title='bbox 206 885 384 968; x_wconf 85' lang='lat' dir='ltr'>incendii</span> <span class='ocrx_word' id='word_1_27' title='bbox 412 890 526 970; x_wconf 90' lang='lat' dir='ltr'>ruine</span> <span class='ocrx_word' id='word_1_28' title='bbox 562 889 641 968; x_wconf 90' lang='lat' dir='ltr'>iam</span> <span class='ocrx_word' id='word_1_29' title='bbox 669 887 894 994; x_wconf 80' lang='lat' dir='ltr'>proximam</span> <span class='ocrx_word' id='word_1_30' title='bbox 921 886 1048 993; x_wconf 84' lang='lat' dir='ltr'><strong>ipsam</strong></span> <span class='ocrx_word' id='word_1_31' title='bbox 1076 883 1128 966; x_wconf 89' lang='lat' dir='ltr'>de</span> <span class='ocrx_word' id='word_1_32' title='bbox 1159 883 1434 992; x_wconf 88' lang='lat' dir='ltr'>predictorum</span> <span class='ocrx_word' id='word_1_33' title='bbox 1476 888 1657 968; x_wconf 88' lang='lat' dir='ltr'>omnium</span> <span class='ocrx_word' id='word_1_34' title='bbox 1689 888 1860 974; x_wconf 86' lang='lat' dir='ltr'>oonsilio</span> <span class='ocrx_word' id='word_1_35' title='bbox 1887 897 1928 976; x_wconf 80' lang='grc'>8(</span> 
     </span>
     <span class='ocr_line' id='line_1_5' title="bbox 138 993 1979 1109; baseline -0.002 -29"><span class='ocrx_word' id='word_1_36' title='bbox 138 1023 337 1080; x_wconf 84' lang='lat' dir='ltr'>consensu</span> <span class='ocrx_word' id='word_1_37' title='bbox 365 997 420 1078; x_wconf 93' lang='lat' dir='ltr'>ob</span> <span class='ocrx_word' id='word_1_38' title='bbox 448 998 720 1104; x_wconf 86' lang='lat' dir='ltr'>reuerenciam</span> <span class='ocrx_word' id='word_1_39' title='bbox 746 993 812 1076; x_wconf 88' lang='lat' dir='ltr'>dei</span> <span class='ocrx_word' id='word_1_40' title='bbox 840 1000 881 1076; x_wconf 91' lang='grc'>8(</span> <span class='ocrx_word' id='word_1_41' title='bbox 908 996 1017 1076; x_wconf 89' lang='lat' dir='ltr'>beati</span> <span class='ocrx_word' id='word_1_42' title='bbox 1045 994 1242 1104; x_wconf 88' lang='lat' dir='ltr'>laurencij</span> <span class='ocrx_word' id='word_1_43' title='bbox 1269 1001 1309 1080; x_wconf 91' lang='grc'>8(</span> <span class='ocrx_word' id='word_1_44' title='bbox 1336 996 1445 1080; x_wconf 89' lang='lat' dir='ltr'>beati</span> <span class='ocrx_word' id='word_1_45' title='bbox 1484 998 1594 1080; x_wconf 90' lang='lat' dir='ltr'>Erici</span> <span class='ocrx_word' id='word_1_46' title='bbox 1620 1001 1726 1109; x_wconf 79' lang='lat' dir='ltr'>regis</span> <span class='ocrx_word' id='word_1_47' title='bbox 1753 1005 1795 1080; x_wconf 93' lang='grc'>8(</span> <span class='ocrx_word' id='word_1_48' title='bbox 1820 999 1927 1086; x_wconf 77' lang='lat' dir='ltr'>Mar-¹</span> <span class='ocrx_word' id='word_1_49' title='bbox 1976 1070 1979 1076; x_wconf 84' lang='lat'>.</span> 
     </span>
     <span class='ocr_line' id='line_1_6' title="bbox 138 1103 1928 1216; baseline 0.004 -29"><span class='ocrx_word' id='word_1_50' title='bbox 138 1109 228 1187; x_wconf 90' lang='lat' dir='ltr'>tiris</span> <span class='ocrx_word' id='word_1_51' title='bbox 257 1111 527 1216; x_wconf 77' lang='lat' dir='ltr'>progenitoris</span> <span class='ocrx_word' id='word_1_52' title='bbox 554 1105 683 1190; x_wconf 87' lang='lat' dir='ltr'>nostri</span> <span class='ocrx_word' id='word_1_53' title='bbox 711 1112 752 1186; x_wconf 87' lang='grc'>8(</span> <span class='ocrx_word' id='word_1_54' title='bbox 786 1104 841 1188; x_wconf 89' lang='lat' dir='ltr'>ob</span> <span class='ocrx_word' id='word_1_55' title='bbox 884 1103 1106 1186; x_wconf 87' lang='lat' dir='ltr'>remedium</span> <span class='ocrx_word' id='word_1_56' title='bbox 1147 1107 1294 1189; x_wconf 87' lang='lat' dir='ltr'>salutis</span> <span class='ocrx_word' id='word_1_57' title='bbox 1327 1108 1460 1188; x_wconf 89' lang='lat' dir='ltr'>anime</span> <span class='ocrx_word' id='word_1_58' title='bbox 1507 1121 1646 1192; x_wconf 85' lang='lat' dir='ltr'>nostre</span> <span class='ocrx_word' id='word_1_59' title='bbox 1686 1111 1740 1192; x_wconf 88' lang='lat' dir='ltr'>ad</span> <span class='ocrx_word' id='word_1_60' title='bbox 1774 1112 1928 1194; x_wconf 83' lang='lat' dir='ltr'>Locmn</span> 
     </span>
     <span class='ocr_line' id='line_1_7' title="bbox 139 1217 1986 1326; baseline 0.002 -28"><span class='ocrx_word' id='word_1_61' title='bbox 139 1217 368 1326; x_wconf 87' lang='lat' dir='ltr'>apciorem‚·</span> <span class='ocrx_word' id='word_1_62' title='bbox 391 1235 552 1301; x_wconf 87' lang='lat' dir='ltr'>retento</span> <span class='ocrx_word' id='word_1_63' title='bbox 580 1221 657 1301; x_wconf 90' lang='lat' dir='ltr'>sibi</span> <span class='ocrx_word' id='word_1_64' title='bbox 684 1217 822 1296; x_wconf 88' lang='lat' dir='ltr'>antico</span> <span class='ocrx_word' id='word_1_65' title='bbox 854 1217 1017 1316; x_wconf 86' lang='lat' dir='ltr'>nomine</span> <span class='ocrx_word' id='word_1_66' title='bbox 1049 1221 1090 1296; x_wconf 89' lang='grc'>8(</span> <span class='ocrx_word' id='word_1_67' title='bbox 1117 1217 1273 1298; x_wconf 90' lang='lat' dir='ltr'>iuribus</span> <span class='ocrx_word' id='word_1_68' title='bbox 1286 1217 1475 1298; x_wconf 89' lang='lat' dir='ltr'>omnibus</span> <span class='ocrx_word' id='word_1_69' title='bbox 1489 1218 1740 1302; x_wconf 86' lang='lat' dir='ltr'>decreuimus</span> <span class='ocrx_word' id='word_1_70' title='bbox 1754 1221 1927 1303; x_wconf 83' lang='lat' dir='ltr'>transfe-</span> <span class='ocrx_word' id='word_1_71' title='bbox 1961 1249 1986 1310; x_wconf 58' lang='lat'><em>5</em></span> 
     </span>
     <span class='ocr_line' id='line_1_8' title="bbox 139 1324 2120 1437; baseline 0.005 -31"><span class='ocrx_word' id='word_1_72' title='bbox 139 1327 321 1410; x_wconf 89' lang='lat' dir='ltr'>rendam.</span> <span class='ocrx_word' id='word_1_73' title='bbox 364 1333 508 1410; x_wconf 87' lang='lat' dir='ltr'>Actum</span> <span class='ocrx_word' id='word_1_74' title='bbox 551 1327 661 1437; x_wconf 91' lang='lat' dir='ltr'>apud</span> <span class='ocrx_word' id='word_1_75' title='bbox 703 1325 983 1435; x_wconf 89' lang='lat' dir='ltr'>sudercopiam</span> <span class='ocrx_word' id='word_1_76' title='bbox 1024 1332 1147 1408; x_wconf 90' lang='lat' dir='ltr'>Anno</span> <span class='ocrx_word' id='word_1_77' title='bbox 1184 1324 1347 1409; x_wconf 84' lang='lat' dir='ltr'>domini.</span> <span class='ocrx_word' id='word_1_78' title='bbox 1374 1327 1696 1413; x_wconf 79' lang='lat' dir='ltr'>M0.cc0.Lxx⁰.</span> <span class='ocrx_word' id='word_1_79' title='bbox 1725 1329 1791 1412; x_wconf 91' lang='lat' dir='ltr'>die</span> <span class='ocrx_word' id='word_1_80' title='bbox 1818 1329 1927 1415; x_wconf 89' lang='lat' dir='ltr'>beati</span> <span class='ocrx_word' id='word_1_81' title='bbox 2011 1368 2032 1436; x_wconf 59' lang='lat' dir='ltr'><em>f</em></span> <span class='ocrx_word' id='word_1_82' title='bbox 2109 1343 2120 1362; x_wconf 84' lang='lat'><strong><em>‘</em></strong></span> 
     </span>
     <span class='ocr_line' id='line_1_9' title="bbox 140 1436 1953 1546; baseline 0.004 -30"><span class='ocrx_word' id='word_1_83' title='bbox 140 1437 341 1544; x_wconf 85' lang='lat' dir='ltr'>Mauricij.</span> <span class='ocrx_word' id='word_1_84' title='bbox 376 1441 427 1520; x_wconf 90' lang='lat' dir='ltr'>Jn</span> <span class='ocrx_word' id='word_1_85' title='bbox 454 1441 569 1546; x_wconf 78' lang='lat' dir='ltr'>cnips</span> <span class='ocrx_word' id='word_1_86' title='bbox 596 1439 655 1518; x_wconf 90' lang='lat' dir='ltr'>rei</span> <span class='ocrx_word' id='word_1_87' title='bbox 682 1437 956 1528; x_wconf 89' lang='lat' dir='ltr'>testimonium</span> <span class='ocrx_word' id='word_1_88' title='bbox 985 1437 1164 1545; x_wconf 89' lang='lat' dir='ltr'>presenti</span> <span class='ocrx_word' id='word_1_89' title='bbox 1192 1436 1326 1519; x_wconf 82' lang='lat' dir='ltr'>littere</span> <span class='ocrx_word' id='word_1_90' title='bbox 1351 1437 1527 1543; x_wconf 84' lang='lat' dir='ltr'>sigillum</span> <span class='ocrx_word' id='word_1_91' title='bbox 1541 1455 1726 1522; x_wconf 91' lang='lat' dir='ltr'>nostrum</span> <span class='ocrx_word' id='word_1_92' title='bbox 1740 1447 1953 1533; x_wconf 61' lang='lat' dir='ltr'>meum„</span> 
     </span>
     <span class='ocr_line' id='line_1_10' title="bbox 139 1546 1766 1660; baseline 0.002 -31"><span class='ocrx_word' id='word_1_93' title='bbox 139 1547 289 1660; x_wconf 84' lang='lat' dir='ltr'>sigillis</span> <span class='ocrx_word' id='word_1_94' title='bbox 310 1548 558 1658; x_wconf 85' lang='lat' dir='ltr'>prelatorum</span> <span class='ocrx_word' id='word_1_95' title='bbox 586 1554 627 1627; x_wconf 81' lang='grc'>8(</span> <span class='ocrx_word' id='word_1_96' title='bbox 654 1548 886 1657; x_wconf 83' lang='lat' dir='ltr'>principum</span> <span class='ocrx_word' id='word_1_97' title='bbox 913 1549 1029 1654; x_wconf 83' lang='lat' dir='ltr'>regni</span> <span class='ocrx_word' id='word_1_98' title='bbox 1057 1546 1227 1631; x_wconf 86' lang='lat' dir='ltr'>swethie</span> <span class='ocrx_word' id='word_1_99' title='bbox 1254 1546 1443 1629; x_wconf 85' lang='lat' dir='ltr'>duximus</span> <span class='ocrx_word' id='word_1_100' title='bbox 1469 1549 1766 1657; x_wconf 90' lang='lat' dir='ltr'>apponendum.</span> 
     </span>
    </p>
   </div>
   <div class='ocr_carea' id='block_1_3' title="bbox 451 1676 1836 1774">
    <p class='ocr_par' dir='ltr' id='par_1_3' title="bbox 451 1676 1836 1774">
     <span class='ocr_line' id='line_1_11' title="bbox 451 1676 1836 1774; baseline -0.003 -24"><span class='ocrx_word' id='word_1_101' title='bbox 451 1684 600 1774; x_wconf 71' lang='lat' dir='ltr'>sigillent</span> <span class='ocrx_word' id='word_1_102' title='bbox 621 1687 683 1750; x_wconf 73' lang='lat' dir='ltr'>lito</span> <span class='ocrx_word' id='word_1_103' title='bbox 706 1707 734 1764; x_wconf 80' lang='lat' dir='ltr'>a,</span> <span class='ocrx_word' id='word_1_104' title='bbox 754 1683 786 1765; x_wconf 85' lang='lat'>5,</span> <span class='ocrx_word' id='word_1_105' title='bbox 805 1683 923 1766; x_wconf 74' lang='lat'>8-123</span> <span class='ocrx_word' id='word_1_106' title='bbox 939 1683 1119 1764; x_wconf 61' lang='lat' dir='ltr'>bestialium</span> <span class='ocrx_word' id='word_1_107' title='bbox 1139 1687 1201 1750; x_wconf 80' lang='lat' dir='ltr'>Nto</span> <span class='ocrx_word' id='word_1_108' title='bbox 1221 1704 1253 1767; x_wconf 82' lang='lat' dir='ltr'>a,</span> <span class='ocrx_word' id='word_1_109' title='bbox 1272 1685 1303 1766; x_wconf 82' lang='lat'>3,</span> <span class='ocrx_word' id='word_1_110' title='bbox 1323 1685 1354 1768; x_wconf 74' lang='grc'>4,</span> <span class='ocrx_word' id='word_1_111' title='bbox 1374 1685 1406 1766; x_wconf 87' lang='lat'>6,</span> <span class='ocrx_word' id='word_1_112' title='bbox 1427 1707 1458 1772; x_wconf 80' lang='lat'>7,</span> <span class='ocrx_word' id='word_1_113' title='bbox 1477 1685 1624 1754; x_wconf 80' lang='lat' dir='ltr'>skadade.</span> <span class='ocrx_word' id='word_1_114' title='bbox 1706 1691 1720 1730; x_wconf 62' lang='grc' dir='ltr'>ἓ</span> <span class='ocrx_word' id='word_1_115' title='bbox 1764 1679 1768 1690; x_wconf 83' lang='grc'><strong>’</strong></span> <span class='ocrx_word' id='word_1_116' title='bbox 1833 1676 1836 1684; x_wconf 77' lang='grc'><strong>’</strong></span> 
     </span>
    </p>
   </div>
   <div class='ocr_carea' id='block_1_4' title="bbox 41 1965 1307 2190">
    <p class='ocr_par' dir='ltr' id='par_1_4' title="bbox 41 1965 1307 2190">
     <span class='ocr_line' id='line_1_12' title="bbox 41 1965 1307 2190; baseline -0.004 -40"><span class='ocrx_word' id='word_1_117' title='bbox 41 1965 54 2108; x_wconf 28' lang='lat' dir='ltr'>l</span> <span class='ocrx_word' id='word_1_118' title='bbox 141 2045 281 2188; x_wconf 69' lang='lat'>547.</span> <span class='ocrx_word' id='word_1_119' title='bbox 774 2074 924 2183; x_wconf 80' lang='lat'><em>1270</em></span> <span class='ocrx_word' id='word_1_120' title='bbox 967 2039 1018 2190; x_wconf 76' lang='lat' dir='ltr'>sl.</span> <span class='ocrx_word' id='word_1_121' title='bbox 1071 2055 1138 2169; x_wconf 66' lang='lat'>14</span> <span class='ocrx_word' id='word_1_122' title='bbox 1185 2013 1307 2146; x_wconf 74' lang='lat' dir='ltr'>Dec.</span> 
     </span>
    </p>
   </div>
   <div class='ocr_carea' id='block_1_5' title="bbox 127 2195 2056 2526">
    <p class='ocr_par' dir='ltr' id='par_1_5' title="bbox 127 2195 2056 2526">
     <span class='ocr_line' id='line_1_13' title="bbox 127 2195 2056 2350; baseline 0.006 -34"><span class='ocrx_word' id='word_1_123' title='bbox 127 2307 133 2316; x_wconf 88' lang='lat'><em>.</em></span> <span class='ocrx_word' id='word_1_124' title='bbox 162 2245 163 2250; x_wconf 31' lang='lat'>¹</span> <span class='ocrx_word' id='word_1_125' title='bbox 221 2259 358 2342; x_wconf 75' lang='lat' dir='ltr'>Kowng</span> <span class='ocrx_word' id='word_1_126' title='bbox 381 2261 583 2325; x_wconf 65' lang='lat' dir='ltr'>wisuram</span> <span class='ocrx_word' id='word_1_127' title='bbox 601 2241 781 2340; x_wconf 56' lang='lat' dir='ltr'>hamtuna</span> <span class='ocrx_word' id='word_1_128' title='bbox 802 2257 851 2320; x_wconf 90' lang='lat' dir='ltr'>till</span> <span class='ocrx_word' id='word_1_129' title='bbox 881 2257 1080 2350; x_wconf 67' lang='lat' dir='ltr'>invanarnej</span> <span class='ocrx_word' id='word_1_130' title='bbox 1100 2256 1195 2324; x_wconf 74' lang='lat' dir='ltr'>esua</span> <span class='ocrx_word' id='word_1_131' title='bbox 1222 2270 1271 2322; x_wconf 85' lang='lat' dir='ltr'>att</span> <span class='ocrx_word' id='word_1_132' title='bbox 1299 2260 1392 2322; x_wconf 86' lang='lat' dir='ltr'>innan</span> <span class='ocrx_word' id='word_1_133' title='bbox 1423 2257 1454 2322; x_wconf 84' lang='lat' dir='ltr'>ll</span> <span class='ocrx_word' id='word_1_134' title='bbox 1497 2256 1666 2326; x_wconf 66' lang='lat' dir='ltr'>delusos</span> <span class='ocrx_word' id='word_1_135' title='bbox 1696 2205 1804 2345; x_wconf 68' lang='lat' dir='ltr'>asnje</span> <span class='ocrx_word' id='word_1_136' title='bbox 1825 2260 1861 2325; x_wconf 75' lang='grc' dir='ltr'>Ι(</span> <span class='ocrx_word' id='word_1_137' title='bbox 1881 2195 1928 2344; x_wconf 76' lang='lat' dir='ltr'>till</span> <span class='ocrx_word' id='word_1_138' title='bbox 2053 2285 2056 2301; x_wconf 88' lang='lat'>·</span> 
     </span>
     <span class='ocr_line' id='line_1_14' title="bbox 273 2337 1884 2426; baseline -0.005 -22"><span class='ocrx_word' id='word_1_139' title='bbox 273 2344 340 2404; x_wconf 84' lang='lat' dir='ltr'>sina</span> <span class='ocrx_word' id='word_1_140' title='bbox 361 2341 603 2423; x_wconf 72' lang='lat' dir='ltr'>Soolnelyrkor</span> <span class='ocrx_word' id='word_1_141' title='bbox 621 2337 775 2401; x_wconf 77' lang='lat' dir='ltr'>lramlibu</span> <span class='ocrx_word' id='word_1_142' title='bbox 794 2338 856 2402; x_wconf 89' lang='lat' dir='ltr'>den</span> <span class='ocrx_word' id='word_1_143' title='bbox 875 2339 925 2402; x_wconf 89' lang='lat' dir='ltr'>till</span> <span class='ocrx_word' id='word_1_144' title='bbox 945 2341 973 2402; x_wconf 88' lang='lat' dir='ltr'>N</span> <span class='ocrx_word' id='word_1_145' title='bbox 973 2341 1067 2424; x_wconf 73' lang='lat' dir='ltr'>ydola</span> <span class='ocrx_word' id='word_1_146' title='bbox 1087 2341 1203 2406; x_wconf 81' lang='lat' dir='ltr'>kloster</span> <span class='ocrx_word' id='word_1_147' title='bbox 1221 2341 1355 2406; x_wconf 79' lang='lat' dir='ltr'>l&#39;orlanta</span> <span class='ocrx_word' id='word_1_148' title='bbox 1374 2343 1439 2404; x_wconf 87' lang='lat' dir='ltr'>tion</span> <span class='ocrx_word' id='word_1_149' title='bbox 1461 2363 1508 2403; x_wconf 89' lang='lat' dir='ltr'>en.</span> <span class='ocrx_word' id='word_1_150' title='bbox 1788 2418 1791 2426; x_wconf 29' lang='grc'>1</span> <span class='ocrx_word' id='word_1_151' title='bbox 1881 2388 1884 2396; x_wconf 96' lang='grc'>.</span> 
     </span>
     <span class='ocr_line' id='line_1_15' title="bbox 726 2441 1885 2526; baseline -0.003 -13"><span class='ocrx_word' id='word_1_152' title='bbox 726 2469 730 2479; x_wconf 89' lang='grc'><strong><em>·</em></strong></span> <span class='ocrx_word' id='word_1_153' title='bbox 1329 2463 1332 2470; x_wconf 90' lang='grc'><strong><em>·</em></strong></span> <span class='ocrx_word' id='word_1_154' title='bbox 1541 2441 1795 2526; x_wconf 56' lang='lat' dir='ltr'>-mtmnss</span> <span class='ocrx_word' id='word_1_155' title='bbox 1863 2446 1885 2524; x_wconf 60' lang='lat' dir='ltr'>j</span> 
     </span>
    </p>
   </div>
   <div class='ocr_carea' id='block_1_6' title="bbox 23 2588 2045 3771">
    <p class='ocr_par' dir='ltr' id='par_1_6' title="bbox 23 2588 2045 3771">
     <span class='ocr_line' id='line_1_16' title="bbox 307 2588 1928 2699; baseline 0.001 -27"><span class='ocrx_word' id='word_1_156' title='bbox 307 2591 379 2672; x_wconf 91' lang='lat' dir='ltr'>W.</span> <span class='ocrx_word' id='word_1_157' title='bbox 412 2590 489 2675; x_wconf 88' lang='lat' dir='ltr'>Dei</span> <span class='ocrx_word' id='word_1_158' title='bbox 521 2591 654 2699; x_wconf 78' lang='lat' dir='ltr'>gracia</span> <span class='ocrx_word' id='word_1_159' title='bbox 682 2589 768 2671; x_wconf 82' lang='lat' dir='ltr'>Rex</span> <span class='ocrx_word' id='word_1_160' title='bbox 796 2589 1019 2672; x_wconf 86' lang='lat' dir='ltr'>Sweorum.</span> <span class='ocrx_word' id='word_1_161' title='bbox 1053 2588 1416 2681; x_wconf 69' lang='lat' dir='ltr'>Omnibustbstbo</span> <span class='ocrx_word' id='word_1_162' title='bbox 1443 2589 1928 2696; x_wconf 82' lang='lat' dir='ltr'>habitantibus‚.graciam</span> 
     </span>
     <span class='ocr_line' id='line_1_17' title="bbox 97 2697 1929 2808; baseline 0.004 -30"><span class='ocrx_word' id='word_1_163' title='bbox 97 2727 236 2784; x_wconf 85' lang='lat' dir='ltr'>.cum</span> <span class='ocrx_word' id='word_1_164' title='bbox 266 2700 418 2781; x_wconf 89' lang='lat' dir='ltr'>Salute.</span> <span class='ocrx_word' id='word_1_165' title='bbox 459 2703 565 2804; x_wconf 84' lang='lat' dir='ltr'>Quia</span> <span class='ocrx_word' id='word_1_166' title='bbox 592 2701 771 2784; x_wconf 89' lang='lat' dir='ltr'>decimas</span> <span class='ocrx_word' id='word_1_167' title='bbox 797 2697 965 2781; x_wconf 87' lang='lat' dir='ltr'>donatas</span> <span class='ocrx_word' id='word_1_168' title='bbox 1006 2699 1217 2808; x_wconf 81' lang='lat' dir='ltr'>Religiosis</span> <span class='ocrx_word' id='word_1_169' title='bbox 1243 2702 1341 2782; x_wconf 83' lang='lat' dir='ltr'>viris</span> <span class='ocrx_word' id='word_1_170' title='bbox 1375 2701 1581 2782; x_wconf 86' lang='lat' dir='ltr'>Monachis</span> <span class='ocrx_word' id='word_1_171' title='bbox 1609 2698 1660 2781; x_wconf 92' lang='lat' dir='ltr'>de</span> <span class='ocrx_word' id='word_1_172' title='bbox 1687 2699 1929 2796; x_wconf 72' lang='lat' dir='ltr'>Nouaualla</span> 
     </span>
     <span class='ocr_line' id='line_1_18' title="bbox 130 2805 1929 2920; baseline -0.001 -28"><span class='ocrx_word' id='word_1_173' title='bbox 130 2808 295 2893; x_wconf 89' lang='lat' dir='ltr'>eisdem</span> <span class='ocrx_word' id='word_1_174' title='bbox 321 2805 408 2891; x_wconf 82' lang='lat' dir='ltr'>esse</span> <span class='ocrx_word' id='word_1_175' title='bbox 435 2812 628 2892; x_wconf 90' lang='lat' dir='ltr'>uolumus·</span> <span class='ocrx_word' id='word_1_176' title='bbox 648 2808 895 2920; x_wconf 85' lang='lat' dir='ltr'>profuturas,</span> <span class='ocrx_word' id='word_1_177' title='bbox 923 2811 1173 2891; x_wconf 83' lang='lat' dir='ltr'>vniuemitati</span> <span class='ocrx_word' id='word_1_178' title='bbox 1187 2810 1577 2905; x_wconf 86' lang='lat' dir='ltr'>uestremandamus‚</span> <span class='ocrx_word' id='word_1_179' title='bbox 1591 2811 1797 2912; x_wconf 87' lang='lat' dir='ltr'>Quatinus</span> <span class='ocrx_word' id='word_1_180' title='bbox 1812 2810 1929 2900; x_wconf 82' lang='lat' dir='ltr'>Deci-</span> 
     </span>
     <span class='ocr_line' id='line_1_19' title="bbox 59 2913 2041 3030; baseline -0.004 -28"><span class='ocrx_word' id='word_1_181' title='bbox 59 2913 65 2926; x_wconf 83' lang='grc'><strong>’</strong></span> <span class='ocrx_word' id='word_1_182' title='bbox 93 2987 101 2998; x_wconf 97' lang='grc'><strong><em>.</em></strong></span> <span class='ocrx_word' id='word_1_183' title='bbox 131 2947 222 3022; x_wconf 78' lang='lat' dir='ltr'>mas</span> <span class='ocrx_word' id='word_1_184' title='bbox 259 2919 419 3002; x_wconf 84' lang='lat' dir='ltr'>easdem</span> <span class='ocrx_word' id='word_1_185' title='bbox 447 2949 497 3001; x_wconf 88' lang='lat' dir='ltr'>eo</span> <span class='ocrx_word' id='word_1_186' title='bbox 525 2937 709 3029; x_wconf 84' lang='lat' dir='ltr'>tempore</span> <span class='ocrx_word' id='word_1_187' title='bbox 733 2919 785 3001; x_wconf 90' lang='lat' dir='ltr'>ad</span> <span class='ocrx_word' id='word_1_188' title='bbox 815 2921 1064 3028; x_wconf 83' lang='lat' dir='ltr'>parochiales</span> <span class='ocrx_word' id='word_1_189' title='bbox 1096 2920 1291 3001; x_wconf 76' lang='lat' dir='ltr'>Ecclesiae</span> <span class='ocrx_word' id='word_1_190' title='bbox 1318 2937 1472 3001; x_wconf 89' lang='lat' dir='ltr'>uestras</span> <span class='ocrx_word' id='word_1_191' title='bbox 1499 2919 1698 3017; x_wconf 85' lang='lat' dir='ltr'>afferatis,</span> <span class='ocrx_word' id='word_1_192' title='bbox 1729 2945 1813 3030; x_wconf 89' lang='lat' dir='ltr'>quo</span> <span class='ocrx_word' id='word_1_193' title='bbox 1829 2935 1928 2998; x_wconf 88' lang='lat' dir='ltr'>tem-</span> <span class='ocrx_word' id='word_1_194' title='bbox 2025 2982 2041 2995; x_wconf 75' lang='grc'><em>,</em></span> 
     </span>
     <span class='ocr_line' id='line_1_20' title="bbox 23 3026 1930 3142; baseline -0.004 -28"><span class='ocrx_word' id='word_1_195' title='bbox 23 3111 28 3131; x_wconf 23' lang='grc' dir='ltr'><strong><em>ἦ</em></strong></span> <span class='ocrx_word' id='word_1_196' title='bbox 128 3031 303 3142; x_wconf 86' lang='lat' dir='ltr'>pestiue</span> <span class='ocrx_word' id='word_1_197' title='bbox 330 3031 472 3138; x_wconf 80' lang='lat' dir='ltr'>glaciei</span> <span class='ocrx_word' id='word_1_198' title='bbox 501 3035 541 3112; x_wconf 88' lang='lat'>&amp;</span> <span class='ocrx_word' id='word_1_199' title='bbox 570 3033 676 3112; x_wconf 90' lang='lat' dir='ltr'>niuis</span> <span class='ocrx_word' id='word_1_200' title='bbox 708 3031 1014 3138; x_wconf 84' lang='lat' dir='ltr'>opportunitate</span> <span class='ocrx_word' id='word_1_201' title='bbox 1043 3031 1086 3109; x_wconf 90' lang='lat' dir='ltr'>in</span> <span class='ocrx_word' id='word_1_202' title='bbox 1113 3029 1242 3110; x_wconf 90' lang='lat' dir='ltr'>hicme</span> <span class='ocrx_word' id='word_1_203' title='bbox 1269 3031 1359 3111; x_wconf 92' lang='lat' dir='ltr'>illas</span> <span class='ocrx_word' id='word_1_204' title='bbox 1387 3031 1549 3110; x_wconf 89' lang='lat' dir='ltr'>ualeant</span> <span class='ocrx_word' id='word_1_205' title='bbox 1571 3027 1623 3111; x_wconf 89' lang='lat' dir='ltr'>ad</span> <span class='ocrx_word' id='word_1_206' title='bbox 1652 3058 1694 3132; x_wconf 90' lang='lat' dir='ltr'>se</span> <span class='ocrx_word' id='word_1_207' title='bbox 1720 3026 1930 3115; x_wconf 86' lang='lat' dir='ltr'>commode</span> 
     </span>
     <span class='ocr_line' id='line_1_21' title="bbox 126 3138 1942 3252; baseline -0.004 -30"><span class='ocrx_word' id='word_1_208' title='bbox 126 3156 373 3252; x_wconf 81' lang='lat' dir='ltr'>apportare.</span> <span class='ocrx_word' id='word_1_209' title='bbox 402 3141 635 3222; x_wconf 85' lang='lat' dir='ltr'>Terminum</span> <span class='ocrx_word' id='word_1_210' title='bbox 663 3165 761 3221; x_wconf 83' lang='lat' dir='ltr'>vero</span> <span class='ocrx_word' id='word_1_211' title='bbox 792 3140 906 3220; x_wconf 92' lang='lat' dir='ltr'>uobis</span> <span class='ocrx_word' id='word_1_212' title='bbox 934 3138 1164 3248; x_wconf 86' lang='lat' dir='ltr'>preligimus</span> <span class='ocrx_word' id='word_1_213' title='bbox 1191 3168 1277 3249; x_wconf 90' lang='lat' dir='ltr'>quo</span> <span class='ocrx_word' id='word_1_214' title='bbox 1304 3141 1478 3222; x_wconf 86' lang='lat' dir='ltr'>finaliter</span> <span class='ocrx_word' id='word_1_215' title='bbox 1517 3138 1596 3219; x_wconf 89' lang='lat' dir='ltr'>hoc</span> <span class='ocrx_word' id='word_1_216' title='bbox 1630 3141 1819 3220; x_wconf 92' lang='lat' dir='ltr'>uolumus</span> <span class='ocrx_word' id='word_1_217' title='bbox 1845 3162 1942 3249; x_wconf 38' lang='lat' dir='ltr'>esse!</span> 
     </span>
     <span class='ocr_line' id='line_1_22' title="bbox 124 3247 2045 3378; baseline -0.002 -45"><span class='ocrx_word' id='word_1_218' title='bbox 124 3247 399 3358; x_wconf 83' lang='lat' dir='ltr'>adinpletum</span> <span class='ocrx_word' id='word_1_219' title='bbox 425 3249 570 3331; x_wconf 85' lang='lat' dir='ltr'>festum</span> <span class='ocrx_word' id='word_1_220' title='bbox 594 3249 895 3378; x_wconf 84' lang='lat' dir='ltr'>purificacionis</span> <span class='ocrx_word' id='word_1_221' title='bbox 920 3250 1035 3331; x_wconf 90' lang='lat' dir='ltr'>beate</span> <span class='ocrx_word' id='word_1_222' title='bbox 1062 3250 1227 3356; x_wconf 84' lang='lat' dir='ltr'>virginis</span> <span class='ocrx_word' id='word_1_223' title='bbox 1254 3267 1473 3330; x_wconf 82' lang='lat' dir='ltr'>asserentes</span> <span class='ocrx_word' id='word_1_224' title='bbox 1487 3249 1654 3330; x_wconf 85' lang='lat' dir='ltr'>firmiter</span> <span class='ocrx_word' id='word_1_225' title='bbox 1675 3247 1789 3358; x_wconf 90' lang='lat' dir='ltr'>quod</span> <span class='ocrx_word' id='word_1_226' title='bbox 1816 3247 1928 3358; x_wconf 91' lang='lat' dir='ltr'>quod</span> <span class='ocrx_word' id='word_1_227' title='bbox 2041 3297 2045 3300; x_wconf 95' lang='lat'><em>-</em></span> 
     </span>
     <span class='ocr_line' id='line_1_23' title="bbox 128 3348 1930 3472; baseline -0.001 -29"><span class='ocrx_word' id='word_1_228' title='bbox 128 3362 270 3472; x_wconf 85' lang='lat' dir='ltr'>siquis</span> <span class='ocrx_word' id='word_1_229' title='bbox 300 3359 374 3440; x_wconf 81' lang='lat' dir='ltr'>hec</span> <span class='ocrx_word' id='word_1_230' title='bbox 401 3359 623 3470; x_wconf 80' lang='lat' dir='ltr'>neglexerat</span> <span class='ocrx_word' id='word_1_231' title='bbox 664 3348 885 3466; x_wconf 85' lang='lat' dir='ltr'>adinplere,</span> <span class='ocrx_word' id='word_1_232' title='bbox 926 3361 1043 3467; x_wconf 86' lang='lat' dir='ltr'>graui</span> <span class='ocrx_word' id='word_1_233' title='bbox 1083 3357 1236 3440; x_wconf 89' lang='lat' dir='ltr'>ulcioni</span> <span class='ocrx_word' id='word_1_234' title='bbox 1277 3377 1414 3441; x_wconf 91' lang='lat' dir='ltr'>nostre</span> <span class='ocrx_word' id='word_1_235' title='bbox 1440 3388 1483 3442; x_wconf 91' lang='lat' dir='ltr'>se</span> <span class='ocrx_word' id='word_1_236' title='bbox 1511 3360 1672 3443; x_wconf 85' lang='lat' dir='ltr'>nouerit</span> <span class='ocrx_word' id='word_1_237' title='bbox 1712 3359 1930 3442; x_wconf 86' lang='lat' dir='ltr'>subiacere.</span> 
     </span>
     <span class='ocr_line' id='line_1_24' title="bbox 130 3466 1929 3598; baseline -0.003 -47"><span class='ocrx_word' id='word_1_238' title='bbox 130 3471 296 3598; x_wconf 74' lang='lat' dir='ltr'>Datum</span> <span class='ocrx_word' id='word_1_239' title='bbox 322 3497 430 3558; x_wconf 82' lang='lat' dir='ltr'>anno</span> <span class='ocrx_word' id='word_1_240' title='bbox 455 3470 621 3553; x_wconf 91' lang='lat' dir='ltr'>domini.</span> <span class='ocrx_word' id='word_1_241' title='bbox 665 3467 984 3550; x_wconf 85' lang='lat' dir='ltr'><strong>M⁰.CC⁰.LXX⁰.</strong></span> <span class='ocrx_word' id='word_1_242' title='bbox 1027 3471 1208 3577; x_wconf 87' lang='lat' dir='ltr'>sequenti</span> <span class='ocrx_word' id='word_1_243' title='bbox 1249 3466 1315 3549; x_wconf 90' lang='lat' dir='ltr'>die</span> <span class='ocrx_word' id='word_1_244' title='bbox 1356 3487 1449 3579; x_wconf 85' lang='lat' dir='ltr'>post</span> <span class='ocrx_word' id='word_1_245' title='bbox 1489 3469 1636 3552; x_wconf 81' lang='lat' dir='ltr'>festum</span> <span class='ocrx_word' id='word_1_246' title='bbox 1674 3468 1793 3552; x_wconf 86' lang='lat' dir='ltr'>beate</span> <span class='ocrx_word' id='word_1_247' title='bbox 1826 3469 1929 3551; x_wconf 90' lang='lat' dir='ltr'>lucie</span> 
     </span>
     <span class='ocr_line' id='line_1_25' title="bbox 130 3605 327 3663; baseline -0.02 0"><span class='ocrx_word' id='word_1_248' title='bbox 130 3609 200 3663; x_wconf 78' lang='lat' dir='ltr'>tur</span> <span class='ocrx_word' id='word_1_249' title='bbox 233 3605 327 3660; x_wconf 78' lang='lat' dir='ltr'>ants.</span> 
     </span>
     <span class='ocr_line' id='line_1_26' title="bbox 200 3609 1618 3771; baseline 0.001 -20"><span class='ocrx_word' id='word_1_250' title='bbox 200 3609 231 3690; x_wconf 68' lang='lat' dir='ltr'>g</span> <span class='ocrx_word' id='word_1_251' title='bbox 463 3685 583 3769; x_wconf 74' lang='lat' dir='ltr'>sigillet</span> <span class='ocrx_word' id='word_1_252' title='bbox 603 3684 764 3750; x_wconf 78' lang='lat' dir='ltr'>bortiallet</span> <span class='ocrx_word' id='word_1_253' title='bbox 787 3685 859 3748; x_wconf 58' lang='lat' dir='ltr'>sian</span> <span class='ocrx_word' id='word_1_254' title='bbox 878 3683 939 3748; x_wconf 84' lang='lat' dir='ltr'>den</span> <span class='ocrx_word' id='word_1_255' title='bbox 959 3685 996 3748; x_wconf 82' lang='lat' dir='ltr'>af</span> <span class='ocrx_word' id='word_1_256' title='bbox 1011 3685 1273 3771; x_wconf 80' lang='lat' dir='ltr'>bresvet.klippta</span> <span class='ocrx_word' id='word_1_257' title='bbox 1292 3697 1618 3770; x_wconf 75' lang='lat' dir='ltr'>pergamentsremsau.</span> 
     </span>
    </p>
   </div>
   <div class='ocr_carea' id='block_1_7' title="bbox 94 3983 1929 4192">
    <p class='ocr_par' dir='ltr' id='par_1_7' title="bbox 94 3983 1929 4192">
     <span class='ocr_line' id='line_1_27' title="bbox 94 3983 1929 4192; baseline -0.003 -38"><span class='ocrx_word' id='word_1_258' title='bbox 94 4047 284 4180; x_wconf 73' lang='grc'>,548</span> <span class='ocrx_word' id='word_1_259' title='bbox 705 4077 710 4084; x_wconf 90' lang='grc'><em>·</em></span> <span class='ocrx_word' id='word_1_260' title='bbox 760 4045 1008 4186; x_wconf 59' lang='lat' dir='ltr'>rapso-</span> <span class='ocrx_word' id='word_1_261' title='bbox 1055 4021 1129 4192; x_wconf 69' lang='lat' dir='ltr'>ap</span> <span class='ocrx_word' id='word_1_262' title='bbox 1167 3983 1337 4172; x_wconf 69' lang='lat' dir='ltr'>blare..</span> <span class='ocrx_word' id='word_1_263' title='bbox 1765 4041 1929 4152; x_wconf 83' lang='lat' dir='ltr'>Ettals.</span> 
     </span>
    </p>
   </div>
   <div class='ocr_carea' id='block_1_8' title="bbox 217 4249 1191 4358">
    <p class='ocr_par' dir='ltr' id='par_1_8' title="bbox 217 4249 1191 4358">
     <span class='ocr_line' id='line_1_28' title="bbox 217 4249 1191 4358; baseline -0.003 -27"><span class='ocrx_word' id='word_1_264' title='bbox 217 4249 365 4349; x_wconf 75' lang='lat' dir='ltr'>Kooung</span> <span class='ocrx_word' id='word_1_265' title='bbox 385 4265 585 4330; x_wconf 65' lang='lat' dir='ltr'>wasemes</span> <span class='ocrx_word' id='word_1_266' title='bbox 605 4261 802 4348; x_wconf 78' lang='lat' dir='ltr'>Skyddsbrel</span> <span class='ocrx_word' id='word_1_267' title='bbox 815 4249 867 4327; x_wconf 80' lang='lat' dir='ltr'>l‘o&#39;r</span> <span class='ocrx_word' id='word_1_268' title='bbox 886 4263 1046 4358; x_wconf 74' lang='lat' dir='ltr'>Guilbem</span> <span class='ocrx_word' id='word_1_269' title='bbox 1065 4263 1191 4328; x_wconf 75' lang='lat' dir='ltr'>kloster.</span> 
     </span>
    </p>
   </div>
   <div class='ocr_carea' id='block_1_9' title="bbox 1447 4344 1796 4423">
    <p class='ocr_par' dir='ltr' id='par_1_9' title="bbox 1447 4344 1796 4423">
     <span class='ocr_line' id='line_1_29' title="bbox 1447 4344 1796 4423; baseline -0.003 -24"><span class='ocrx_word' id='word_1_270' title='bbox 1447 4409 1450 4416; x_wconf 21' lang='lat'><strong>⁴</strong></span> <span class='ocrx_word' id='word_1_271' title='bbox 1585 4347 1622 4423; x_wconf 51' lang='lat' dir='ltr'>m.</span> <span class='ocrx_word' id='word_1_272' title='bbox 1640 4345 1665 4401; x_wconf 79' lang='grc'>3.</span> <span class='ocrx_word' id='word_1_273' title='bbox 1682 4344 1708 4401; x_wconf 83' lang='grc' dir='ltr'>Ι.</span> <span class='ocrx_word' id='word_1_274' title='bbox 1730 4359 1796 4414; x_wconf 74' lang='lat' dir='ltr'>etp.</span> 
     </span>
    </p>
   </div>
   <div class='ocr_carea' id='block_1_10' title="bbox 47 4477 2071 5148">
    <p class='ocr_par' dir='ltr' id='par_1_10' title="bbox 116 4477 2071 5035">
     <span class='ocr_line' id='line_1_30' title="bbox 312 4477 1930 4587; baseline -0.003 -22"><span class='ocrx_word' id='word_1_275' title='bbox 312 4483 382 4565; x_wconf 90' lang='lat' dir='ltr'>W.</span> <span class='ocrx_word' id='word_1_276' title='bbox 411 4479 486 4560; x_wconf 92' lang='lat' dir='ltr'>Dei</span> <span class='ocrx_word' id='word_1_277' title='bbox 512 4481 660 4562; x_wconf 88' lang='lat' dir='ltr'>Gracia</span> <span class='ocrx_word' id='word_1_278' title='bbox 689 4479 775 4561; x_wconf 86' lang='lat' dir='ltr'>Rex</span> <span class='ocrx_word' id='word_1_279' title='bbox 803 4477 1012 4561; x_wconf 86' lang='lat' dir='ltr'>Sweorum</span> <span class='ocrx_word' id='word_1_280' title='bbox 1040 4479 1115 4561; x_wconf 82' lang='lat' dir='ltr'>&amp;c</span> <span class='ocrx_word' id='word_1_281' title='bbox 1142 4483 1209 4562; x_wconf 81' lang='lat' dir='ltr'>till</span> <span class='ocrx_word' id='word_1_282' title='bbox 1239 4479 1534 4587; x_wconf 83' lang='lat' dir='ltr'>sempiternam.</span> <span class='ocrx_word' id='word_1_283' title='bbox 1602 4481 1802 4563; x_wconf 89' lang='lat' dir='ltr'>Nouerint</span> <span class='ocrx_word' id='word_1_284' title='bbox 1843 4481 1930 4560; x_wconf 83' lang='lat' dir='ltr'>vni·</span> 
     </span>
     <span class='ocr_line' id='line_1_31' title="bbox 119 4587 2029 4712; baseline -0.006 -32"><span class='ocrx_word' id='word_1_285' title='bbox 119 4597 248 4712; x_wconf 74' lang='lat' dir='ltr'>uersi</span> <span class='ocrx_word' id='word_1_286' title='bbox 282 4607 365 4673; x_wconf 89' lang='lat' dir='ltr'>tam</span> <span class='ocrx_word' id='word_1_287' title='bbox 393 4592 544 4708; x_wconf 75' lang='lat' dir='ltr'>posteri</span> <span class='ocrx_word' id='word_1_288' title='bbox 571 4602 694 4700; x_wconf 85' lang='lat' dir='ltr'>quam</span> <span class='ocrx_word' id='word_1_289' title='bbox 722 4606 930 4698; x_wconf 85' lang='lat' dir='ltr'>presentes</span> <span class='ocrx_word' id='word_1_290' title='bbox 963 4619 1038 4672; x_wconf 92' lang='lat' dir='ltr'>nos</span> <span class='ocrx_word' id='word_1_291' title='bbox 1080 4590 1290 4670; x_wconf 83' lang='lat' dir='ltr'>Dominam</span> <span class='ocrx_word' id='word_1_292' title='bbox 1332 4589 1566 4672; x_wconf 88' lang='lat' dir='ltr'>Katerinam</span> <span class='ocrx_word' id='word_1_293' title='bbox 1606 4588 1847 4672; x_wconf 87' lang='lat' dir='ltr'>abbatissam</span> <span class='ocrx_word' id='word_1_294' title='bbox 1880 4587 1931 4670; x_wconf 90' lang='lat' dir='ltr'>de</span> <span class='ocrx_word' id='word_1_295' title='bbox 2021 4589 2029 4623; x_wconf 78' lang='lat'><em>&#39;</em></span> 
     </span>
     <span class='ocr_line' id='line_1_32' title="bbox 117 4693 1932 4818; baseline -0.006 -29"><span class='ocrx_word' id='word_1_296' title='bbox 117 4707 327 4818; x_wconf 70' lang='lat' dir='ltr'>guthem,</span> <span class='ocrx_word' id='word_1_297' title='bbox 362 4717 574 4809; x_wconf 90' lang='lat' dir='ltr'>totumque</span> <span class='ocrx_word' id='word_1_298' title='bbox 608 4697 792 4782; x_wconf 81' lang='lat' dir='ltr'>&#39;eiusdem</span> <span class='ocrx_word' id='word_1_299' title='bbox 819 4699 898 4782; x_wconf 93' lang='lat' dir='ltr'>loc1</span> <span class='ocrx_word' id='word_1_300' title='bbox 925 4693 1171 4782; x_wconf 74' lang='lat' dir='ltr'>conuentum</span> <span class='ocrx_word' id='word_1_301' title='bbox 1197 4727 1290 4781; x_wconf 89' lang='lat' dir='ltr'>cum</span> <span class='ocrx_word' id='word_1_302' title='bbox 1319 4699 1508 4782; x_wconf 87' lang='lat' dir='ltr'>omnibus</span> <span class='ocrx_word' id='word_1_303' title='bbox 1548 4701 1625 4784; x_wconf 83' lang='lat' dir='ltr'>srbi</span> <span class='ocrx_word' id='word_1_304' title='bbox 1667 4697 1932 4783; x_wconf 87' lang='lat' dir='ltr'>attinentibus</span> 
     </span>
     <span class='ocr_line' id='line_1_33' title="bbox 116 4810 2071 4923; baseline 0.001 -33"><span class='ocrx_word' id='word_1_305' title='bbox 116 4839 215 4902; x_wconf 76' lang='lat' dir='ltr'>tam</span> <span class='ocrx_word' id='word_1_306' title='bbox 250 4811 575 4923; x_wconf 82' lang='lat' dir='ltr'>possessionibus</span> <span class='ocrx_word' id='word_1_307' title='bbox 602 4838 724 4920; x_wconf 90' lang='lat' dir='ltr'>quam</span> <span class='ocrx_word' id='word_1_308' title='bbox 752 4811 932 4919; x_wconf 90' lang='lat' dir='ltr'>personis</span> <span class='ocrx_word' id='word_1_309' title='bbox 960 4812 1036 4892; x_wconf 92' lang='lat' dir='ltr'>snb</span> <span class='ocrx_word' id='word_1_310' title='bbox 1068 4827 1206 4891; x_wconf 90' lang='lat' dir='ltr'>nostre</span> <span class='ocrx_word' id='word_1_311' title='bbox 1235 4810 1499 4918; x_wconf 88' lang='lat' dir='ltr'>protectionis</span> <span class='ocrx_word' id='word_1_312' title='bbox 1512 4813 1687 4919; x_wconf 82' lang='lat' dir='ltr'>graciam</span> <span class='ocrx_word' id='word_1_313' title='bbox 1707 4810 1933 4919; x_wconf 90' lang='lat' dir='ltr'>specialiter</span> <span class='ocrx_word' id='word_1_314' title='bbox 2069 4886 2071 4892; x_wconf 89' lang='lat'><em>.</em></span> 
     </span>
     <span class='ocr_line' id='line_1_34' title="bbox 116 4918 1934 5035; baseline -0.002 -31"><span class='ocrx_word' id='word_1_315' title='bbox 116 4924 357 5035; x_wconf 80' lang='lat' dir='ltr'>recepisse.</span> <span class='ocrx_word' id='word_1_316' title='bbox 388 4946 541 5029; x_wconf 85' lang='lat' dir='ltr'>nosque</span> <span class='ocrx_word' id='word_1_317' title='bbox 568 4933 793 4999; x_wconf 88' lang='lat' dir='ltr'>conuentus</span> <span class='ocrx_word' id='word_1_318' title='bbox 833 4918 1010 5000; x_wconf 91' lang='lat' dir='ltr'>eiusdem</span> <span class='ocrx_word' id='word_1_319' title='bbox 1039 4921 1082 5000; x_wconf 95' lang='lat' dir='ltr'>in</span> <span class='ocrx_word' id='word_1_320' title='bbox 1109 4923 1236 5001; x_wconf 90' lang='lat' dir='ltr'>causis</span> <span class='ocrx_word' id='word_1_321' title='bbox 1278 4920 1465 5001; x_wconf 90' lang='lat' dir='ltr'>omnibus</span> <span class='ocrx_word' id='word_1_322' title='bbox 1506 4921 1716 5024; x_wconf 83' lang='lat' dir='ltr'>mouendis</span> <span class='ocrx_word' id='word_1_323' title='bbox 1743 4947 1934 5030; x_wconf 86' lang='lat' dir='ltr'>processu</span> 
     </span>
    </p>

    <p class='ocr_par' dir='ltr' id='par_1_11' title="bbox 47 5025 1932 5148">
     <span class='ocr_line' id='line_1_35' title="bbox 47 5025 1932 5148; baseline 0.004 -42"><span class='ocrx_word' id='word_1_324' title='bbox 47 5029 91 5106; x_wconf 77' lang='lat'>,⁸</span> <span class='ocrx_word' id='word_1_325' title='bbox 114 5034 343 5148; x_wconf 87' lang='lat' dir='ltr'>temporis</span> <span class='ocrx_word' id='word_1_326' title='bbox 369 5045 512 5115; x_wconf 85' lang='lat' dir='ltr'>contra</span> <span class='ocrx_word' id='word_1_327' title='bbox 539 5053 631 5110; x_wconf 76' lang='lat' dir='ltr'>earm</span> <span class='ocrx_word' id='word_1_328' title='bbox 656 5053 733 5110; x_wconf 90' lang='lat' dir='ltr'>nos</span> <span class='ocrx_word' id='word_1_329' title='bbox 759 5025 1030 5137; x_wconf 76' lang='lat' dir='ltr'>responsalem</span> <span class='ocrx_word' id='word_1_330' title='bbox 1057 5034 1098 5110; x_wconf 88' lang='grc'>8(</span> <span class='ocrx_word' id='word_1_331' title='bbox 1139 5029 1444 5140; x_wconf 87' lang='lat' dir='ltr'>proloqutorem</span> <span class='ocrx_word' id='word_1_332' title='bbox 1481 5031 1746 5144; x_wconf 85' lang='lat' dir='ltr'>personaliter</span> <span class='ocrx_word' id='word_1_333' title='bbox 1784 5033 1932 5114; x_wconf 91' lang='lat' dir='ltr'>consti·</span> 
     </span>
    </p>
   </div>
   <div class='ocr_carea' id='block_1_11' title="bbox 0 0 2206 5960">
    <p class='ocr_par' dir='ltr' id='par_1_12' title="bbox 0 0 2206 5960">
     <span class='ocr_line' id='line_1_36' title="bbox 0 0 2206 5960; baseline 0 2"><span class='ocrx_word' id='word_1_334' title='bbox 0 0 2206 5960; x_wconf 95' lang='lat' dir='ltr'> </span> 
     </span>
    </p>
   </div>
  </div>
 </body>
</html>
