4368 5950
827 473 888 494 ...
999 428 1250 534 247..

146 663 183 739 &
208 653 323 734 multi
352 651 431 761 alij.
462 649 614 732 Aderat
640 650 761 730 etiam
790 647 841 732 de
877 649 1055 738 claustro
1084 645 1210 729 abbas
1239 647 1348 729 svro
1373 651 1416 728 8(
1449 648 1657 732 Gostauus
1680 653 1921 742 cellerarius

143 773 180 849 &
206 793 297 846 cum
325 766 382 857 eis
409 763 557 844 fratres
585 759 713 842 multi.
770 759 818 838 In
846 759 926 860 illc¹
944 759 1097 866 placito
1127 785 1203 868 ego
1230 759 1423 866 sigtrigus
1457 762 1773 846 acclamantibus
1799 772 1840 850 8(
1865 795 1928 850 as·

141 877 401 962 sentientibus
429 873 629 954 uniuersis
661 869 892 952 adiudicaui
935 869 1133 952 mansioni
1164 868 1253 950 eslo
1280 881 1375 950 suos
1403 874 1594 954 terminos
1636 877 1953 986 perpetualiter

140 1015 358 1072 mansuros.
388 986 506 1066 Tunc
536 1011 587 1063 ex
614 981 760 1064 iuditio
789 1009 879 1063 meo
907 986 948 1062 8(
973 981 1233 1090 beneplacito
1254 982 1451 1064 omnium.
1485 1001 1665 1093 quatuor
1706 989 1773 1068 isti
1801 989 1927 1072 Biora
1961 1003 1969 1072 .’

138 1095 286 1180 muudr
321 1097 372 1177 de
400 1095 664 1202 widlungum.
696 1092 904 1175 Arnbiorn
932 1092 984 1174 de
1011 1094 1154 1173 tiumu.
1184 1091 1386 1174 Jobannes
1407 1092 1458 1174 de
1477 1093 1642 1176 lutrum.
1670 1099 1779 1180 Enar
1793 1099 1928 1184 clena.

137 1209 242 1292 kallr
270 1209 322 1288 de
349 1204 538 1286 farardal.
566 1231 740 1314 gangem
767 1233 859 1286 cum
889 1204 1035 1285 abbate
1063 1211 1104 1284 8(
1130 1203 1341 1286 cellerario
1370 1205 1543 1289 inerunt.
1572 1211 1614 1287 8(
1641 1208 1800 1290 Grimas
1815 1231 1927 1294 uete-

135 1335 198 1404 res
234 1321 546 1400 inuocauerunt
576 1345 601 1394 a
629 1315 795 1397 meridie
823 1316 877 1396 ab
905 1344 1021 1396 amne
1049 1316 1133 1396 eslo
1162 1316 1400 1424 incipientes
1428 1314 1500 1397 uhi
1535 1322 1665 1427 prima
1693 1320 1823 1402 teldra
1850 1350 1925 1432 po·

134 1436 208 1514 sita
236 1446 308 1510 est.
338 1436 377 1509 8(
404 1430 461 1510 sic
488 1426 539 1508 de
566 1425 697 1507 teldra
727 1429 771 1507 in
797 1426 980 1508 teldrarn.
1011 1426 1062 1508 de
1085 1429 1213 1537 grima
1240 1428 1285 1506 in
1317 1429 1498 1534 grimam.
1532 1446 1674 1510 sunret
1701 1431 1769 1512 uel
1792 1451 1923 1540 opret.
2056 1439 2075 1450 ’“

132 1546 239 1624 inter
268 1540 443 1647 stirldgs
471 1535 596 1647 gerdi.
625 1543 666 1616 8(
692 1555 776 1621 atta
804 1539 953 1618 Kinuls
984 1565 1030 1617 ae
1059 1538 1264 1640 Johannis.
1293 1530 1337 1616 in
1365 1538 1504 1620 tiliam.
1520 1545 1559 1622 8(
1577 1541 1634 1620 ita
1649 1569 1790 1624 uersus
1803 1547 1922 1654 aqui·

131 1655 269 1736 ionem
296 1650 350 1732 ad‘
375 1665 597 1729 torrentem
625 1650 695 1758 qui
724 1651 874 1732 dieitru
901 1649 1059 1730 sanbec
1090 1649 1163 1729 ubi
1190 1675 1315 1758 rupes
1350 1649 1525 1758 quedam
1558 1679 1710 1760 magna
1737 1656 1840 1736 iacet
1867 1658 1923 1742 ab

129 1765 321 1874 aquilone
349 1761 553 1840 torrentis.
584 1759 626 1838 in
654 1788 738 1869 qua
775 1777 952 1871 quatuor
980 1761 1046 1840 isti
1074 1761 1275 1840 nominati
1309 1775 1518 1841 steterunt.
1562 1760 1752 1843 dicentes.
1780 1783 1924 1848 ¹contra

127 1876 229 1957 banc
261 1899 404 1982 rupem
440 1872 589 1970 sirnret·
605 1870 675 1950 'uel
703 1888 822 1982 opret
857 1871 1016 1951 termini
1065 1873 1123 1951 irc
1151 1872 1314 1952 habent.
1359 1870 1555 1981 Sequenti
1590 1870 1657 1954 die
1684 1872 1763 1954 hoc
1791 1891 1851 1956 est
1879 1879 1923 1958 in
2058 1893 2064 1912 ¹

126 1985 190 2068 die
218 1984 507 2091 assumptionis
535 1981 727 2090 placitum
757 1982 869 2062 stetit
895 1983 1009 2063 iuxta
1037 1983 1275 2063 cimiterium
1304 1982 1468 2062 ecclesie
1502 1982 1644 2092 fugias.
1675 1989 1715 2066 8(
1730 1985 1787 2067 ibi
1802 1987 1923 2068 biorn

124 2095 279 2178 mundr
318 2119 488 2204 gangam
535 2094 652 2172 istam
693 2121 825 2174 coram
870 2120 933 2173 mc
976 2100 1016 2174 8(
1043 2093 1231 2174 omnibus
1267 2091 1508 2202 diuulgauit.
1536 2121 1660 2204 quam
1688 2097 1745 2178 sic
1773 2093 1922 2180 factam

123 2204 394 2288 laudauimus.
423 2211 464 2284 8(
490 2201 630 2284 abbati
656 2197 701 2284 8(
723 2203 918 2286 fratribus
946 2205 1030 2284 eius
1059 2220 1259 2316 perpetuo
1273 2204 1529 2292 firmatumus.
1560 2204 1790 2288 Secundum
1804 2209 1922 2294 istam

49 2333 51 2339 '
122 2347 298 2429 gangem
321 2315 473 2398 teldras
502 2315 626 2395 locari
655 2320 695 2394 8(
721 2315 827 2424 haga
854 2313 980 2396 incidi
993 2317 1257 2424 precepimus.
1286 2312 1400 2425 quod
1427 2321 1467 2398 8(
1493 2315 1648 2398 factum
1690 2334 1749 2398 est
1795 2319 1922 2404 altera

16 2423 20 2438 ’
121 2429 187 2514 die
216 2447 316 2538 post
343 2426 450 2509 diem
477 2427 760 2534 assumptionis
801 2428 946 2508 statim.
1010 2425 1157 2506 Coram
1198 2426 1277 2508 deo
1320 2424 1453 2506 dicere
1495 2425 1634 2508 audeo
1676 2455 1826 2508 meram
1868 2429 1921 2512 de

119 2541 316 2622 omnibus
344 2537 520 2647 expressi
545 2538 768 2620 ueritatem.
796 2537 898 2618 Tam
926 2538 1003 2618 rite
1017 2538 1144 2647 igitur
1157 2553 1280 2646 gesta.
1297 2563 1454 2648 semper
1465 2554 1654 2618 maneant
1669 2539 1919 2626 inconuulsa.

116 2654 208 2762 Ego
236 2652 372 2732 ericus
400 2647 466 2729 dei
495 2649 622 2756 gratia
650 2648 860 2730 Sweorum
888 2677 960 2730 rex
987 2677 1038 2736 ss.
1066 2653 1107 2728 8(
1142 2647 1276 2755 sigillo
1304 2675 1395 2730 meo
1415 2649 1621 2731 confirmo.
1656 2649 1746 2759 Ego
1759 2651 1919 2736 Olauus

116 2763 348 2874 upsalensis
376 2759 700 2870 archiepiscopus
728 2777 777 2840 ss'.
808 2767 847 2840 8(
873 2759 1006 2868 sigillo
1034 2788 1125 2841 meo
1152 2757 1360 2840 confirmo.

747 2902 794 2966 Pt
814 2901 989 2964 irensident
1031 2902 1168 2985 Termini
1191 2899 1294 2966 Eezlo.
1337 2919 1350 2956 ‘.

853 2985 985 3069 sigilles
1006 2985 1188 3050 sensnum

117 3239 258 3351 241.
397 3157 401 3174 ⁸
769 3220 920 3322 1225
968 3217 1272 3356 deov.¹
1436 3331 1445 3340 ,
1555 3271 1557 3277 ’
1770 3219 1916 3324 Riati.

192 3443 296 3510 Pare.
318 3440 477 3505 Hcsoanrs
497 3438 567 3502 lllts
587 3438 740 3502 allmtnns
769 3439 845 3504 bref
874 3449 927 3502 stt
958 3438 1315 3567 cisterciepsauomenr
1344 3439 1528 3526 privilegiu
1551 3435 1734 3502 bibehillas
1754 3438 1912 3504 obsura.

1027 3571 1030 3578 ·
1386 3549 1389 3558 “
1524 3549 1778 3622 Δ.(.(1,((,*).

285 3691 493 3769 Honoratus
522 3687 736 3795 episcopus
763 3713 903 3768 seruus
931 3713 1143 3766 seruorum
1173 3683 1256 3784 dei,
1286 3685 1594 3768 Venerabilibus
1615 3685 1820 3783 fratribus,
1836 3691 1914 3767 Ar-

101 3799 408 3912 chiepiscopis,
426 3803 465 3876 8(
493 3798 715 3905 Episcopis‚
744 3803 784 3880 8(
811 3794 978 3878 Dilectis
1000 3797 1105 3904 filijs‚
1121 3797 1351 3895 abbatibus,
1367 3797 1591 3906 prioribus,
1607 3796 1910 3895 archidiaconis,

101 3913 291 3998 Decanis
306 3915 348 3990 8(
374 3908 462 4016 alijs
490 3909 759 3989 Ecclesiarum
787 3907 952 4016 prelatis
981 3907 1032 3989 ad
1062 3937 1167 4018 quos
1182 3909 1316 3988 littere
1331 3910 1405 3988 istc
1420 3909 1700 4017 peruenerint,
1717 3907 1907 4007 Salutem,

98 4031 141 4106 8(
173 4019 452 4133 apostolicam
480 4015 811 4118 benedictionem,
842 4017 1099 4099 Beneiaciens
1122 4018 1317 4100 'domiuus
1332 4019 1449 4100 bonis
1466 4024 1505 4097 8(
1522 4020 1642 4099 rectis
1657 4016 1779 4098 eorde
1807 4014 1908 4097 dile-

97 4153 190 4218 ctos
223 4123 336 4212 ‘filios
357 4129 503 4211 fratres
517 4130 793 4236 cysterciensis
808 4128 978 4225 ordinis,
994 4131 1035 4209 in
1052 4131 1116 4209 via
1131 4130 1414 4232 mandatorum
1428 4131 1514 4211 eius
1524 4127 1727 4208 inoffense
1741 4155 1907 4208 curren-

93 4265 157 4328 tes
189 4260 399 4353 tanquam
427 4239 626 4348 populum
653 4239 939 4348 acceptabilem
966 4239 1045 4330 sibi
1059 4269 1231 4322 numero
1259 4249 1300 4323 8(
1326 4242 1468 4325 meritc
1508 4237 1733 4347 ampliauit,
1769 4239 1907 4348 eisque

93 4357 148 4442 de
179 4382 290 4438 rore
316 4353 393 4433 celi
421 4356 461 4430 8(
488 4369 594 4432 terre
622 4351 868 4459 pinguedine
896 4350 1159 4447 benedicens,
1195 4351 1396 4436 dilatauit¹
1424 4352 1557 4431 locum
1599 4348 1765 4455 tentorij
1801 4349 1905 4429 eius-

91 4466 191 4550 dem
210 4464 388 4564 ordinis,
403 4470 442 4543 8(
456 4463 580 4571 pelles
599 4461 949 4546 tabernaculorum
964 4464 1049 4542 eius
1065 4462 1258 4557 extendit,
1276 4463 1344 4541 Set
1360 4461 1471 4571 quod
1487 4459 1670 4541 dolentes
1687 4459 1927 4556 referimus,¹

87 4579 135 4661 in
166 4579 246 4659 via
279 4575 356 4654 bac
388 4601 469 4685 qua
498 4571 718 4667 ambulant,
746 4575 911 4684 superbi
938 4591 1081 4656 contra
1096 4601 1164 4654 eos
1180 4575 1344 4683 laqueos
1359 4568 1629 4654 extendentes.
1646 4571 1767 4649 immo
1783 4568 1906 4669 velud

87 4705 316 4771 torrentes
344 4685 569 4793 iniquitatis
597 4685 797 4766 irruentes
826 4687 868 4764 in
896 4712 977 4780 eos,
1007 4689 1115 4793 ipsos
1141 4684 1260 4765 bonis
1289 4687 1370 4765 suis
1406 4710 1486 4793 que
1514 4683 1589 4762 soli
1618 4679 1782 4761 domino
1811 4700 1906 4761 sunt

83 4801 239 4884 dicata
272 4823 362 4878 non
389 4795 518 4876 solum
546 4797 733 4904 nequiter
762 4794 1022 4892 defraudare,
1065 4824 1157 4876 cum
1185 4795 1257 4874 filii
1298 4793 1418 4876 huius
1459 4791 1585 4872 seculi
1614 4791 1903 4900 prudenciores

81 4979 430 5088 W
446 5007 489 5068 cf
502 5005 571 5068 ime
592 5007 733 5068 Proetus-2
802 5004 975 5084 Gothland‚
995 5005 1059 5069 dat
1081 5004 1112 5067 d.
1139 5003 1182 5067 (5.
1207 5005 1293 5070 Junii
1318 5003 1404 5079 1340.
1425 5002 1600 5087 hvarjemte
1622 4999 1799 5067 stneblcnd
1815 4999 1904 5072 desso
1982 4999 1985 5010 '

174 5091 214 5157 d.
241 5085 293 5152 as
315 5087 383 5153 Oct.
409 5086 489 5156 1³³8
507 5088 666 5155 berittust
687 5089 722 5155 θ’
778 5109 800 5174 p
821 5089 941 5156 Gomon
962 5089 1086 5154 astris
1107 5089 1145 5154 af
1159 5106 1278 5154 samma
1298 5086 1399 5151 Bulla.
1421 5086 1459 5152 A.
1485 5105 1510 5150 ι.
1532 5083 1563 5149 d.
1592 5075 1637 5149 rs.
