<?xml version="1.0" encoding="UTF-8"?>
<!DOCTYPE html PUBLIC "-//W3C//DTD XHTML 1.0 Transitional//EN"
    "http://www.w3.org/TR/xhtml1/DTD/xhtml1-transitional.dtd">
<html xmlns="http://www.w3.org/1999/xhtml" xml:lang="en" lang="en">
 <head>
  <title>
</title>
<meta http-equiv="Content-Type" content="text/html;charset=utf-8" />
  <meta name='ocr-system' content='tesseract 3.04.00' />
  <meta name='ocr-capabilities' content='ocr_page ocr_carea ocr_par ocr_line ocrx_word'/>
</head>
<body>
  <div class='ocr_page' id='page_1' title='image "./svensktdiplomat00swegoog_0372.png"; bbox 0 0 4362 5946; ppageno 0'>
   <div class='ocr_carea' id='block_1_1' title="bbox 990 385 1405 486">
    <p class='ocr_par' dir='ltr' id='par_1_1' title="bbox 990 385 1405 486">
     <span class='ocr_line' id='line_1_1' title="bbox 990 385 1405 486; baseline 0.005 -40"><span class='ocrx_word' id='word_1_1' title='bbox 990 425 1048 446; x_wconf 89' lang='lat'><strong>..</strong></span> <span class='ocrx_word' id='word_1_2' title='bbox 1157 385 1266 486; x_wconf 69' lang='lat'><strong>328.</strong></span> <span class='ocrx_word' id='word_1_3' title='bbox 1346 429 1405 448; x_wconf 93' lang='grc'><strong>...</strong></span> 
     </span>
    </p>
   </div>
   <div class='ocr_carea' id='block_1_2' title="bbox 179 595 2145 2484">
    <p class='ocr_par' dir='ltr' id='par_1_2' title="bbox 301 595 2051 936">
     <span class='ocr_line' id='line_1_2' title="bbox 305 595 2051 722; baseline 0 -32"><span class='ocrx_word' id='word_1_4' title='bbox 305 607 438 696; x_wconf 81' lang='lat' dir='ltr'>nensis</span> <span class='ocrx_word' id='word_1_5' title='bbox 465 606 634 722; x_wconf 72' lang='lat' dir='ltr'><strong>diocesis</strong></span> <span class='ocrx_word' id='word_1_6' title='bbox 661 603 839 686; x_wconf 82' lang='lat' dir='ltr'><strong>Salutem</strong></span> <span class='ocrx_word' id='word_1_7' title='bbox 867 604 911 684; x_wconf 92' lang='lat' dir='ltr'><strong>in</strong></span> <span class='ocrx_word' id='word_1_8' title='bbox 940 605 1100 686; x_wconf 86' lang='lat' dir='ltr'><strong>nomine</strong></span> <span class='ocrx_word' id='word_1_9' title='bbox 1129 603 1243 683; x_wconf 88' lang='lat' dir='ltr'><strong>ihesu</strong></span> <span class='ocrx_word' id='word_1_10' title='bbox 1258 602 1407 682; x_wconf 89' lang='lat' dir='ltr'><strong>christi.</strong></span> <span class='ocrx_word' id='word_1_11' title='bbox 1429 595 1690 684; x_wconf 85' lang='lat' dir='ltr'><strong>Sacrosan&#39;eta</strong></span> <span class='ocrx_word' id='word_1_12' title='bbox 1714 603 1890 684; x_wconf 78' lang='lat' dir='ltr'><strong>Romana</strong></span> <span class='ocrx_word' id='word_1_13' title='bbox 1903 611 2051 708; x_wconf 74' lang='lat' dir='ltr'><strong>ecclesia·</strong></span> 
     </span>
     <span class='ocr_line' id='line_1_3' title="bbox 302 708 2046 823; baseline -0.002 -20"><span class='ocrx_word' id='word_1_14' title='bbox 302 725 532 812; x_wconf 82' lang='lat' dir='ltr'><strong>deuotus&amp;</strong></span> <span class='ocrx_word' id='word_1_15' title='bbox 560 715 730 798; x_wconf 82' lang='lat' dir='ltr'><strong>humiles</strong></span> <span class='ocrx_word' id='word_1_16' title='bbox 759 715 863 796; x_wconf 85' lang='lat' dir='ltr'><strong>lilios</strong></span> <span class='ocrx_word' id='word_1_17' title='bbox 897 743 948 796; x_wconf 86' lang='lat' dir='ltr'><strong>ex</strong></span> <span class='ocrx_word' id='word_1_18' title='bbox 982 729 1136 794; x_wconf 88' lang='lat' dir='ltr'><strong>assuete</strong></span> <span class='ocrx_word' id='word_1_19' title='bbox 1160 713 1323 820; x_wconf 76' lang='lat' dir='ltr'><strong>pietatis</strong></span> <span class='ocrx_word' id='word_1_20' title='bbox 1349 713 1482 794; x_wconf 85' lang='lat' dir='ltr'><strong>oflicio</strong></span> <span class='ocrx_word' id='word_1_21' title='bbox 1525 708 1764 823; x_wconf 83' lang='lat' dir='ltr'><strong>propensius</strong></span> <span class='ocrx_word' id='word_1_22' title='bbox 1797 713 1951 823; x_wconf 89' lang='lat' dir='ltr'><strong>diligere</strong></span> <span class='ocrx_word' id='word_1_23' title='bbox 1973 747 2046 800; x_wconf 89' lang='lat' dir='ltr'><strong>con·</strong></span> 
     </span>
     <span class='ocr_line' id='line_1_4' title="bbox 301 823 2051 936; baseline -0.003 -22"><span class='ocrx_word' id='word_1_24' title='bbox 301 833 444 914; x_wconf 88' lang='lat' dir='ltr'><strong>sueuit.</strong></span> <span class='ocrx_word' id='word_1_25' title='bbox 471 845 518 910; x_wconf 92' lang='lat' dir='ltr'><strong>et</strong></span> <span class='ocrx_word' id='word_1_26' title='bbox 540 855 593 908; x_wconf 92' lang='lat' dir='ltr'><strong>ne</strong></span> <span class='ocrx_word' id='word_1_27' title='bbox 621 855 841 936; x_wconf 91' lang='lat' dir='ltr'><strong>prauorum</strong></span> <span class='ocrx_word' id='word_1_28' title='bbox 869 825 1091 908; x_wconf 86' lang='lat' dir='ltr'><strong>hominum</strong></span> <span class='ocrx_word' id='word_1_29' title='bbox 1107 823 1296 904; x_wconf 88' lang='lat' dir='ltr'><strong>molestiis</strong></span> <span class='ocrx_word' id='word_1_30' title='bbox 1325 827 1546 930; x_wconf 84' lang='lat' dir='ltr'><strong>agitentur,</strong></span> <span class='ocrx_word' id='word_1_31' title='bbox 1581 853 1650 906; x_wconf 90' lang='lat' dir='ltr'><strong>eos</strong></span> <span class='ocrx_word' id='word_1_32' title='bbox 1678 842 1880 934; x_wconf 82' lang='lat' dir='ltr'><strong>tamquam</strong></span> <span class='ocrx_word' id='word_1_33' title='bbox 1906 833 1963 935; x_wconf 89' lang='lat' dir='ltr'><strong>pia</strong></span> <span class='ocrx_word' id='word_1_34' title='bbox 1986 839 2051 909; x_wconf 87' lang='lat' dir='ltr'><strong>ula·-</strong></span> 
     </span>
    </p>

    <p class='ocr_par' dir='ltr' id='par_1_3' title="bbox 225 935 2050 1272">
     <span class='ocr_line' id='line_1_5' title="bbox 225 935 2048 1049; baseline -0.003 -26"><span class='ocrx_word' id='word_1_35' title='bbox 225 962 227 968; x_wconf 84' lang='lat'>&#39;</span> <span class='ocrx_word' id='word_1_36' title='bbox 298 961 361 1023; x_wconf 89' lang='lat' dir='ltr'><strong>ter</strong></span> <span class='ocrx_word' id='word_1_37' title='bbox 389 969 458 1021; x_wconf 90' lang='lat' dir='ltr'><strong>sue</strong></span> <span class='ocrx_word' id='word_1_38' title='bbox 487 939 753 1049; x_wconf 88' lang='lat' dir='ltr'><strong>protectionis</strong></span> <span class='ocrx_word' id='word_1_39' title='bbox 783 938 1003 1016; x_wconf 89' lang='lat' dir='ltr'><strong>munimine</strong></span> <span class='ocrx_word' id='word_1_40' title='bbox 1031 935 1257 1015; x_wconf 89' lang='lat' dir='ltr'><strong>confauere.</strong></span> <span class='ocrx_word' id='word_1_41' title='bbox 1287 935 1515 1043; x_wconf 89' lang='lat' dir='ltr'><strong>Eapropter</strong></span> <span class='ocrx_word' id='word_1_42' title='bbox 1544 935 1680 1016; x_wconf 87' lang='lat' dir='ltr'><strong>dilecti</strong></span> <span class='ocrx_word' id='word_1_43' title='bbox 1693 935 1899 1017; x_wconf 77' lang='lat' dir='ltr'><strong>in‘christo</strong></span> <span class='ocrx_word' id='word_1_44' title='bbox 1916 939 2048 1034; x_wconf 74' lang='lat' dir='ltr'><strong>iratres,</strong></span> 
     </span>
     <span class='ocr_line' id='line_1_6' title="bbox 298 1048 2050 1156; baseline -0.003 -22"><span class='ocrx_word' id='word_1_45' title='bbox 298 1053 443 1139; x_wconf 84' lang='lat' dir='ltr'><strong>uestris</strong></span> <span class='ocrx_word' id='word_1_46' title='bbox 471 1051 585 1131; x_wconf 91' lang='lat' dir='ltr'><strong>iustis</strong></span> <span class='ocrx_word' id='word_1_47' title='bbox 613 1048 956 1156; x_wconf 90' lang='lat' dir='ltr'><strong>postulationibus</strong></span> <span class='ocrx_word' id='word_1_48' title='bbox 1011 1062 1100 1125; x_wconf 90' lang='lat' dir='ltr'><strong>rato</strong></span> <span class='ocrx_word' id='word_1_49' title='bbox 1128 1063 1414 1126; x_wconf 87' lang='lat' dir='ltr'><strong>concurrentes</strong></span> <span class='ocrx_word' id='word_1_50' title='bbox 1446 1074 1627 1142; x_wconf 88' lang='lat' dir='ltr'><strong>assensu,</strong></span> <span class='ocrx_word' id='word_1_51' title='bbox 1657 1074 1850 1155; x_wconf 78' lang='lat' dir='ltr'><strong>personas</strong></span> <span class='ocrx_word' id='word_1_52' title='bbox 1864 1055 2050 1128; x_wconf 80' lang='lat' dir='ltr'><strong>uestras&amp;</strong></span> 
     </span>
     <span class='ocr_line' id='line_1_7' title="bbox 299 1076 2050 1272; baseline -0.001 -30"><span class='ocrx_word' id='word_1_53' title='bbox 299 1164 430 1244; x_wconf 91' lang='lat' dir='ltr'><strong>locum</strong></span> <span class='ocrx_word' id='word_1_54' title='bbox 459 1163 502 1241; x_wconf 92' lang='lat' dir='ltr'><strong>in</strong></span> <span class='ocrx_word' id='word_1_55' title='bbox 532 1187 615 1272; x_wconf 90' lang='lat' dir='ltr'><strong>quo</strong></span> <span class='ocrx_word' id='word_1_56' title='bbox 644 1158 786 1239; x_wconf 92' lang='lat' dir='ltr'><strong>diuino</strong></span> <span class='ocrx_word' id='word_1_57' title='bbox 824 1159 917 1237; x_wconf 86' lang='lat' dir='ltr'><strong>estis</strong></span> <span class='ocrx_word' id='word_1_58' title='bbox 962 1076 1159 1264; x_wconf 61' lang='lat' dir='ltr'><strong>obsequio</strong></span> <span class='ocrx_word' id='word_1_59' title='bbox 1206 1158 1441 1264; x_wconf 86' lang='lat' dir='ltr'><strong>mancipati,</strong></span> <span class='ocrx_word' id='word_1_60' title='bbox 1485 1159 1560 1237; x_wconf 91' lang='lat' dir='ltr'><strong>sub</strong></span> <span class='ocrx_word' id='word_1_61' title='bbox 1597 1156 1704 1238; x_wconf 87' lang='lat' dir='ltr'><strong>beati</strong></span> <span class='ocrx_word' id='word_1_62' title='bbox 1739 1161 1858 1265; x_wconf 86' lang='lat' dir='ltr'><strong>petri</strong></span> <span class='ocrx_word' id='word_1_63' title='bbox 1897 1165 1933 1238; x_wconf 98' lang='grc'><strong>8(</strong></span> <span class='ocrx_word' id='word_1_64' title='bbox 1969 1159 2050 1240; x_wconf 88' lang='lat' dir='ltr'><strong>sedis</strong></span> 
     </span>
    </p>

    <p class='ocr_par' dir='ltr' id='par_1_4' title="bbox 179 1259 2145 1711">
     <span class='ocr_line' id='line_1_8' title="bbox 179 1259 2052 1384; baseline -0.003 -31"><span class='ocrx_word' id='word_1_65' title='bbox 179 1310 190 1324; x_wconf 78' lang='grc'><em>·</em></span> <span class='ocrx_word' id='word_1_66' title='bbox 296 1269 514 1382; x_wconf 88' lang='lat' dir='ltr'><strong>apostolice</strong></span> <span class='ocrx_word' id='word_1_67' title='bbox 531 1259 788 1384; x_wconf 76' lang='lat' dir='ltr'><strong>protectione</strong></span> <span class='ocrx_word' id='word_1_68' title='bbox 803 1297 883 1378; x_wconf 89' lang='lat' dir='ltr'><strong>qua</strong></span> <span class='ocrx_word' id='word_1_69' title='bbox 912 1266 1119 1373; x_wconf 85' lang='lat' dir='ltr'><strong>fungimur</strong></span> <span class='ocrx_word' id='word_1_70' title='bbox 1147 1266 1387 1348; x_wconf 87' lang='lat' dir='ltr'><strong>auctoritate</strong></span> <span class='ocrx_word' id='word_1_71' title='bbox 1415 1269 1665 1376; x_wconf 84' lang='lat' dir='ltr'><strong>suscipimus.</strong></span> <span class='ocrx_word' id='word_1_72' title='bbox 1696 1296 1787 1347; x_wconf 90' lang='lat' dir='ltr'><strong>cum</strong></span> <span class='ocrx_word' id='word_1_73' title='bbox 1808 1267 2052 1348; x_wconf 84' lang='lat' dir='ltr'><strong>omnibusbo</strong></span> 
     </span>
     <span class='ocr_line' id='line_1_9' title="bbox 296 1367 2053 1493; baseline -0.003 -29"><span class='ocrx_word' id='word_1_74' title='bbox 296 1387 359 1465; x_wconf 91' lang='lat' dir='ltr'><strong>nis</strong></span> <span class='ocrx_word' id='word_1_75' title='bbox 389 1411 468 1493; x_wconf 90' lang='lat' dir='ltr'><strong>que</strong></span> <span class='ocrx_word' id='word_1_76' title='bbox 496 1381 846 1490; x_wconf 87' lang='lat' dir='ltr'><strong>impresentiarum</strong></span> <span class='ocrx_word' id='word_1_77' title='bbox 875 1367 988 1459; x_wconf 85' lang='lat' dir='ltr'><strong>locus</strong></span> <span class='ocrx_word' id='word_1_78' title='bbox 1016 1380 1102 1485; x_wconf 90' lang='lat' dir='ltr'><strong>ipse</strong></span> <span class='ocrx_word' id='word_1_79' title='bbox 1131 1375 1309 1485; x_wconf 88' lang='lat' dir='ltr'><strong>possidet</strong></span> <span class='ocrx_word' id='word_1_80' title='bbox 1338 1396 1408 1458; x_wconf 91' lang='lat' dir='ltr'><strong>ant</strong></span> <span class='ocrx_word' id='word_1_81' title='bbox 1437 1382 1479 1458; x_wconf 91' lang='lat' dir='ltr'><strong>in</strong></span> <span class='ocrx_word' id='word_1_82' title='bbox 1509 1377 1690 1458; x_wconf 87' lang='lat' dir='ltr'><strong>futurum</strong></span> <span class='ocrx_word' id='word_1_83' title='bbox 1705 1379 1816 1458; x_wconf 89' lang='lat' dir='ltr'><strong>iustis</strong></span> <span class='ocrx_word' id='word_1_84' title='bbox 1838 1377 1959 1458; x_wconf 91' lang='lat' dir='ltr'><strong>modis</strong></span> <span class='ocrx_word' id='word_1_85' title='bbox 1977 1408 2053 1458; x_wconf 92' lang='lat' dir='ltr'><strong>con·</strong></span> 
     </span>
     <span class='ocr_line' id='line_1_10' title="bbox 296 1486 2055 1599; baseline -0.003 -25"><span class='ocrx_word' id='word_1_86' title='bbox 296 1493 464 1598; x_wconf 83' lang='lat' dir='ltr'><strong>cedente</strong></span> <span class='ocrx_word' id='word_1_87' title='bbox 493 1493 657 1574; x_wconf 89' lang='lat' dir='ltr'><strong>domino</strong></span> <span class='ocrx_word' id='word_1_88' title='bbox 686 1492 837 1599; x_wconf 89' lang='lat' dir='ltr'><strong>poterit</strong></span> <span class='ocrx_word' id='word_1_89' title='bbox 864 1486 1050 1594; x_wconf 85' lang='lat' dir='ltr'><strong>adipisci,</strong></span> <span class='ocrx_word' id='word_1_90' title='bbox 1081 1487 1317 1594; x_wconf 89' lang='lat' dir='ltr'><strong>Specialiter</strong></span> <span class='ocrx_word' id='word_1_91' title='bbox 1332 1507 1466 1568; x_wconf 89' lang='lat' dir='ltr'><strong>autem</strong></span> <span class='ocrx_word' id='word_1_92' title='bbox 1482 1489 1678 1598; x_wconf 88' lang='lat' dir='ltr'><strong>Grangias</strong></span> <span class='ocrx_word' id='word_1_93' title='bbox 1694 1488 1835 1570; x_wconf 91' lang='lat' dir='ltr'><strong>domos</strong></span> <span class='ocrx_word' id='word_1_94' title='bbox 1849 1507 1969 1569; x_wconf 89' lang='lat' dir='ltr'><strong>terras</strong></span> <span class='ocrx_word' id='word_1_95' title='bbox 1982 1519 2055 1596; x_wconf 88' lang='lat' dir='ltr'><strong>pos-</strong></span> 
     </span>
     <span class='ocr_line' id='line_1_11' title="bbox 296 1599 2145 1711; baseline -0.004 -27"><span class='ocrx_word' id='word_1_96' title='bbox 296 1599 493 1688; x_wconf 79' lang='lat' dir='ltr'><strong>sessiones</strong></span> <span class='ocrx_word' id='word_1_97' title='bbox 521 1620 640 1711; x_wconf 91' lang='lat' dir='ltr'><strong>prata</strong></span> <span class='ocrx_word' id='word_1_98' title='bbox 669 1602 859 1710; x_wconf 83' lang='lat' dir='ltr'><strong>piscarias</strong></span> <span class='ocrx_word' id='word_1_99' title='bbox 889 1599 1037 1694; x_wconf 87' lang='lat' dir='ltr'><strong>Siluas,</strong></span> <span class='ocrx_word' id='word_1_100' title='bbox 1061 1627 1212 1704; x_wconf 89' lang='lat' dir='ltr'><strong>pascua</strong></span> <span class='ocrx_word' id='word_1_101' title='bbox 1246 1603 1285 1676; x_wconf 89' lang='grc'><strong>8(</strong></span> <span class='ocrx_word' id='word_1_102' title='bbox 1313 1599 1389 1678; x_wconf 88' lang='lat' dir='ltr'><strong>alia</strong></span> <span class='ocrx_word' id='word_1_103' title='bbox 1420 1601 1527 1679; x_wconf 85' lang='lat' dir='ltr'><strong>bona</strong></span> <span class='ocrx_word' id='word_1_104' title='bbox 1566 1617 1699 1680; x_wconf 90' lang='lat' dir='ltr'><strong>uestra</strong></span> <span class='ocrx_word' id='word_1_105' title='bbox 1742 1601 1846 1680; x_wconf 91' lang='lat' dir='ltr'><strong>sicut</strong></span> <span class='ocrx_word' id='word_1_106' title='bbox 1876 1629 1917 1679; x_wconf 91' lang='lat' dir='ltr'><strong>ea</strong></span> <span class='ocrx_word' id='word_1_107' title='bbox 1947 1601 2055 1680; x_wconf 87' lang='lat' dir='ltr'><strong>omnia</strong></span> <span class='ocrx_word' id='word_1_108' title='bbox 2144 1641 2145 1644; x_wconf 36' lang='lat'>¹</span> 
     </span>
    </p>

    <p class='ocr_par' dir='ltr' id='par_1_5' title="bbox 216 1709 2145 2156">
     <span class='ocr_line' id='line_1_12' title="bbox 216 1709 2057 1822; baseline -0.005 -27"><span class='ocrx_word' id='word_1_109' title='bbox 216 1781 217 1786; x_wconf 65' lang='lat'>,</span> <span class='ocrx_word' id='word_1_110' title='bbox 285 1717 397 1795; x_wconf 70' lang='lat' dir='ltr'><strong>&#39;iuste</strong></span> <span class='ocrx_word' id='word_1_111' title='bbox 426 1743 472 1794; x_wconf 87' lang='lat' dir='ltr'><strong>ac</strong></span> <span class='ocrx_word' id='word_1_112' title='bbox 502 1713 666 1822; x_wconf 88' lang='lat' dir='ltr'><strong>pacifice</strong></span> <span class='ocrx_word' id='word_1_113' title='bbox 696 1709 926 1820; x_wconf 86' lang='lat' dir='ltr'><strong>possidetis,</strong></span> <span class='ocrx_word' id='word_1_114' title='bbox 956 1709 1073 1788; x_wconf 91' lang='lat' dir='ltr'><strong>uobis</strong></span> <span class='ocrx_word' id='word_1_115' title='bbox 1103 1713 1244 1814; x_wconf 82' lang='lat' dir='ltr'><strong>&amp;per</strong></span> <span class='ocrx_word' id='word_1_116' title='bbox 1273 1737 1346 1788; x_wconf 89' lang='lat' dir='ltr'><strong>uos</strong></span> <span class='ocrx_word' id='word_1_117' title='bbox 1382 1711 1626 1789; x_wconf 86' lang='lat' dir='ltr'><strong>lllonasterio</strong></span> <span class='ocrx_word' id='word_1_118' title='bbox 1662 1729 1797 1791; x_wconf 90' lang='lat' dir='ltr'><strong>uestro</strong></span> <span class='ocrx_word' id='word_1_119' title='bbox 1833 1711 1966 1790; x_wconf 86' lang='lat' dir='ltr'><strong>eadem</strong></span> <span class='ocrx_word' id='word_1_120' title='bbox 2004 1739 2057 1788; x_wconf 87' lang='lat' dir='ltr'><strong>au·</strong></span> 
     </span>
     <span class='ocr_line' id='line_1_13' title="bbox 295 1819 2145 1927; baseline -0.004 -22"><span class='ocrx_word' id='word_1_121' title='bbox 295 1826 481 1906; x_wconf 89' lang='lat' dir='ltr'><strong>ctoritate</strong></span> <span class='ocrx_word' id='word_1_122' title='bbox 495 1824 773 1903; x_wconf 88' lang='lat' dir='ltr'><strong>confirmamus</strong></span> <span class='ocrx_word' id='word_1_123' title='bbox 802 1826 841 1900; x_wconf 90' lang='grc'><strong>8(</strong></span> <span class='ocrx_word' id='word_1_124' title='bbox 868 1821 1066 1927; x_wconf 88' lang='lat' dir='ltr'><strong>presentis</strong></span> <span class='ocrx_word' id='word_1_125' title='bbox 1095 1819 1235 1925; x_wconf 86' lang='lat' dir='ltr'><strong>scripti</strong></span> <span class='ocrx_word' id='word_1_126' title='bbox 1264 1822 1493 1924; x_wconf 88' lang='lat' dir='ltr'><strong>patrocinio</strong></span> <span class='ocrx_word' id='word_1_127' title='bbox 1518 1822 1819 1902; x_wconf 90' lang='lat' dir='ltr'><strong>communimus.</strong></span> <span class='ocrx_word' id='word_1_128' title='bbox 1849 1821 1955 1901; x_wconf 88' lang='lat' dir='ltr'><strong>Nulli</strong></span> <span class='ocrx_word' id='word_1_129' title='bbox 1972 1847 2057 1927; x_wconf 62' lang='lat' dir='ltr'><strong>‘ergo</strong></span> <span class='ocrx_word' id='word_1_130' title='bbox 2144 1819 2145 1822; x_wconf 62' lang='grc'>’</span> 
     </span>
     <span class='ocr_line' id='line_1_14' title="bbox 296 1930 2060 2040; baseline -0.004 -25"><span class='ocrx_word' id='word_1_131' title='bbox 296 1936 460 2016; x_wconf 91' lang='lat' dir='ltr'><strong>omnino</strong></span> <span class='ocrx_word' id='word_1_132' title='bbox 488 1936 697 2013; x_wconf 90' lang='lat' dir='ltr'><strong>hominum</strong></span> <span class='ocrx_word' id='word_1_133' title='bbox 727 1932 842 2010; x_wconf 90' lang='lat' dir='ltr'><strong>liceat</strong></span> <span class='ocrx_word' id='word_1_134' title='bbox 870 1930 975 2010; x_wconf 88' lang='lat' dir='ltr'><strong>hanc</strong></span> <span class='ocrx_word' id='word_1_135' title='bbox 1005 1930 1193 2038; x_wconf 87' lang='lat' dir='ltr'><strong>paginam</strong></span> <span class='ocrx_word' id='word_1_136' title='bbox 1232 1948 1367 2010; x_wconf 91' lang='lat' dir='ltr'><strong>nostre</strong></span> <span class='ocrx_word' id='word_1_137' title='bbox 1409 1931 1672 2040; x_wconf 90' lang='lat' dir='ltr'><strong>protectionis</strong></span> <span class='ocrx_word' id='word_1_138' title='bbox 1702 1937 1740 2014; x_wconf 93' lang='grc'><strong>8(</strong></span> <span class='ocrx_word' id='word_1_139' title='bbox 1769 1933 2060 2013; x_wconf 81' lang='lat' dir='ltr'><strong>confirmationis</strong></span> 
     </span>
     <span class='ocr_line' id='line_1_15' title="bbox 294 2039 2059 2156; baseline -0.004 -29"><span class='ocrx_word' id='word_1_140' title='bbox 294 2045 516 2156; x_wconf 88' lang='lat' dir='ltr'><strong>infringere</strong></span> <span class='ocrx_word' id='word_1_141' title='bbox 545 2044 608 2124; x_wconf 90' lang='lat' dir='ltr'><strong>uel</strong></span> <span class='ocrx_word' id='word_1_142' title='bbox 638 2045 674 2122; x_wconf 91' lang='lat' dir='ltr'><strong>ei</strong></span> <span class='ocrx_word' id='word_1_143' title='bbox 703 2071 804 2121; x_wconf 89' lang='lat' dir='ltr'><strong>ausu</strong></span> <span class='ocrx_word' id='word_1_144' title='bbox 832 2042 1043 2129; x_wconf 84' lang='lat' dir='ltr'><strong>temerario</strong></span> <span class='ocrx_word' id='word_1_145' title='bbox 1072 2039 1274 2119; x_wconf 90' lang='lat' dir='ltr'><strong>contraire</strong></span> <span class='ocrx_word' id='word_1_146' title='bbox 1306 2041 1464 2152; x_wconf 81' lang='lat' dir='ltr'><strong>Si&#39;quis</strong></span> <span class='ocrx_word' id='word_1_147' title='bbox 1480 2057 1612 2124; x_wconf 89' lang='lat' dir='ltr'><strong>autem</strong></span> <span class='ocrx_word' id='word_1_148' title='bbox 1629 2041 1706 2123; x_wconf 91' lang='lat' dir='ltr'><strong>hoc</strong></span> <span class='ocrx_word' id='word_1_149' title='bbox 1736 2059 1972 2150; x_wconf 87' lang='lat' dir='ltr'><strong>attemptare</strong></span> <span class='ocrx_word' id='word_1_150' title='bbox 1986 2068 2059 2150; x_wconf 91' lang='lat' dir='ltr'><strong>pre·</strong></span> 
     </span>
    </p>

    <p class='ocr_par' dir='ltr' id='par_1_6' title="bbox 247 2147 2060 2371">
     <span class='ocr_line' id='line_1_16' title="bbox 247 2147 2059 2264; baseline -0.004 -28"><span class='ocrx_word' id='word_1_151' title='bbox 247 2188 251 2196; x_wconf 61' lang='lat'><strong><em>¹</em></strong></span> <span class='ocrx_word' id='word_1_152' title='bbox 292 2159 507 2264; x_wconf 84' lang='lat' dir='ltr'><strong>sumpserit</strong></span> <span class='ocrx_word' id='word_1_153' title='bbox 537 2155 853 2264; x_wconf 88' lang='lat' dir='ltr'><strong>indignationem</strong></span> <span class='ocrx_word' id='word_1_154' title='bbox 882 2153 1167 2259; x_wconf 86' lang='lat' dir='ltr'><strong>omnipotentis</strong></span> <span class='ocrx_word' id='word_1_155' title='bbox 1197 2147 1262 2228; x_wconf 91' lang='lat' dir='ltr'><strong>dei</strong></span> <span class='ocrx_word' id='word_1_156' title='bbox 1292 2155 1331 2231; x_wconf 93' lang='grc'><strong>8(</strong></span> <span class='ocrx_word' id='word_1_157' title='bbox 1359 2151 1571 2232; x_wconf 90' lang='lat' dir='ltr'><strong>beatorum</strong></span> <span class='ocrx_word' id='word_1_158' title='bbox 1592 2155 1698 2261; x_wconf 89' lang='lat' dir='ltr'><strong>petri</strong></span> <span class='ocrx_word' id='word_1_159' title='bbox 1727 2157 1767 2238; x_wconf 83' lang='grc'><strong>8(</strong></span> <span class='ocrx_word' id='word_1_160' title='bbox 1795 2155 1907 2260; x_wconf 85' lang='lat' dir='ltr'><strong>pauli</strong></span> <span class='ocrx_word' id='word_1_161' title='bbox 1923 2169 2059 2260; x_wconf 83' lang='lat' dir='ltr'><strong>aposto</strong></span> 
     </span>
     <span class='ocr_line' id='line_1_17' title="bbox 294 2262 2060 2371; baseline -0.003 -24"><span class='ocrx_word' id='word_1_162' title='bbox 294 2269 424 2347; x_wconf 92' lang='lat' dir='ltr'><strong>lorum</strong></span> <span class='ocrx_word' id='word_1_163' title='bbox 453 2268 539 2345; x_wconf 91' lang='lat' dir='ltr'><strong>eius</strong></span> <span class='ocrx_word' id='word_1_164' title='bbox 567 2293 608 2346; x_wconf 88' lang='lat' dir='ltr'><strong>se</strong></span> <span class='ocrx_word' id='word_1_165' title='bbox 643 2265 806 2343; x_wconf 92' lang='lat' dir='ltr'><strong>nouerit</strong></span> <span class='ocrx_word' id='word_1_166' title='bbox 849 2263 1116 2341; x_wconf 87' lang='lat' dir='ltr'><strong>incursurum.</strong></span> <span class='ocrx_word' id='word_1_167' title='bbox 1162 2262 1302 2341; x_wconf 84' lang='lat' dir='ltr'><strong>datum</strong></span> <span class='ocrx_word' id='word_1_168' title='bbox 1345 2263 1454 2371; x_wconf 93' lang='lat' dir='ltr'><strong>apud</strong></span> <span class='ocrx_word' id='word_1_169' title='bbox 1497 2265 1783 2350; x_wconf 87' lang='lat' dir='ltr'><strong>lllonasterium</strong></span> <span class='ocrx_word' id='word_1_170' title='bbox 1832 2264 1884 2344; x_wconf 91' lang='lat' dir='ltr'><strong>de</strong></span> <span class='ocrx_word' id='word_1_171' title='bbox 1926 2263 2060 2343; x_wconf 89' lang='lat' dir='ltr'><strong>Risiber</strong></span> 
     </span>
    </p>

    <p class='ocr_par' dir='ltr' id='par_1_7' title="bbox 206 2365 1848 2484">
     <span class='ocr_line' id='line_1_18' title="bbox 206 2365 1848 2484; baseline 0.002 -28"><span class='ocrx_word' id='word_1_172' title='bbox 206 2371 210 2383; x_wconf 82' lang='grc'><em>’</em></span> <span class='ocrx_word' id='word_1_173' title='bbox 296 2376 374 2465; x_wconf 83' lang='lat' dir='ltr'><strong>kal.</strong></span> <span class='ocrx_word' id='word_1_174' title='bbox 405 2375 507 2462; x_wconf 85' lang='lat' dir='ltr'><strong>sehr.</strong></span> <span class='ocrx_word' id='word_1_175' title='bbox 537 2375 795 2484; x_wconf 79' lang='lat' dir='ltr'><strong>pontificatus</strong></span> <span class='ocrx_word' id='word_1_176' title='bbox 824 2372 976 2464; x_wconf 88' lang='lat' dir='ltr'><strong>domini</strong></span> <span class='ocrx_word' id='word_1_177' title='bbox 1005 2365 1237 2453; x_wconf 78' lang='lat' dir='ltr'><strong>innocentii</strong></span> <span class='ocrx_word' id='word_1_178' title='bbox 1265 2401 1380 2481; x_wconf 89' lang='lat' dir='ltr'><strong>pape.</strong></span> <span class='ocrx_word' id='word_1_179' title='bbox 1413 2377 1502 2455; x_wconf 94' lang='lat' dir='ltr'><strong>IIII.</strong></span> <span class='ocrx_word' id='word_1_180' title='bbox 1530 2384 1649 2454; x_wconf 83' lang='lat' dir='ltr'><strong>Anno</strong></span> <span class='ocrx_word' id='word_1_181' title='bbox 1680 2377 1848 2478; x_wconf 81' lang='lat' dir='ltr'><strong>Quinto</strong></span> 
     </span>
    </p>
   </div>
   <div class='ocr_carea' id='block_1_3' title="bbox 1031 2514 1342 2603">
    <p class='ocr_par' dir='ltr' id='par_1_8' title="bbox 1031 2514 1342 2603">
     <span class='ocr_line' id='line_1_19' title="bbox 1031 2514 1342 2603; baseline 0.01 -30"><span class='ocrx_word' id='word_1_182' title='bbox 1031 2515 1152 2603; x_wconf 78' lang='lat' dir='ltr'><strong>Sigillet</strong></span> <span class='ocrx_word' id='word_1_183' title='bbox 1173 2514 1342 2576; x_wconf 81' lang='lat' dir='ltr'><strong>bortsallet.</strong></span> 
     </span>
    </p>
   </div>
   <div class='ocr_carea' id='block_1_4' title="bbox 300 2747 2059 2892">
    <p class='ocr_par' dir='ltr' id='par_1_9' title="bbox 300 2747 2059 2892">
     <span class='ocr_line' id='line_1_20' title="bbox 300 2747 2059 2892; baseline -0.006 -36"><span class='ocrx_word' id='word_1_184' title='bbox 300 2749 430 2857; x_wconf 84' lang='lat'><strong>356.</strong></span> <span class='ocrx_word' id='word_1_185' title='bbox 727 2815 732 2820; x_wconf 95' lang='lat'>-</span> <span class='ocrx_word' id='word_1_186' title='bbox 931 2747 1080 2876; x_wconf 71' lang='lat'><strong>1248</strong></span> <span class='ocrx_word' id='word_1_187' title='bbox 1128 2747 1175 2852; x_wconf 93' lang='lat' dir='ltr'><strong>d.</strong></span> <span class='ocrx_word' id='word_1_188' title='bbox 1231 2788 1251 2853; x_wconf 91' lang='lat'>1</span> <span class='ocrx_word' id='word_1_189' title='bbox 1302 2748 1451 2882; x_wconf 82' lang='lat' dir='ltr'><strong>Febr.</strong></span> <span class='ocrx_word' id='word_1_190' title='bbox 1768 2748 2059 2892; x_wconf 86' lang='lat' dir='ltr'><strong>Skenninge.</strong></span> 
     </span>
    </p>
   </div>
   <div class='ocr_carea' id='block_1_5' title="bbox 375 2927 2063 3138">
    <p class='ocr_par' dir='ltr' id='par_1_10' title="bbox 375 2927 2063 3138">
     <span class='ocr_line' id='line_1_21' title="bbox 375 2927 2063 3052; baseline -0.005 -18"><span class='ocrx_word' id='word_1_191' title='bbox 375 2967 453 3034; x_wconf 74' lang='lat' dir='ltr'><strong>Pau</strong></span> <span class='ocrx_word' id='word_1_192' title='bbox 475 2971 623 3050; x_wconf 81' lang='lat' dir='ltr'><strong>Legaten,</strong></span> <span class='ocrx_word' id='word_1_193' title='bbox 646 2969 724 3031; x_wconf 78' lang='lat' dir='ltr'><strong>Bislr·</strong></span> <span class='ocrx_word' id='word_1_194' title='bbox 747 2967 972 3038; x_wconf 75' lang='lat' dir='ltr'><strong>Wrnnsuus‘af</strong></span> <span class='ocrx_word' id='word_1_195' title='bbox 989 2967 1103 3028; x_wconf 84' lang='lat' dir='ltr'><strong>Sabina</strong></span> <span class='ocrx_word' id='word_1_196' title='bbox 1122 2927 1204 3031; x_wconf 17' lang='lat' dir='ltr'><strong>*Bref</strong></span> <span class='ocrx_word' id='word_1_197' title='bbox 1220 2971 1378 3052; x_wconf 69' lang='lat' dir='ltr'><strong>angiende</strong></span> <span class='ocrx_word' id='word_1_198' title='bbox 1399 2973 1514 3052; x_wconf 79' lang='lat' dir='ltr'><strong>syratio</strong></span> <span class='ocrx_word' id='word_1_199' title='bbox 1535 2967 1786 3051; x_wconf 78' lang='lat' dir='ltr'><strong>‹lagarsaflatllir</strong></span> <span class='ocrx_word' id='word_1_200' title='bbox 1805 2969 1896 3048; x_wconf 87' lang='lat' dir='ltr'><strong>dem,</strong></span> <span class='ocrx_word' id='word_1_201' title='bbox 1918 2989 1981 3030; x_wconf 83' lang='lat' dir='ltr'><strong>som</strong></span> <span class='ocrx_word' id='word_1_202' title='bbox 2001 2967 2063 3027; x_wconf 86' lang='lat' dir='ltr'><strong>lem·</strong></span> 
     </span>
     <span class='ocr_line' id='line_1_22' title="bbox 428 3050 1755 3138; baseline -0.001 -23"><span class='ocrx_word' id='word_1_203' title='bbox 428 3051 505 3115; x_wconf 87' lang='lat' dir='ltr'><strong>nade</strong></span> <span class='ocrx_word' id='word_1_204' title='bbox 527 3053 620 3132; x_wconf 73' lang='lat' dir='ltr'><strong>nigot</strong></span> <span class='ocrx_word' id='word_1_205' title='bbox 641 3051 806 3131; x_wconf 69' lang='lat' dir='ltr'><strong>understiid</strong></span> <span class='ocrx_word' id='word_1_206' title='bbox 828 3052 876 3112; x_wconf 83' lang='lat' dir='ltr'><strong>till</strong></span> <span class='ocrx_word' id='word_1_207' title='bbox 897 3050 949 3112; x_wconf 81' lang='lat' dir='ltr'><strong>det</strong></span> <span class='ocrx_word' id='word_1_208' title='bbox 970 3051 1281 3136; x_wconf 34' lang='lat' dir='ltr'><strong>nedhrtindagwreta</strong></span> <span class='ocrx_word' id='word_1_209' title='bbox 1302 3055 1431 3122; x_wconf 74' lang='lat' dir='ltr'><strong>kloster-s</strong></span> <span class='ocrx_word' id='word_1_210' title='bbox 1452 3053 1755 3138; x_wconf 70' lang='lat' dir='ltr'><strong>iteruppbyggande.</strong></span> 
     </span>
    </p>
   </div>
   <div class='ocr_carea' id='block_1_6' title="bbox 1756 3168 1951 3237">
    <p class='ocr_par' dir='ltr' id='par_1_11' title="bbox 1756 3168 1951 3237">
     <span class='ocr_line' id='line_1_23' title="bbox 1756 3168 1951 3237; baseline -0.046 -11"><span class='ocrx_word' id='word_1_211' title='bbox 1756 3169 1790 3226; x_wconf 57' lang='grc' dir='ltr'>Α</span> <span class='ocrx_word' id='word_1_212' title='bbox 1810 3183 1837 3222; x_wconf 78' lang='lat' dir='ltr'><strong>s:</strong></span> <span class='ocrx_word' id='word_1_213' title='bbox 1859 3168 1888 3234; x_wconf 73' lang='lat' dir='ltr'><strong>d.</strong></span> <span class='ocrx_word' id='word_1_214' title='bbox 1909 3169 1951 3237; x_wconf 58' lang='grc' dir='ltr'><strong>ξι.</strong></span> 
     </span>
    </p>
   </div>
   <div class='ocr_carea' id='block_1_7' title="bbox 107 3299 2073 5050">
    <p class='ocr_par' dir='ltr' id='par_1_12' title="bbox 295 3299 2066 3744">
     <span class='ocr_line' id='line_1_24' title="bbox 461 3299 2065 3410; baseline -0.005 -25"><span class='ocrx_word' id='word_1_215' title='bbox 461 3307 715 3386; x_wconf 76' lang='lat' dir='ltr'><strong>Wmuutuus</strong></span> <span class='ocrx_word' id='word_1_216' title='bbox 746 3310 818 3384; x_wconf 79' lang='lat' dir='ltr'><strong>&amp;o</strong></span> <span class='ocrx_word' id='word_1_217' title='bbox 848 3307 931 3384; x_wconf 74' lang='lat' dir='ltr'><strong>lita</strong></span> <span class='ocrx_word' id='word_1_218' title='bbox 958 3307 1048 3387; x_wconf 85' lang='lat' dir='ltr'><strong>med</strong></span> <span class='ocrx_word' id='word_1_219' title='bbox 1074 3307 1151 3384; x_wconf 80' lang='lat' dir='ltr'><strong>Nm</strong></span> <span class='ocrx_word' id='word_1_220' title='bbox 1181 3303 1259 3383; x_wconf 81' lang='lat'><strong>352</strong></span> <span class='ocrx_word' id='word_1_221' title='bbox 1284 3307 1354 3396; x_wconf 74' lang='lat' dir='ltr'><strong>ult</strong></span> <span class='ocrx_word' id='word_1_222' title='bbox 1379 3305 1503 3382; x_wconf 86' lang='lat' dir='ltr'><strong>uitam</strong></span> <span class='ocrx_word' id='word_1_223' title='bbox 1533 3323 1721 3385; x_wconf 88' lang='lat' dir='ltr'><strong>eternam.</strong></span> <span class='ocrx_word' id='word_1_224' title='bbox 1752 3304 1851 3382; x_wconf 91' lang='lat' dir='ltr'><strong>Cum</strong></span> <span class='ocrx_word' id='word_1_225' title='bbox 1882 3305 2005 3410; x_wconf 86' lang='lat' dir='ltr'><strong>igitur</strong></span> <span class='ocrx_word' id='word_1_226' title='bbox 2019 3299 2065 3379; x_wconf 88' lang='lat' dir='ltr'><strong>di·</strong></span> 
     </span>
     <span class='ocr_line' id='line_1_25' title="bbox 295 3407 2066 3521; baseline -0.005 -26"><span class='ocrx_word' id='word_1_227' title='bbox 295 3418 396 3496; x_wconf 89' lang='lat' dir='ltr'><strong>lecte</strong></span> <span class='ocrx_word' id='word_1_228' title='bbox 424 3417 468 3494; x_wconf 92' lang='lat' dir='ltr'><strong>in</strong></span> <span class='ocrx_word' id='word_1_229' title='bbox 497 3417 647 3496; x_wconf 88' lang='lat' dir='ltr'><strong>christo</strong></span> <span class='ocrx_word' id='word_1_230' title='bbox 676 3441 844 3495; x_wconf 86' lang='lat' dir='ltr'><strong>sorores.</strong></span> <span class='ocrx_word' id='word_1_231' title='bbox 873 3415 925 3492; x_wconf 87' lang='lat' dir='ltr'><strong>K.</strong></span> <span class='ocrx_word' id='word_1_232' title='bbox 955 3416 1155 3495; x_wconf 87' lang='lat' dir='ltr'><strong>abbatissa</strong></span> <span class='ocrx_word' id='word_1_233' title='bbox 1184 3421 1222 3494; x_wconf 92' lang='grc'><strong>8(</strong></span> <span class='ocrx_word' id='word_1_234' title='bbox 1250 3414 1440 3494; x_wconf 87' lang='lat' dir='ltr'><strong>Moniales</strong></span> <span class='ocrx_word' id='word_1_235' title='bbox 1468 3413 1700 3521; x_wconf 82' lang='lat' dir='ltr'><strong>Monosterij</strong></span> <span class='ocrx_word' id='word_1_236' title='bbox 1722 3429 1858 3493; x_wconf 85' lang='lat' dir='ltr'><strong>sancte</strong></span> <span class='ocrx_word' id='word_1_237' title='bbox 1891 3415 2010 3492; x_wconf 88' lang='lat' dir='ltr'><strong>marie</strong></span> <span class='ocrx_word' id='word_1_238' title='bbox 2027 3407 2066 3489; x_wconf 87' lang='lat' dir='ltr'><strong>de</strong></span> 
     </span>
     <span class='ocr_line' id='line_1_26' title="bbox 296 3522 2066 3632; baseline -0.003 -26"><span class='ocrx_word' id='word_1_239' title='bbox 296 3528 458 3606; x_wconf 90' lang='lat' dir='ltr'><strong>Wretis.</strong></span> <span class='ocrx_word' id='word_1_240' title='bbox 489 3527 752 3606; x_wconf 85' lang='lat' dir='ltr'><strong>cisterciensis</strong></span> <span class='ocrx_word' id='word_1_241' title='bbox 767 3522 935 3604; x_wconf 90' lang='lat' dir='ltr'><strong>Ordinis</strong></span> <span class='ocrx_word' id='word_1_242' title='bbox 964 3527 1167 3606; x_wconf 89' lang='lat' dir='ltr'><strong>ecclesiam</strong></span> <span class='ocrx_word' id='word_1_243' title='bbox 1195 3553 1307 3604; x_wconf 89' lang='lat' dir='ltr'><strong>suam</strong></span> <span class='ocrx_word' id='word_1_244' title='bbox 1335 3524 1476 3606; x_wconf 90' lang='lat' dir='ltr'><strong>domos</strong></span> <span class='ocrx_word' id='word_1_245' title='bbox 1504 3529 1545 3602; x_wconf 89' lang='lat'>&amp;</span> <span class='ocrx_word' id='word_1_246' title='bbox 1573 3524 1751 3604; x_wconf 85' lang='lat' dir='ltr'><strong>officinas</strong></span> <span class='ocrx_word' id='word_1_247' title='bbox 1766 3525 1870 3632; x_wconf 90' lang='lat' dir='ltr'><strong>ignis</strong></span> <span class='ocrx_word' id='word_1_248' title='bbox 1896 3527 2066 3603; x_wconf 87' lang='lat' dir='ltr'><strong>uastitate</strong></span> 
     </span>
     <span class='ocr_line' id='line_1_27' title="bbox 295 3634 2066 3744; baseline -0.007 -25"><span class='ocrx_word' id='word_1_249' title='bbox 295 3648 552 3744; x_wconf 88' lang='lat' dir='ltr'><strong>consumptas</strong></span> <span class='ocrx_word' id='word_1_250' title='bbox 565 3636 790 3743; x_wconf 88' lang='lat' dir='ltr'><strong>inceperint</strong></span> <span class='ocrx_word' id='word_1_251' title='bbox 816 3663 1013 3742; x_wconf 88' lang='lat' dir='ltr'><strong>reparare.</strong></span> <span class='ocrx_word' id='word_1_252' title='bbox 1042 3665 1116 3716; x_wconf 90' lang='lat' dir='ltr'><strong>nec</strong></span> <span class='ocrx_word' id='word_1_253' title='bbox 1146 3636 1198 3715; x_wconf 94' lang='lat' dir='ltr'><strong>ad</strong></span> <span class='ocrx_word' id='word_1_254' title='bbox 1227 3634 1268 3715; x_wconf 93' lang='lat' dir='ltr'><strong>id</strong></span> <span class='ocrx_word' id='word_1_255' title='bbox 1298 3638 1463 3744; x_wconf 89' lang='lat' dir='ltr'><strong>proprie</strong></span> <span class='ocrx_word' id='word_1_256' title='bbox 1492 3637 1589 3744; x_wconf 87' lang='lat' dir='ltr'><strong>ipsis</strong></span> <span class='ocrx_word' id='word_1_257' title='bbox 1612 3651 1838 3744; x_wconf 89' lang='lat' dir='ltr'><strong>&#39;suppetant</strong></span> <span class='ocrx_word' id='word_1_258' title='bbox 1859 3634 2066 3714; x_wconf 86' lang='lat' dir='ltr'><strong>facultates.</strong></span> 
     </span>
    </p>

    <p class='ocr_par' dir='ltr' id='par_1_13' title="bbox 183 3745 2073 4521">
     <span class='ocr_line' id='line_1_28' title="bbox 183 3745 2068 3854; baseline -0.002 -28"><span class='ocrx_word' id='word_1_259' title='bbox 183 3745 189 3756; x_wconf 81' lang='grc'><strong><em>’</em></strong></span> <span class='ocrx_word' id='word_1_260' title='bbox 293 3749 605 3828; x_wconf 89' lang='lat' dir='ltr'><strong>Vniuersitatem</strong></span> <span class='ocrx_word' id='word_1_261' title='bbox 642 3762 813 3825; x_wconf 88' lang='lat' dir='ltr'><strong>uestram</strong></span> <span class='ocrx_word' id='word_1_262' title='bbox 859 3773 1045 3852; x_wconf 90' lang='lat' dir='ltr'><strong>rogamus</strong></span> <span class='ocrx_word' id='word_1_263' title='bbox 1075 3753 1114 3824; x_wconf 93' lang='grc'><strong>8(</strong></span> <span class='ocrx_word' id='word_1_264' title='bbox 1143 3773 1349 3826; x_wconf 89' lang='lat' dir='ltr'><strong>monemus</strong></span> <span class='ocrx_word' id='word_1_265' title='bbox 1391 3763 1543 3828; x_wconf 90' lang='lat' dir='ltr'><strong>attente</strong></span> <span class='ocrx_word' id='word_1_266' title='bbox 1587 3757 1709 3854; x_wconf 87' lang='lat' dir='ltr'><strong>atque</strong></span> <span class='ocrx_word' id='word_1_267' title='bbox 1739 3749 1781 3826; x_wconf 89' lang='lat' dir='ltr'><strong>in</strong></span> <span class='ocrx_word' id='word_1_268' title='bbox 1811 3748 2068 3826; x_wconf 84' lang='lat' dir='ltr'><strong>remissionem</strong></span> 
     </span>
     <span class='ocr_line' id='line_1_29' title="bbox 294 3853 2068 3966; baseline -0.006 -26"><span class='ocrx_word' id='word_1_269' title='bbox 294 3859 411 3940; x_wconf 91' lang='lat' dir='ltr'><strong>uobis</strong></span> <span class='ocrx_word' id='word_1_270' title='bbox 439 3859 684 3965; x_wconf 88' lang='lat' dir='ltr'><strong>iniungimus</strong></span> <span class='ocrx_word' id='word_1_271' title='bbox 715 3874 971 3965; x_wconf 84' lang='lat' dir='ltr'><strong>peccatorum</strong></span> <span class='ocrx_word' id='word_1_272' title='bbox 1000 3857 1191 3964; x_wconf 85' lang='lat' dir='ltr'><strong>quatinus</strong></span> <span class='ocrx_word' id='word_1_273' title='bbox 1220 3857 1417 3936; x_wconf 88' lang='lat' dir='ltr'><strong>debonis</strong></span> <span class='ocrx_word' id='word_1_274' title='bbox 1436 3858 1563 3936; x_wconf 85' lang='lat' dir='ltr'><strong>uobis</strong></span> <span class='ocrx_word' id='word_1_275' title='bbox 1592 3857 1749 3936; x_wconf 89' lang='lat' dir='ltr'><strong>collatis</strong></span> <span class='ocrx_word' id='word_1_276' title='bbox 1765 3887 1787 3937; x_wconf 89' lang='lat' dir='ltr'><strong>a</strong></span> <span class='ocrx_word' id='word_1_277' title='bbox 1803 3857 1881 3938; x_wconf 91' lang='lat' dir='ltr'><strong>deo</strong></span> <span class='ocrx_word' id='word_1_278' title='bbox 1901 3860 1988 3966; x_wconf 91' lang='lat' dir='ltr'><strong>pias</strong></span> <span class='ocrx_word' id='word_1_279' title='bbox 2005 3853 2068 3931; x_wconf 87' lang='lat' dir='ltr'><strong>ele·</strong></span> 
     </span>
     <span class='ocr_line' id='line_1_30' title="bbox 296 3964 2069 4076; baseline -0.005 -26"><span class='ocrx_word' id='word_1_280' title='bbox 296 3965 478 4050; x_wconf 82' lang='lat' dir='ltr'><strong>mosinas.</strong></span> <span class='ocrx_word' id='word_1_281' title='bbox 508 3975 545 4047; x_wconf 88' lang='grc'><strong>8(</strong></span> <span class='ocrx_word' id='word_1_282' title='bbox 578 3985 693 4074; x_wconf 90' lang='lat' dir='ltr'><strong>grata</strong></span> <span class='ocrx_word' id='word_1_283' title='bbox 724 3968 780 4048; x_wconf 88' lang='lat' dir='ltr'><strong>eis</strong></span> <span class='ocrx_word' id='word_1_284' title='bbox 795 3964 938 4046; x_wconf 89' lang='lat' dir='ltr'><strong>adhoc</strong></span> <span class='ocrx_word' id='word_1_285' title='bbox 954 3967 1130 4046; x_wconf 88' lang='lat' dir='ltr'><strong>caritatis</strong></span> <span class='ocrx_word' id='word_1_286' title='bbox 1151 3965 1329 4048; x_wconf 90' lang='lat' dir='ltr'><strong>subsidia</strong></span> <span class='ocrx_word' id='word_1_287' title='bbox 1345 3969 1518 4075; x_wconf 84' lang='lat' dir='ltr'><strong>erogetis</strong></span> <span class='ocrx_word' id='word_1_288' title='bbox 1534 3983 1579 4046; x_wconf 92' lang='lat' dir='ltr'><strong>ut</strong></span> <span class='ocrx_word' id='word_1_289' title='bbox 1595 3995 1668 4076; x_wconf 92' lang='lat' dir='ltr'><strong>per</strong></span> <span class='ocrx_word' id='word_1_290' title='bbox 1691 3969 2001 4049; x_wconf 88' lang='lat' dir='ltr'><strong>subuentionem</strong></span> <span class='ocrx_word' id='word_1_291' title='bbox 2014 3964 2069 4042; x_wconf 73' lang='grc' dir='ltr'><strong>(ε’-</strong></span> 
     </span>
     <span class='ocr_line' id='line_1_31' title="bbox 295 4076 2069 4188; baseline -0.007 -27"><span class='ocrx_word' id='word_1_292' title='bbox 295 4097 418 4162; x_wconf 91' lang='lat' dir='ltr'><strong>stram</strong></span> <span class='ocrx_word' id='word_1_293' title='bbox 447 4105 550 4186; x_wconf 87' lang='lat' dir='ltr'><strong>opus</strong></span> <span class='ocrx_word' id='word_1_294' title='bbox 579 4080 711 4188; x_wconf 89' lang='lat' dir='ltr'><strong>ipsum</strong></span> <span class='ocrx_word' id='word_1_295' title='bbox 739 4079 871 4158; x_wconf 90' lang='lat' dir='ltr'><strong>ualeat</strong></span> <span class='ocrx_word' id='word_1_296' title='bbox 900 4079 1135 4162; x_wconf 89' lang='lat' dir='ltr'><strong>consumari.</strong></span> <span class='ocrx_word' id='word_1_297' title='bbox 1158 4083 1206 4156; x_wconf 89' lang='grc'><strong>8(</strong></span> <span class='ocrx_word' id='word_1_298' title='bbox 1235 4105 1308 4168; x_wconf 89' lang='lat' dir='ltr'><strong>uos</strong></span> <span class='ocrx_word' id='word_1_299' title='bbox 1338 4105 1410 4185; x_wconf 90' lang='lat' dir='ltr'><strong>per</strong></span> <span class='ocrx_word' id='word_1_300' title='bbox 1425 4080 1498 4158; x_wconf 90' lang='lat' dir='ltr'><strong>hec</strong></span> <span class='ocrx_word' id='word_1_301' title='bbox 1528 4085 1566 4158; x_wconf 88' lang='grc'><strong>8(</strong></span> <span class='ocrx_word' id='word_1_302' title='bbox 1594 4080 1668 4158; x_wconf 91' lang='lat' dir='ltr'><strong>alia</strong></span> <span class='ocrx_word' id='word_1_303' title='bbox 1697 4078 1904 4187; x_wconf 86' lang='lat' dir='ltr'><strong>bonaque</strong></span> <span class='ocrx_word' id='word_1_304' title='bbox 1921 4076 2069 4159; x_wconf 88' lang='lat' dir='ltr'><strong>domino</strong></span> 
     </span>
     <span class='ocr_line' id='line_1_32' title="bbox 296 4185 2071 4304; baseline -0.004 -32"><span class='ocrx_word' id='word_1_305' title='bbox 296 4195 519 4300; x_wconf 83' lang='lat' dir='ltr'><strong>inspirante</strong></span> <span class='ocrx_word' id='word_1_306' title='bbox 548 4187 720 4296; x_wconf 83' lang='lat' dir='ltr'><strong>feceritis</strong></span> <span class='ocrx_word' id='word_1_307' title='bbox 750 4188 801 4269; x_wconf 90' lang='lat' dir='ltr'><strong>ad</strong></span> <span class='ocrx_word' id='word_1_308' title='bbox 835 4205 972 4268; x_wconf 90' lang='lat' dir='ltr'><strong>eterna</strong></span> <span class='ocrx_word' id='word_1_309' title='bbox 1002 4190 1160 4297; x_wconf 88' lang='lat' dir='ltr'><strong>possitis</strong></span> <span class='ocrx_word' id='word_1_310' title='bbox 1189 4188 1331 4297; x_wconf 83' lang='lat' dir='ltr'><strong>gaudia</strong></span> <span class='ocrx_word' id='word_1_311' title='bbox 1364 4191 1588 4296; x_wconf 90' lang='lat' dir='ltr'><strong>peruenire.</strong></span> <span class='ocrx_word' id='word_1_312' title='bbox 1624 4191 1709 4270; x_wconf 92' lang='lat' dir='ltr'><strong>Nos</strong></span> <span class='ocrx_word' id='word_1_313' title='bbox 1737 4191 1844 4270; x_wconf 90' lang='lat' dir='ltr'><strong>enim</strong></span> <span class='ocrx_word' id='word_1_314' title='bbox 1874 4190 1927 4304; x_wconf 79' lang='lat' dir='ltr'><strong>de</strong></span> <span class='ocrx_word' id='word_1_315' title='bbox 1957 4185 2071 4269; x_wconf 80' lang='lat' dir='ltr'><strong>omni·</strong></span> 
     </span>
     <span class='ocr_line' id='line_1_33' title="bbox 296 4298 2071 4410; baseline -0.002 -29"><span class='ocrx_word' id='word_1_316' title='bbox 296 4300 566 4408; x_wconf 84' lang='lat' dir='ltr'><strong>potentis·dei</strong></span> <span class='ocrx_word' id='word_1_317' title='bbox 598 4298 869 4384; x_wconf 82' lang='lat' dir='ltr'><strong>misericordia</strong></span> <span class='ocrx_word' id='word_1_318' title='bbox 899 4305 939 4384; x_wconf 88' lang='grc'><strong>8(</strong></span> <span class='ocrx_word' id='word_1_319' title='bbox 967 4299 1189 4382; x_wconf 80' lang='lat' dir='ltr'><strong>beatorum.</strong></span> <span class='ocrx_word' id='word_1_320' title='bbox 1230 4300 1337 4380; x_wconf 88' lang='lat' dir='ltr'><strong>Petri</strong></span> <span class='ocrx_word' id='word_1_321' title='bbox 1367 4307 1406 4380; x_wconf 92' lang='grc'><strong>8(</strong></span> <span class='ocrx_word' id='word_1_322' title='bbox 1434 4301 1547 4386; x_wconf 81' lang='lat' dir='ltr'><strong>Pauli</strong></span> <span class='ocrx_word' id='word_1_323' title='bbox 1591 4301 1866 4410; x_wconf 84' lang='lat' dir='ltr'><strong>apostolorum</strong></span> <span class='ocrx_word' id='word_1_324' title='bbox 1897 4303 1985 4380; x_wconf 89' lang='lat' dir='ltr'><strong>eius</strong></span> <span class='ocrx_word' id='word_1_325' title='bbox 2014 4325 2071 4376; x_wconf 87' lang='lat' dir='ltr'><strong>au·</strong></span> 
     </span>
     <span class='ocr_line' id='line_1_34' title="bbox 296 4403 2073 4521; baseline -0.004 -30"><span class='ocrx_word' id='word_1_326' title='bbox 296 4415 480 4491; x_wconf 87' lang='lat' dir='ltr'><strong>ctoritate</strong></span> <span class='ocrx_word' id='word_1_327' title='bbox 508 4411 647 4491; x_wconf 87' lang='lat' dir='ltr'><strong>conlisi</strong></span> <span class='ocrx_word' id='word_1_328' title='bbox 678 4411 865 4490; x_wconf 89' lang='lat' dir='ltr'><strong>omnibus</strong></span> <span class='ocrx_word' id='word_1_329' title='bbox 894 4438 988 4491; x_wconf 91' lang='lat' dir='ltr'><strong>uere</strong></span> <span class='ocrx_word' id='word_1_330' title='bbox 1032 4410 1305 4519; x_wconf 89' lang='lat' dir='ltr'><strong>penitentibus</strong></span> <span class='ocrx_word' id='word_1_331' title='bbox 1334 4417 1373 4490; x_wconf 90' lang='grc'><strong>8(</strong></span> <span class='ocrx_word' id='word_1_332' title='bbox 1415 4410 1605 4490; x_wconf 82' lang='lat' dir='ltr'><strong>confessis</strong></span> <span class='ocrx_word' id='word_1_333' title='bbox 1640 4413 1710 4521; x_wconf 89' lang='lat' dir='ltr'><strong>qui</strong></span> <span class='ocrx_word' id='word_1_334' title='bbox 1741 4439 1905 4490; x_wconf 92' lang='lat' dir='ltr'><strong>manum</strong></span> <span class='ocrx_word' id='word_1_335' title='bbox 1937 4415 2007 4491; x_wconf 80' lang='lat' dir='ltr'><strong>eis</strong></span> <span class='ocrx_word' id='word_1_336' title='bbox 2031 4403 2073 4487; x_wconf 91' lang='lat' dir='ltr'><strong>ad</strong></span> 
     </span>
    </p>

    <p class='ocr_par' dir='ltr' id='par_1_14' title="bbox 219 4517 2073 4740">
     <span class='ocr_line' id='line_1_35' title="bbox 219 4517 2073 4630; baseline -0.002 -30"><span class='ocrx_word' id='word_1_337' title='bbox 219 4559 222 4566; x_wconf 88' lang='lat'>·</span> <span class='ocrx_word' id='word_1_338' title='bbox 296 4519 375 4600; x_wconf 89' lang='lat' dir='ltr'><strong>hoc</strong></span> <span class='ocrx_word' id='word_1_339' title='bbox 403 4524 658 4626; x_wconf 86' lang='lat' dir='ltr'><strong>porrexerint</strong></span> <span class='ocrx_word' id='word_1_340' title='bbox 687 4522 873 4601; x_wconf 88' lang='lat' dir='ltr'><strong>caritatis.</strong></span> <span class='ocrx_word' id='word_1_341' title='bbox 902 4522 1182 4630; x_wconf 82' lang='lat' dir='ltr'><strong>Quadraginta</strong></span> <span class='ocrx_word' id='word_1_342' title='bbox 1211 4517 1295 4599; x_wconf 91' lang='lat' dir='ltr'><strong>dies</strong></span> <span class='ocrx_word' id='word_1_343' title='bbox 1324 4520 1375 4602; x_wconf 93' lang='lat' dir='ltr'><strong>de</strong></span> <span class='ocrx_word' id='word_1_344' title='bbox 1403 4523 1582 4601; x_wconf 90' lang='lat' dir='ltr'><strong>iniuncta</strong></span> <span class='ocrx_word' id='word_1_345' title='bbox 1611 4522 1688 4602; x_wconf 90' lang='lat' dir='ltr'><strong>sibi</strong></span> <span class='ocrx_word' id='word_1_346' title='bbox 1717 4523 1944 4630; x_wconf 89' lang='lat' dir='ltr'><strong>penitentia</strong></span> <span class='ocrx_word' id='word_1_347' title='bbox 1972 4522 2073 4602; x_wconf 86' lang='lat' dir='ltr'><strong>mise·</strong></span> 
     </span>
     <span class='ocr_line' id='line_1_36' title="bbox 296 4629 2072 4740; baseline 0.001 -31"><span class='ocrx_word' id='word_1_348' title='bbox 296 4629 508 4709; x_wconf 81' lang='lat' dir='ltr'><strong>ricorditer</strong></span> <span class='ocrx_word' id='word_1_349' title='bbox 537 4631 801 4740; x_wconf 89' lang='lat' dir='ltr'><strong>indulgemus.</strong></span> <span class='ocrx_word' id='word_1_350' title='bbox 832 4633 980 4712; x_wconf 89' lang='lat' dir='ltr'><strong>Datum</strong></span> <span class='ocrx_word' id='word_1_351' title='bbox 1010 4633 1221 4737; x_wconf 87' lang='lat' dir='ltr'><strong>Sohening.</strong></span> <span class='ocrx_word' id='word_1_352' title='bbox 1265 4632 1357 4716; x_wconf 84' lang='lat' dir='ltr'><strong>Kat</strong></span> <span class='ocrx_word' id='word_1_353' title='bbox 1399 4631 1612 4740; x_wconf 85' lang='lat' dir='ltr'><strong>Februarij</strong></span> <span class='ocrx_word' id='word_1_354' title='bbox 1641 4634 1902 4716; x_wconf 72' lang='lat' dir='ltr'><strong>pontificatus</strong></span> <span class='ocrx_word' id='word_1_355' title='bbox 1935 4632 2072 4715; x_wconf 89' lang='lat' dir='ltr'><strong>domini</strong></span> 
     </span>
    </p>

    <p class='ocr_par' dir='ltr' id='par_1_15' title="bbox 107 4737 1840 5050">
     <span class='ocr_line' id='line_1_37' title="bbox 137 4737 1206 4853; baseline 0.002 -33"><span class='ocrx_word' id='word_1_356' title='bbox 137 4768 141 4778; x_wconf 89' lang='lat'><strong>·</strong></span> <span class='ocrx_word' id='word_1_357' title='bbox 212 4829 213 4832; x_wconf 4' lang='grc' dir='ltr'><strong><em>Ν</em></strong></span> <span class='ocrx_word' id='word_1_358' title='bbox 244 4815 250 4820; x_wconf 91' lang='grc'>.</span> <span class='ocrx_word' id='word_1_359' title='bbox 299 4737 549 4843; x_wconf 72' lang='lat' dir='ltr'><strong>innocentii.</strong></span> <span class='ocrx_word' id='word_1_360' title='bbox 569 4745 687 4850; x_wconf 88' lang='lat' dir='ltr'><strong>Papc.</strong></span> <span class='ocrx_word' id='word_1_361' title='bbox 715 4744 863 4853; x_wconf 86' lang='lat' dir='ltr'><strong>quarti.</strong></span> <span class='ocrx_word' id='word_1_362' title='bbox 893 4747 1011 4823; x_wconf 86' lang='lat' dir='ltr'><strong>Anno</strong></span> <span class='ocrx_word' id='word_1_363' title='bbox 1034 4743 1206 4844; x_wconf 84' lang='lat' dir='ltr'><strong>Quinto.</strong></span> 
     </span>
     <span class='ocr_line' id='line_1_38' title="bbox 107 4851 1840 5050; baseline 0.008 -112"><span class='ocrx_word' id='word_1_364' title='bbox 107 4851 110 4866; x_wconf 22' lang='grc' dir='ltr'><strong>Χ</strong></span> <span class='ocrx_word' id='word_1_365' title='bbox 847 4881 996 4964; x_wconf 73' lang='lat' dir='ltr'><strong>sigillat</strong></span> <span class='ocrx_word' id='word_1_366' title='bbox 1019 4883 1089 4946; x_wconf 73' lang='lat' dir='ltr'><strong>attat</strong></span> <span class='ocrx_word' id='word_1_367' title='bbox 1109 4903 1168 4947; x_wconf 78' lang='lat' dir='ltr'><strong>vax</strong></span> <span class='ocrx_word' id='word_1_368' title='bbox 1188 4881 1305 4966; x_wconf 73' lang='lat' dir='ltr'><strong>htuger</strong></span> <span class='ocrx_word' id='word_1_369' title='bbox 1325 4882 1336 4944; x_wconf 90' lang='lat' dir='ltr'><strong>i</strong></span> <span class='ocrx_word' id='word_1_370' title='bbox 1356 4881 1427 4946; x_wconf 70' lang='lat' dir='ltr'><strong>rude</strong></span> <span class='ocrx_word' id='word_1_371' title='bbox 1446 4884 1530 4950; x_wconf 76' lang='lat' dir='ltr'><strong>silke.</strong></span> <span class='ocrx_word' id='word_1_372' title='bbox 1817 4971 1840 5050; x_wconf 70' lang='lat'>5</span> 
     </span>
    </p>
   </div>
   <div class='ocr_carea' id='block_1_8' title="bbox 0 0 2186 5941">
    <p class='ocr_par' dir='ltr' id='par_1_16' title="bbox 0 0 2186 5941">
     <span class='ocr_line' id='line_1_39' title="bbox 0 0 2186 5941; baseline 0 0"><span class='ocrx_word' id='word_1_373' title='bbox 0 0 2186 5941; x_wconf 95' lang='lat' dir='ltr'><strong> </strong></span> 
     </span>
    </p>
   </div>
  </div>
 </body>
</html>
