4398 5958
806 399 1364 546 ..sn-ff

114 712 222 812 anno
251 682 415 767 domini.
441 683 623 798 'M⁰.CC·.
650 685 948 798 septuagesimo
977 708 1090 765 nono
1125 681 1293 770 decimo.
1321 685 1433 796 VIR.
1462 682 1655 770 kalendas
1683 687 1774 799 julii
1802 713 1910 772 anno

113 797 227 906 regni
258 795 387 879 nostri
417 811 576 907 quarto.
1517 902 1521 910 .

386 937 725 1026 tete-Riskopeiginet
744 939 805 1004 Neo
826 937 845 1003 3
867 939 971 1020 linnes,
993 936 1053 1002 fast
1073 933 1215 1017 urende
1237 936 1276 1004 de
1297 937 1398 1022 dfiiga
1418 935 1440 1004 6
1460 939 1636 1006 bertlallne.

117 1292 250 1441 679.
750 1333 900 1443 1279
947 1295 995 1404 d.
1051 1336 1119 1444 19
1165 1291 1282 1406 lun.

195 1515 276 1578 Bisk.
297 1515 429 1578 limares
449 1516 459 1577 i
480 1487 657 1604 Linkiiping
678 1463 758 1584 lires
773 1516 906 1582 sdrande
926 1515 1036 1602 utbyte
1063 1515 1102 1580 ni
1117 1516 1369 1605 Biskopstionden
1390 1519 1428 1585 as
1443 1517 1616 1606 Wrigstsds
1636 1519 1750 1592 soclen
1771 1525 1819 1593 till
1839 1522 1910 1614 Ny·

249 1597 321 1662 dala
341 1600 458 1664 kloster
477 1612 545 1664 mot
565 1601 726 1686 Rytlofors
746 1621 890 1689 qvnmar.
1544 1687 1581 1742 Δ.
1599 1688 1624 1744 3.
1642 1703 1669 1746 ¹·
1689 1702 1712 1744 n
1731 1692 1773 1748 ⁵¹·

281 1817 482 1902 Omnibus
510 1835 718 1929 presentes
743 1818 899 1902 litteras
931 1815 1185 1924 inspecturis.
1214 1815 1425 1901 Haenricns
1452 1817 1519 1901 dei
1539 1823 1673 1930 gracia
1702 1822 1911 1935 lincopen-

114 1931 167 2010 sis
196 1929 423 2038 Episcopus
451 1945 663 2042 totumque
693 1925 925 2041 Capitulum
955 1925 1125 2024 ibidem,
1153 1926 1323 2009 salutem
1352 1929 1394 2009 in
1421 1928 1589 2012 domino
1617 1933 1703 2018 iesu
1743 1925 1910 2021 christo.

114 2040 274 2123 Tenere
302 2040 772 2149 presencium'constare
799 2038 988 2123 uolumus
1016 2035 1242 2120 euidenter.
1299 2040 1384 2122 Nos
1412 2043 1615 2125 communi
1641 2059 1785 2128 nostro
1810 2073 1911 2131 con·

114 2152 206 2235 silio
235 2157 274 2234 ssr
304 2177 503 2233 consensu
538 2151 642 2236 Cum
674 2153 973 2236 venerabilibus
1007 2150 1108 2231 uiris
1136 2149 1314 2231 Domino
1342 2151 1482 2234 abbati
1510 2159 1551 2236 &
1579 2154 1798 2239 Conuentu
1826 2186 1912 2242 mo·

112 2253 337 2346 nachdrum
364 2262 590 2346 noueuallis
617 2263 774 2348 ordinis
801 2262 1065 2346 cisterciensis
1093 2257 1213 2342 talem
1241 2259 1381 2344 fecisse
1402 2266 1760 2373 permutacionem.
1786 2269 1913 2374 Quod

115 2371 576 2486 decimasEpiscopales
610 2374 825 2486 parrochie
868 2369 1061 2456 wricstad
1089 2367 1143 2452 ad
1172 2369 1451 2482 Episcopalern
1480 2401 1654 2458 mensam
1682 2393 1911 2488 spectantes

114 2483 263 2569 eisdem
291 2500 494 2596 perpetuo
521 2485 804 2600 percipiendas
845 2482 1041 2570 dedimus.
1095 2483 1177 2566 Pro
1218 2481 1460 2568 molendinis
1500 2513 1583 2599 que
1610 2487 1654 2568 in
1681 2487 1772 2572 loeo
1800 2487 1912 2581 dioto

113 2594 325 2700 Ritlofors
353 2595 632 2706 possederunt.
658 2616 705 2683 ut
732 2595 841 2681 dicta
868 2593 1169 2679 molendina&
1199 2592 1312 2678 locus
1337 2595 1382 2678 in
1408 2621 1495 2709 quo
1541 2613 1772 2684 constructa
1812 2619 1911 2688 sunt

8 2807 21 2820 ,
114 2705 336 2819 corumque
362 2724 589 2818 prouentus
609 2707 669 2794 ad
697 2708 848 2794 dictam
876 2701 1157 2818 Episcopalcm
1189 2732 1368 2791 mensam
1406 2735 1565 2822 semper
1606 2711 1840 2822 pertinerent
1864 2716 1912 2798 in

26 2830 33 2842 '
113 2820 358 2906 decimarum
387 2822 748 2931 conpensacionem
776 2827 819 2904 &
847 2813 1162 2903 vicissitudinem
1190 2817 1485 2928 promissarum.
1541 2820 1594 2906 ln
1622 2822 1744 2909 huius
1771 2826 1827 2910 ita
1888 2852 1913 2910 e

114 2948 351 3043 perpetuam
379 2935 612 3016 memoriam
643 2937 685 3016 Bt
711 2929 965 3020 cuidenciam
992 2927 1216 3042 pleniorem
1244 2932 1500 3041 presentibus
1521 2934 1652 3044 sigilla
1672 2952 1814 3020 nostra
1864 2965 1912 3019 u·

114 3045 249 3127 ximus
272 3043 528 3153 apponenda.
556 3047 707 3130 Datum
741 3071 852 3128 anno
879 3041 1034 3128 domini
1061 3037 1385 3126 M⁶.CC⁹.LXX⁰.
1411 3043 1544 3142 Nono,
1587 3044 1756 3130 Decimo
1782 3049 1912 3132 tercio
1982 3061 1989 3070 ’

113 3154 284 3241 Kalend.
313 3156 393 3240 tuli
403 3155 423 3237 ’.

115 3252 118 3263 ι
263 3297 311 3364 Pe
331 3184 506 3362 tinnitum
528 3294 567 3363 ds
587 3295 717 3364 decimis
735 3294 903 3385 parrochie
923 3293 1109 3360 vrixstadha.
1131 3292 1214 3375 (med
1236 3314 1334 3380 yngrc
1354 3293 1449 3379 hand)
1469 3291 1504 3362 dt
1525 3295 1609 3369 rntlo
1630 3313 1755 3381 quem·

679 3423 680 3428 ’
767 3412 907 3497 sigillent
928 3413 990 3478 Neo
1014 3429 1046 3492 r,
1068 3409 1252 3476 sskndedc.

118 3649 249 3758 680.
743 3679 897 3789 1279
936 3642 993 3750 d.
1043 3679 1110 3750 21
1162 3644 1280 3752 Jun.
1761 3642 1909 3752 Rom.

193 3868 285 3932 Pas.
304 3869 458 3932 Nicotaus
479 3865 549 3932 lllas
570 3861 741 3929 res-etsist
760 3864 810 3929 till
831 3868 865 3930 M
906 3910 914 3929 .
936 3865 1137 3929 Bsnrnasnus
1158 3861 1243 3929 huru
1261 3867 1394 3930 lb‘rlarss
1420 3862 1520 3928 slulle
1540 3861 1613 3928 med
1634 3862 1704 3928 Hel.
1724 3851 1909 3946 Landshjel·

245 3973 307 4038 ren
327 3953 366 4016 ss
381 3951 535 4037 3531401)ΘΠ
556 3949 567 4010 ¹
587 3947 697 4026 Μ
718 3969 785 4012 ⁸⁰³¹
806 3970 879 4012 ‘¹³¹⁸
903 3971 920 4012 ⁰
940 3947 1135 4036 P⁶¹⁸⁰¹¹¹³⁸⁸¹²
1155 3946 1225 4012 fem
1246 3949 1294 4013 ⁶¹¹
1315 3949 1384 4083 Hi'
1400 3946 1569 4098 lilii„
1597 4042 1614 4083 2
1641 4024 1684 4096 ss
1714 4025 1771 4094 ns

278 4169 472 4253 Nicolaum
503 4169 589 4252 III.
617 4169 829 4252 Colleetori
854 4168 1114 4251 Decimnrum
1134 4149 1215 4282 pro
1243 4169 1373 4250 Terra
1402 4161 1554 4248 Sancto
1582 4167 1624 4244 ln
1652 4161 1803 4244 Svetiae
1831 4161 1910 4241 Re-

311 4309 393 4389 gno
420 4282 609 4379 murtclac,
637 4299 684 4364 ut
710 4281 901 4363 decimam
927 4280 978 4360 ab
1005 4277 1203 4393 Episcopo
1230 4278 1418 4362 Scarenn'
1442 4279 1629 4387 recipiat,
1670 4301 1720 4354 ne
1748 4287 1839 4352 tuto
1867 4275 1910 4352 in

297 4395 396 4491 „loco
410 4393 593 4506 deponat,
624 4399 845 4475 restitutur.
859 4391 982 4474 eidem
998 4396 1040 4472 in
1054 4413 1147 4475 netu
1162 4391 1353 4474 descensus
1364 4387 1423 4470 od
1441 4404 1583 4500 portes
1602 4389 1908 4468 transmarinas.

278 4535 469 4622 Nicolcus
496 4541 571 4621 &c
603 4539 762 4622 Dilecto
779 4536 876 4646 filio
902 4535 1110 4644 Magistro
1137 4534 1365 4619 Bertrando
1392 4533 1592 4616 Amalriei
1602 4532 1799 4612 Cononico
1831 4526 1909 4613 Ile-

310 4653 436 4730 mensi
461 4653 503 4730 in
530 4651 678 4748 Dotis,
715 4669 755 4732 et
782 4648 923 4731 Svetie
969 4651 1123 4758 Regnis
1161 4647 1374 4731 Collectori
1410 4645 1572 4728 Decime
1614 4642 1737 4723 Terre
1763 4639 1910 4724 Sancte

251 4807 256 4814 -
310 4759 482 4841 subsidio
508 4761 699 4872 deputate
715 4762 911 4870 'Sdecem
933 4763 1006 4843 &a

127 4877 131 4886 ’
278 4896 393 4981 Sicut
434 4921 567 5009 nuper
595 4914 636 4981 te
665 4927 757 4984 acce
788 4901 891 4983 imus
932 4900 1144 4983 intimante
1188 4893 1442 4982 Venerabilis
1470 4894 1613 4978 Frater
1647 4908 1787 4976 noster
1816 4952 1824 4973 .
1857 4951 1907 4976 ..

112 5009 338 5122 Episcopus
365 5009 571 5097 Scarensis
599 5009 689 5093 zelo
771 5011 822 5112 ei,
848 5026 890 5096 et
918 5011 1146 5099 devotionis
1162 5036 1352 5096 aecensus
1379 5007 1522 5091 Crucis
1541 5019 1747 5116 assumpto
1774 5003 1907 5116 signa·
