4398 5958
774 511 833 538 ...
942 465 1031 566 ⁵4⁵.
1078 391 1190 538 ,-

54 697 139 785 ¹dc
169 660 369 782 conseniu
394 715 506 776 nnnc
532 645 784 775 Prelatornm
808 716 855 774 ac
891 689 1007 799 regni
1048 689 1247 772 maiorum
1284 639 1537 802 principum,
1577 713 1754 802 quorum
1780 721 1880 782 con·

83 835 205 893 sensu
232 814 274 890 ssr
301 805 510 917 presencia
535 799 710 886 decimas
737 829 819 914 que
833 799 1058 910 uulgariter
1088 827 1317 912 pauperum
1349 801 1605 912 appellantur
1633 799 1686 888 de
1713 803 1877 891 tiunda·
1974 857 1977 866 ,

85 918 194 1016 land,
244 911 533 1012 amandaland,
577 910 915 998 liedhrundaland
965 911 1131 995 ecclesie
1173 909 1374 1022 vpsalensi
1414 913 1579 1044 suisque
1622 915 1787 1025 prelatis
1824 917 1878 1002 ab
2024 1002 2029 1021 ,

85 1029 409 1115 antecessoribus
435 1026 585 1109 nostris
611 1040 657 1110 ut
686 1023 839 1132 dictum
862 1039 923 1104 est
950 1023 1079 1106 libere
1105 1025 1327 1134 resignatas
1354 1049 1402 1106 ac
1430 1023 1610 1108 dimissas
1636 1027 1884 1112 auctoritate

84 1141 196 1252 regia
225 1154 427 1252 perpetuo
454 1135 747 1220 confirmamus.
788 1133 1027 1218 anibentes
1061 1135 1233 1246 nequis
1260 1160 1326 1216 eas
1347 1131 1399 1218 de
1432 1151 1567 1219 cetero
1594 1139 1783 1236 retineat,
1811 1137 1880 1224 uel
1986 1168 1996 1186 ·

84 1255 139 1334 im
194 1250 297 1351 diat,
325 1266 450 1360 prout
477 1247 669 1332 offensam
696 1248 847 1358 regiam
873 1244 1036 1329 duxerit
1062 1243 1305 1328 euitandam.
1334 1247 1389 1328 Et
1415 1248 1648 1360 quiasuper
1661 1247 1739 1357 hijs
1752 1248 1881 1334 eciem

85 1278 260 1445 uidiinm
288 1377 484 1444 statutum
511 1357 675 1442 ecclesie
702 1383 869 1441 romane
896 1383 968 1440 seu
994 1358 1080 1440 eins
1115 1357 1352 1440 mandatum
1378 1383 1465 1440 non
1492 1359 1777 1460 cancellatum,
1805 1386 1881 1445 nee

85 1473 281 1564 abolitum
308 1490 381 1554 aut
407 1471 544 1582 aliqua
557 1471 620 1552 sui
641 1484 758 1581 parte
786 1469 993 1566 uiciatum,
1010 1466 1147 1551 decuit
1173 1495 1247 1551 nos
1260 1466 1339 1550 hoc
1354 1494 1519 1578 presens
1540 1471 1754 1580 negocium
1768 1472 1881 1556 omni
1970 1495 1974 1502 ’

84 1585 239 1668 honore
266 1583 479 1694 prosequi,
521 1583 619 1692 quia
660 1577 844 1690 predicte
871 1606 1037 1664 romane
1065 1579 1231 1663 ecclesie
1258 1577 1331 1688 filij
1366 1577 1601 1663 obediencie
1642 1577 1727 1667 esse
1762 1582 1881 1668 volu·

84 1722 173 1778 mus
204 1721 298 1779 cnm
325 1691 489 1776 effectu.
519 1689 778 1776 Declaramus
805 1691 930 1774 eciam
988 1692 1137 1773 resenti
1164 1690 1338 1799 scripto,
1365 1686 1516 1774 fundos
1543 1689 1803 1778 ecelesiarum
1830 1693 1882 1776 li·

56 1803 204 1890 ‘beros
231 1831 315 1889 esse
343 1803 397 1886 ab
425 1805 538 1888 omni
571 1805 658 1885 iure
706 1804 819 1911 regio
847 1829 923 1912 per
951 1719 1132 1884 diocesin
1158 1799 1429 1910 upsalensem,
1471 1803 1778 1915 qitiaipredicta
1803 1829 1881 1915 vp-

84 1918 248 2000 selensis
276 1915 440 2000 ccclesia
468 1941 625 2024 semper
650 1912 769 1996 nobis
798 1911 1035 1995 fauorabilis
1062 1910 1284 2004 secundum
1305 1912 1505 2008 iusticiam
1525 1917 1690 2014 exstitit,
1717 1919 1759 1998 &
1785 1912 1881 2000 ideo

85 2023 281 2112 internos
295 2032 335 2107 δι
348 2025 623 2109 uenerabilem
638 2039 797 2134 patrem
809 2019 1040 2105 Dominrim.
1056 2023 1101 2107 F.
1114 2022 1320 2134 quondam
1334 2022 1881 2136 archiepiscopumepsalen·
1987 2081 1991 2086 -

84 2135 180 2238 sem,
210 2138 346 2246 Telgis
374 2139 418 2220 in
445 2135 620 2219 concilio
639 2135 885 2245 prouinciali
911 2136 968 2216 sic
996 2136 1150 2227 exstitit
1165 2133 1407 2232 ordinatum,
1436 2136 1588 2224 Datum
1614 2136 1724 2252 apud
1752 2137 1880 2249 anno

86 2278 195 2334 anno
224 2249 390 2336 domini
416 2245 781 2332 M⁰.C·C⁹.LX⁰X⁰.
809 2243 1238 2444 Ndiffiesilkiabdichaij⁰

87 2725 227 2871 670,
725 2717 1260 2876 1279d.'15Mai
1398 2731 1484 2824 Ὗ
1703 2725 1904 2843 Alsnb:

165 2943 248 3009 Xon.
269 2943 401 3011 Macros
423 2943 462 3010 Its
483 2943 633 3015 Salubrti
647 2947 690 3036 pd
709 2947 928 3025 Gultabmnna
946 2946 1009 3012 och
1029 2947 1170 3032 Elelang
1191 2949 1203 3014 i
1222 2943 1300 3014 Erla
1319 2943 1441 3011 meleu
1460 2943 1510 3011 till
1530 2941 1708 3012 Eskilrtune
1727 2949 1854 3016 noce.
1878 2949 1895 3032 '¹

451 3074 456 3083 ·
530 3051 534 3059 ’
1405 3130 1410 3140 1
1534 3057 1742 3134 bil-124

251 3198 462 3282 Vniuersis
490 3195 631 3283 christi
657 3197 842 3282 fidelibus
863 3213 1075 3309 ‚presentes
1103 3199 1255 3282 litteras
1290 3198 1574 3307 intellecturis,
1615 3195 1785 3309 Magnus
1814 3196 1882 3284 dei

81 3310 219 3422 gracia
247 3311 335 3390 Rex
357 3336 590 3394 sweuorum
603 3309 770 3394 salutem
798 3309 938 3392 christi
965 3309 1153 3393 fidelibus
1166 3311 1461 3419 repromissam,
1489 3307 1881 3422 Quoniam-propter

82 3425 167 3508 rite
180 3420 333 3529 fragilis
346 3420 587 3504 breuitatem
601 3421 891 3531 bominumque
918 3418 1082 3506 labilem
1102 3422 1353 3520 memoriam,
1381 3429 1462 3532 qu‘e
1476 3420 1778 3521 racionabiliter
1791 3439 1884 3508 acta

82 3548 178 3616 sunt
207 3557 402 3641 processu
428 3535 641 3644 temporis,
682 3532 919 3644 frequenter
953 3529 1197 3617 indubium
1237 3549 1500 3631 reuocentur,
1542 3531 1621 3616 nisi
1647 3533 1690 3616 in
1718 3533 1881 3644 scriptis

82 3643 248 3728 redacta
277 3643 501 3728 litterarum
528 3645 747 3728 vicaritate
774 3667 821 3726 ac
852 3643 1083 3726 testimonio
1125 3642 1279 3726 fuerint
1319 3641 1590 3755 perhennata,
1617 3643 1702 3726 Nos
1734 3643 1880 3730 harum

83 3757 186 3838 serie
209 3750 263 3835 ad
291 3754 525 3865 pupplicam
553 3771 636 3836 tam
664 3771 919 3864 posterorum
947 3781 1069 3882 quam
1103 3755 1358 3864 presencium
1393 3753 1637 3865 proferimus
1665 3755 1879 3840 necionem

83 3865 210 3972 Quod
238 3892 313 3946 nos
342 3884 492 3951 terram
506 3865 698 3947 XVl:oim
719 3861 943 3948 solidorum
957 3893 999 3947 m
1013 3863 1343 3974 gultubrunnum
1369 3891 1452 3976 que
1480 3861 1736 3968 adcoronam
1750 3869 1878 3975 perti·

81 3978 228 4074 nebat,
256 4002 333 4084 pro
361 3977 470 4058 iusto
496 3977 637 4085 precio
663 3973 919 4064 vendidimus
945 3973 1145 4061 videlicet
1172 3975 1344 4061 XXXII.
1370 3976 1516 4058 marcis
1542 3974 1691 4059 vsualis
1705 3977 1902 4078 monete,
1978 4041 1982 4048 .

82 4089 137 4172 Et
165 4103 315 4171 terram
343 4112 490 4169 nouem
524 4083 748 4172 solidorum
779 4088 824 4168 in
850 4083 1033 4198 elielang,
1062 4089 1120 4194 in²
1133 4085 1333 4171 erlasolsn
1359 4084 1535 4198 abitring
1560 4113 1643 4200 que
1672 4087 1797 4171 eciam
1824 4089 1879 4174 ad
1994 4135 1997 4148 ·

81 4227 275 4282 coronam
303 4195 535 4306 pertinebat
562 4225 654 4282 cunr
681 4197 789 4306 agris
832 4199 961 4306 pratis
987 4195 1098 4281 siluis
1134 4196 1370 4280 nemoribus
1417 4200 1576 4306 pascuis
1605 4197 1788 4310 piscariis
1836 4207 1879 4286 8r

19 4319 25 4332 '
80 4307 335 4422 quibuslibet
361 4310 443 4392 suis
471 4307 704 4420 attinencijs
731 4309 857 4391 eciam
884 4333 973 4419 pro·
990 4311 1096 4394 iusto
1134 4308 1274 4420 precio
1300 4306 1488 4392 videlieet
1528 4308 1688 4420 vigintj'
1704 4309 1877 4395 marchis
2024 4385 2031 4398 .

79 4417 231 4506 usualis
259 4437 439 4518 monete,
466 4438 606 4505 sancte
632 4418 772 4505 domui
799 4417 1010 4529 hospitalis
1037 4419 1147 4502 beati
1176 4417 1365 4527 johannis
1405 4417 1580 4612 baptiste
1608 4421 1653 4503 in
1679 4421 1876 4506 aeskilstu-
2005 4448 2015 4464 “
2138 4531 2142 4540 1

80 4558 183 4620 num
211 4528 432 4616 dimisimus
460 4545 659 4642 perpetuo
673 4529 950 4643 posidendam,
978 4526 1280 4613 Transferendo
1301 4529 1346 4647 in
1366 4530 1452 4612 eius
1481 4559 1545 4613 em
1559 4526 1704 4614 domus
1729 4529 1876 4616 fratres

78 4639 307 4728 dominium
335 4646 374 4720 St
402 4640 564 4751 plenam
590 4643 880 4753 proprietatem
908 4639 1019 4724 dicta
1061 4638 1202 4748 predia
1242 4639 1411 4749 regendi
1451 4637 1630 4724 donandi
1671 4639 1884 4731 vendendi

79 4749 293 4865 obligandi
321 4750 408 4830 siue
435 4777 694 4862 quocumque
721 4753 844 4838 modo
871 4750 1077 4836 voluerint
1096 4749 1317 4834 ordinandi
1326 4775 1422 4943 fpro
1449 4752 1631 4862 ipsorum
1658 4751 1776 4838 libito
1802 4783 1876 4840 vo·

79 4861 263 4959 luntatis,
291 4857 451 4941 sublata
479 4861 598 4943 nobis
625 4865 666 4942 &
694 4867 843 4946 nostris
857 4864 1166 4946 successoribus
1194 4863 1306 4946 omni
1344 4861 1538 4963 aeultate,
1563 4859 1767 4974 sepedicta
1782 4894 1875 4978 pre·

78 4971 314 5088 diaeliquo
341 4970 504 5080 ingenio
532 4967 762 5086 repetendi,
790 4973 898 5082 Quia
925 5000 1003 5085 pro
1037 4989 1153 5057 tanto
1181 4969 1412 5058 curabimus
1440 4971 1690 5072 omnimode,
1722 5003 1877 5065 corone

219 5115 269 5174 ru,
286 5113 408 5186 mpla
1615 5082 1666 5187 69
