4406 5966
823 512 880 536 ..
990 469 1103 576 689·
1181 513 1238 538 ..

135 699 303 782 Clericos
332 694 419 778 'siue
447 691 599 804 plures,
628 719 677 774 ac
705 693 825 776 etiam
853 691 957 777 duos
987 689 1148 790 fratres,
1175 718 1300 773 vnum
1328 687 1488 803 Templi
1516 691 1556 774 St
1583 689 1705 796 alium
1733 692 1926 805 Hospita·

64 831 68 836 ’
133 815 194 908 lis,
220 835 324 920 quos
351 807 597 893 auctoritate
622 820 760 886 nostra
789 831 865 912 per
893 803 1149 915 Prouinciam
1177 821 1352 885 vestram
1378 805 1682 918 transmittant,
1714 833 1805 890 cum
1833 805 1955 898 sua?

130 948 216 1002 rum
243 919 475 1000 testimonio
502 916 710 999 literarum
739 914 791 997 ad
820 915 947 1026 ipsam
976 915 1204 995 vicesimam
1226 915 1504 1026 colligendam.
1534 918 1737 1019 Quocirca
1764 919 1926 1000 Frater·-

1 1121 33 1140 ,Ἴ
128 1032 242 1113 nitati
275 1046 419 1112 vestrae
448 1057 521 1139 per
548 1026 784 1136 Apostoliea
814 1028 966 1136 scripta
995 1024 1271 1136 praecipiendo
1300 1028 1537 1117 mandamus
1551 1045 1752 1138 quatenus
1782 1033 1926 1114 vestris
2045 1105 2048 1111 .
2092 1053 2097 1061 “

126 1141 448 1224 &subditorum
476 1145 704 1221 vestrorum
732 1137 978 1235 redditibus,
1006 1165 1029 1216 a
1059 1152 1240 1246 tempore
1269 1136 1313 1217 in
1342 1139 1526 1222 Concilio
1539 1140 1741 1250 praefinito
1756 1141 1926 1252 diligen·
2014 1135 2019 1150 ⁸

127 1257 206 1337 tius
234 1251 479 1361 computatis
508 1253 640 1360 parati
668 1250 753 1331 sitis
781 1276 908 1360 vsque
935 1248 986 1356 ad
1022 1246 1168 1327 festum
1212 1249 1392 1330 omnium
1434 1253 1675 1332 Sanctorum
1704 1252 1756 1334 de
1784 1255 1927 1336 vestris

68 1433 72 1442 .
125 1367 245 1447 certis
274 1362 503 1444 redditibus
531 1362 681 1442 certam
710 1388 901 1448 summam
931 1359 1127 1442 vicesimae
1154 1359 1322 1442 Nuuciis
1387 1361 1643 1444 raedictorum
1672 1364 1821 1474 quibus
1847 1365 1926 1448 hoc

126 1477 394 1560 commisimus
424 1473 652 1571 declarare,
695 1501 742 1553 ac
770 1473 866 1580 ipsis
895 1497 1021 1582 vsque
1049 1468 1102 1550 ad
1144 1468 1342 1552 Calendas
1416 1471 1471 1579 aij
1503 1492 1806 1584 consequentes
1839 1477 1925 1557 sine

125 1587 367 1670 difficultate
395 1615 441 1666 ac
470 1584 665 1667 dilatione
694 1581 879 1693 qualibet
907 1598 989 1662 tam
1019 1579 1070 1662 de
1091 1581 1188 1688 ipsis
1202 1583 1323 1662 certis
1338 1584 1626 1690 prouentibus‚
1654 1615 1777 1696 quam
1805 1591 1927 1668 etiam

125 1701 176 1780 de
205 1699 377 1780 incertis
399 1695 627 1777 vicesimam
656 1695 907 1802 integraliter
935 1692 1145 1791 exhibere,
1190 1707 1399 1774 monentes
1427 1694 1658 1804 diligentius
1686 1699 1927 1784 auctoritate

125 1828 264 1894 nostra
295 1807 564 1892 &efficacius
600 1803 840 1888 inducentes
882 1804 1063 1886 Abbates
1090 1808 1132 1884 &
1164 1803 1355 1912 Capitula
1384 1811 1425 1887 &
1452 1807 1655 1904 Decanos,
1697 1813 1928 1891 necnon&

125 1923 168 2001 in
197 1921 365 2030 singulis
394 1918 536 2000 vestris
577 1915 753 2024 Synodis
796 1914 1033 1999 Sacerdotes
1062 1919 1101 1997 &
1129 1914 1228 1996 alios
1255 1914 1434 1996 Clericos
1474 1917 1686 1998 vninersos
1715 1920 1759 1998 in
1784 1915 1930 2003 vestris

125 2029 364 2114 Diocesibus
392 2029 651 2126 constitutos,
667 2041 732 2108 'vt
759 2027 803 2109 in
831 2022 974 2110 diebus
1002 2051 1124 2134 super
1150 2025 1229 2108 hoc
1257 2024 1493 2108 ordinandis
1521 2055 1544 2106 a
1572 2028 1689 2111 vobis
1718 2031 1762 2111 in
1789 2033 1926 2140 singu·

124 2143 175 2226 lis
205 2129 449 2224 Ciuitatibus
477 2141 559 2220 sint
587 2142 719 2248 parati
746 2136 982 2247 praedictam
1009 2163 1203 2218 summam
1237 2137 1435 2220 vicesimae
1466 2164 1539 2247 per
1566 2139 1783 2222 triennium
1812 2143 1927 2224 Nun·
2025 2147 2029 2158 '

123 2256 198 2336 ciis
225 2247 429 2363 praedictis
444 2249 639 2358 =plenarie
668 2249 825 2334 soluere
853 2246 1075 2330 secundum
1102 2248 1296 2329 terminos
1326 2249 1578 2332 constitutos.
1622 2251 1687 2331 Sic
1719 2269 1853 2334 autem
1870 2257 1927 2334 'in

121 2365 207 2446 hoo
234 2363 401 2472 negotio
442 2387 516 2443 vos
558 2360 784 2471 prudenter
811 2359 1049 2442 &fideliter
1089 2359 1290 2458 habeatis,
1332 2357 1446 2468 quod
1477 2359 1623 2442 exinde
1651 2388 1737 2443 non
1764 2364 1927 2473 possitis

121 2477 270 2560 merito
297 2470 559 2582 reprehendi,
586 2470 659 2552 sed
686 2473 823 2582 potius
850 2471 1016 2552 valeatis
1044 2499 1068 2550 a
1099 2470 1186 2549 Deo
1214 2472 1422 2577 praemium
1449 2485 1643 2554 aeternum
1671 2473 1715 2554 in
1743 2475 1872 2573 coelis,
1887 2479 1938 2557 &-

44 2592 51 2600 '
121 2585 289 2670 laudem
317 2579 341 2664 'a
370 2584 491 2667 nobis
519 2590 558 2663 &
586 2583 674 2663 aliis
702 2597 935 2692 expectare,
964 2581 1178 2690 caeterique
1206 2596 1341 2660 vestro
1370 2581 1555 2692 exemplo
1570 2580 1623 2663 ad
1643 2583 1837 2692 praedicta
1851 2585 1926 2668 bo·

119 2723 177 2781 na
207 2699 288 2781 fide
315 2693 605 2779 inuiolabiliter
634 2693 870 2804 exequenda
899 2693 1057 2775 fortius.
1087 2692 1325 2776 animentur.
1382 2690 1564 2772 Abbates
1592 2711 1725 2776 autem
1752 2699 1953 2778 Pramo·-

123 2811 337 2896 stratensis
367 2811 407 2888 δι
436 2807 712 2887 Cistcrciensis
742 2803 943 2886 Ordinum
958 2832 1031 2912 per
1048 2805 1279 2908 Quaestores
1306 2801 1537 2886 huiusmodi
1551 2829 1635 2884 non
1663 2806 1927 2914 prouidemus
1975 2805 1981 2812 ”

116 2915 411 3032 requirendos·
440 2919 589 2997 Datum
618 2917 757 2998 R0¹11ae
785 2916 896 3026 apud
925 2915 963 3011 5,·
990 2919 1155 3008 ,Ρεῑτωη
1184 2913 1253 3005 XI,
1282 2911 1447 3002 calend
1479 2914 1724 3000 Decembris.
1758 2918 1924 3004 Pontili·
1981 2997 1986 3004 Α

115 3049 239 3116 catus
268 3031 396 3114 nostri
428 3030 719 3137 Annoprimo,
1712 3085 1721 3098 .

124 3428 265 3542 8311.
386 3455 394 3470 ·
537 3483 598 3583 j
834 3407 1234 3542 12164-1'222.

5 3649 7 3654 '
138 3676 143 3686 ·
208 3643 409 3710 temtans
430 3645 470 3712 lts
491 3647 570 3710 Brel
585 3667 637 3710 orn
659 3657 788 3731 gntusen
808 3649 860 3712 sor
880 3651 1031 3734 Byamrms
1052 3649 1180 3713 klostets
1202 3659 1277 3734 tgor
1296 3650 1382 3740 uppd
1402 3649 1516 3733 alogen
1536 3647 1589 3712 vid
1610 3647 1758 3732 Stigamo.

1542 3761 1581 3818 D.
1596 3778 1621 3816 ι.
1639 3773 1666 3834 7³
1681 3753 1790 3832 45²⁸)

292 3898 496 3986 Joutnnas
522 3896 576 3977 ¹D.
605 3895 656 3985 G,
686 3895 881 3980 Sveorum
910 3897 996 3978 Rex
1025 3898 1220 3982 universis
1250 3897 1401 3980 Christi
1443 3894 1630 3978 fidelibus
1657 3892 1925 4004 praesentibus

113 4025 166 4090 et
177 4020 186 4111 ᾗ
195 4009 366 4118 posteris
394 4035 570 4116 praesens
598 4007 794 4128 scripturn
823 4008 1080 4092 cernentibus
1100 4027 1290 4118 aeternam
1319 4012 1362 4090 in
1390 4007 1553 4094 Christo
1572 4001 1743 4104 salutein
1769 4004 1925 4089 Notum
2007 4025 2017 4047 ·

116 4121 177 4203 sit
204 4120 339 4218 vobis,
371 4117 486 4230 quod
521 4119 709 4228 universa
737 4147 829 4232 quae
857 4120 1052 4206 Dominus
1079 4123 1219 4204 Ericus
1249 4123 1327 4231 piae
1355 4119 1555 4204 memoriae
1596 4118 1809 4199 Sweorum
1836 4118 1927 4197 Rex

118 4230 331 4342 praedictis
359 4229 730 4322 sanctimonialibus
768 4229 893 4342 sigilli
922 4229 984 4316 sui
1012 4229 1162 4316 robore
1203 4231 1479 4342 praemunivit,
1521 4230 1606 4312 haec
1621 4246 1676 4336 ‚et
1703 4255 1778 4312 nos
1805 4225 1925 4316 simili

117 4340 362 4432 conditione
388 4340 511 4453 sigilli
538 4342 668 4432 nostri
695 4340 919 4428 munimine
948 4341 1238 4430 confirmamus.
1269 4341 1318 4424 Si
1346 4341 1544 4454 quiahoc
1571 4338 1793 4450 infringere
1818 4364 1925 4449 prae·

1 4462 8 4474 ‘
118 4455 353 4562 sumpserit,
383 4455 469 4536 sine
496 4449 628 4534 dubio
657 4454 812 4539 ultione
849 4470 988 4538 nostre
1015 4456 1219 4564 punietur.
1276 4453 1589 4538 Universitatem
1616 4453 1722 4556 enim
1749 4468 1924 4534 vestram

11 4631 17 4642 .
104 4564 227 4660 ¹scire
254 4562 461 4660 volumus,
489 4583 652 4682 quantae
679 4564 828 4656 eisdem
858 4565 1236 4652 sanctimonialibus
1269 4563 1383 4673 apud
1424 4563 1678 4674 Stigbemoth
1705 4561 1924 4674 possessio·

118 4700 197 4756 nes
226 4677 416 4771 attinent,
443 4675 483 4756 h.
513 4703 547 4756 e.
577 4677 697 4757 tertia
724 4705 818 4786 pars
845 4677 1061 4786 silvaelquae
1082 4677 1234 4760 dicitur
1260 4675 1591 4787 Stigemotzhult,
1619 4675 1785 4784 insuper
1812 4695 1923 4784 quse·
1965 4743 1997 4756 ,.
2038 4772 2040 4778 ,
2139 4775 2142 4786 .

117 4782 220 4869 dam
248 4783 466 4896 particula,
495 4784 598 4867 licet·
615 4785 795 4907 modica,
830 4789 898 4870 cui
929 4812 1078 4872 nomen
1119 4783 1371 4890 Tiufshulta,
1410 4815 1513 4900 quas
1551 4785 1756 4896 condigno
1783 4808 1923 4880 conse·
2072 4816 2074 4824 ‘

120 4967 402 4991 m

149 4998 194 5108 Ζ”)
215 5023 290 5089 Med
311 5017 564 5110 anteckningem'
575 5027 708 5092 ’'Collst.
729 5027 803 5098 med
824 5025 865 5096 K·
885 5028 1086 5106 Wtwwll
1107 5027 1196 5114 0¹¹8·
1216 4999 1426 5116 P1⁶¹¹²¹43⁰l>3i
1447 5026 1488 5094 se
1509 5003 1696 5188 ffil'ssssfflg
1715 5027 1777 5100 ΜΟ
1795 5027 1865 5114 49²·

152 5133 155 5140 '
176 5139 180 5150 ’
208 5132 211 5140 ’
261 5139 311 5200 Sv.
332 5139 455 5214 veprem.
1694 5136 1715 5214 7
