4384 5946
163 683 217 776 Et·
234 678 396 761 OEerisis
424 675 511 784 ejus
538 673 723 776 dederat3
752 687 930 784 coepere,
959 678 1063 758 sicut
1090 677 1229 776 lemur,
1259 705 1394 760 omnes
1421 677 1593 762 Ministri
1608 680 1742 764 altaris
1757 681 1964 783 recedere,

164 788 446 884 deficientibus
473 789 627 896 quippe
655 789 884 868 necessariis
912 789 1129 887 sumtibus,
1159 791 1211 870 ab
1239 790 1335 898 ipsis
1363 811 1610 874 recesserunt
1623 795 1829 900 gentibus,
1844 801 1965 876 &ea-

165 887 261 986 lien
289 898 342 982 ad
368 898 518 979 Gentes
545 899 733 1006 Legatio,
771 925 845 1006 per
887 897 1118 1005 hujusmodi
1161 901 1309 981 facmm
1351 899 1515 999 defecit,
1558 904 1724 1012 ipsaque
1757 905 1963 1016 Metropo·
2106 978 2111 989 .

165 1013 219 1094 lis
246 1010 520 1116 Heiumaburg
544 1007 593 1120 τ’)
623 1008 779 1091 deserta
806 1007 910 1090 facta
937 1027 1006 1091 est.
1064 1013 1194 1117 Igitur
1222 1010 1319 1092 dum
1347 1013 1431 1092 haec
1460 1025 1671 1123 agerentur
1695 1033 1876 1098 mortuus
1904 1033 1965 1102 ut
2094 1069 2098 1074 ·

164 1125 395 1206 Ilioeeoeeos
409 1118 466 1231 ,73)
496 1122 740 1230 Episcopus,
768 1149 859 1230 quae
887 1119 981 1202 huic
1009 1124 1198 1230 contigua
1225 1149 1309 1203 csse
1338 1122 1511 1204 dicitur:
1539 1151 1710 1232 cumque
1723 1153 1816 1232 sepe
1831 1125 1964 1212 dictu

164 1237 256 1318 Rex
282 1241 321 1316 &
347 1233 453 1313 hanc
481 1231 681 1312 Dieecesin
709 1251 914 1313 vacantem
942 1232 1116 1312 &illam
1144 1232 1343 1313 novellam
1371 1235 1694 1316 constitutionem
1722 1256 1900 1319 cerneret
1914 1233 1964 1348 74)

167 1345 440 1440 deficientem,
467 1343 632 1452 insuper
658 1359 873 1452 utramque
899 1340 952 1455 73)
980 1340 1082 1424 hanc
1125 1345 1364 1440 Ecclesiam,
1406 1345 1482 1445 Dei
1524 1347 1760 1456 pernitente
1804 1348 1963 1432 occulte

175 1459 185 1476 '
214 1456 333 1554 dicio,
428 1481 451 1534 r
477 1453 743 1538 barbarorum
771 1455 950 1535 sevitiam
977 1453 1194 1536 admodum
1223 1471 1482 1553 attenuatam,
1511 1483 1680 1564 querere
1709 1457 1834 1564 cepit,
1864 1485 1964 1566 qua-

166 1484 259 1650 Esn
286 1483 469 1676 predidta
485 1565 719 1669 ,Bremensis
747 1563 940 1661 Ecclesia,
969 1565 1126 1646 novelle
1156 1566 1261 1647 dicte
1288 1566 1628 1676 archiepiscopali
1645 1565 1693 1678 73)
1708 1568 1902 1663 uniretur,
1918 1593 1966 1652 ee

166 1677 407 1762 subderetur
427 1672 540 1772 ¹sedi,
565 1695 708 1758 nostro
734 1674 813 1758 hoc
839 1693 981 1758 votum
1008 1677 1228 1757 roborante
1255 1676 1435 1758 decreto:
1462 1677 1571 1758 unde
1598 1705 1672 1787 per
1700 1705 1792 1788 sepe
1822 1675 1878 1788 ⁷⁷)'
1891 1705 1966 1758 no·

30 1837 34 1852 ·
166 1793 362 1871 minatum
389 1787 654 1868 venerabilem
684 1784 733 1897 73)
770 1786 954 1884 Missum,
999 1784 1251 1870 Salomonem
1293 1787 1478 1870 videlicet
1520 1787 1752 1871 Constantia
1795 1790 1966 1870 civitatis

166 1901 436 2011 Episcopum,
463 1899 581 1979 nobis
609 1899 687 1978 hoc
713 1896 883 1979 relatum
911 1915 970 1979 est
995 1896 1048 2006 77)
1077 1896 1393 1980 confirmandum
1421 1927 1467 1978 ac
1493 1896 1740 2008 postulatum
1754 1917 1813 1981 est
1826 1917 1967 1983 nostre

166 2014 407 2096 auctoritate
433 2008 721 2090 roborandum.
779 2010 862 2090 Nos
887 2010 1011 2118 igitur
1040 2009 1176 2091 subtili
1204 2008 1496 2120 perpendentes
1522 2012 1701 2093 examine
1716 2005 1967 2092 animadver-

164 2120 364 2234 timus‘,⁸⁰)
393 2135 568 2228 propter
590 2119 801 2202 instantem
828 2123 1099 2202 necessitatem
1128 2123 1400 2203 &animarum
1416 2119 1526 2201 lucra
1541 2123 1583 2200 in
1599 2123 1783 2232 gentibus
1799 2117 1966 2204 demon·

41 2296 45 2304 .
165 2251 312 2331 strata,
354 2231 453 2312 utile
489 2229 587 2314 fore.
653 2231 799 2311 Omnia
824 2228 897 2340 31),
926 2259 1020 2341 quae
1046 2233 1227 2338 prolicua
1255 2232 1429 2312 Ecclesie
1457 2230 1683 2339 probantur
1709 2234 1899 2331 existere,
1920 2238 1967 2316 8ι

167 2344 319 2429 divinis
348 2353 434 2423 non
460 2341 655 2423 resultant
683 2343 1011 2450 preceptioni-bus
1041 2342 1150 2424 licita
1174 2349 1215 2423 8ι
1237 2339 1417 2423 iacienda
1432 2369 1515 2423 esse
1530 2371 1613 2424 non
1628 2343 1899 2426 dubitavimus
1912 2341 1965 2453 33)

164 2457 335 2538 maxime
364 2462 409 2534 in
434 2467 517 2532 tam
544 2452 701 2533 novelle
731 2453 1037 2534 Christianitatis
1065 2454 1331 2560 plantatione,
1360 2455 1409 2533 in.
1431 2481 1512 2562 qua
1538 2453 1640 2534 varii
1654 2473 1819 2536 eventus
1835 2454 1967 2538 solent

165 2568 413 2672 contingere.
470 2564 743 2666 Quamobrem
770 2566 1007 2650 auctoritate
1034 2563 1083 2674 33)
1112 2564 1398 2672 omnipotentis
1425 2566 1520 2670 Dei,
1549 2571 1589 2646 &
1616 2567 1825 2648 beatorum
1853 2568 1966 2673 Apo·

164 2677 366 2762 emlorum
394 2675 501 2754 Petri
529 2689 569 2754 et
596 2673 730 2770 Pauli,
759 2679 800 2754 8ι
826 2671 904 2756 hoc
932 2689 1074 2756 nostro
1101 2676 1280 2772 decreto,
1309 2674 1558 2763 decrevimus
1584 2675 1634 2786 ⁸⁴)
1650 2677 1869 2758 secundum
1885 2677 1966 2758 Re·

165 2784 442 2873 verendissimi
470 2784 590 2890 Regis
617 2779 668 2894 33)
696 2783 895 2866 Ludovici
927 2803 1086 2884 votum,
1122 2789 1228 2895 ipsas
1255 2786 1454 2894 predictas
1482 2787 1671 2869 dioeceses
1699 2783 1966 2874 llammahnr*¹

169 2927 350 3010 gessem,
378 2898 630 3005 bremensem
659 2894 828 2994 scilicet,
857 2902 897 2976 &
923 2893 974 3007 33)
1002 2925 1088 2978 non
1113 2895 1302 3004 deinceps
1331 2897 1451 2979 duam
1479 2893 1549 3005 sed
1577 2923 1697 2978 unam
1725 2926 1810 2980 esse
1830 2905 1870 2978 8r
1891 2924 1966 2980 vos
2041 2891 2043 2898 ’

170 3013 274 3108 cari,
318 3006 516 3114 subdique
559 3003 663 3103 sedi,
706 3033 786 3116 quc
830 3005 1122 3116 predecessoris
1164 3009 1293 3088 nostri
1335 3006 1497 3090 decreto
1534 3009 1875 3118 Archiepiscopali
1904 3023 1966 3096 cst

170 3147 336 3204 munere
365 3117 597 3212 sublimata,
633 3119 817 3199 restituta
834 3117 1039 3200 duntaxat
1066 3118 1117 3200 de
1144 3120 1365 3200 Bremcnsis
1394 3119 1568 3226 Ecclesie
1595 3120 1716 3202 rebus
1745 3121 1778 3200 E
1809 3123 1966 3229 iscopa÷

168 3237 228 3316 tui
263 3228 483 3313 Werdensi
503 3245 626 3337 parte
653 3227 746 3309 inde
774 3225 824 3339 37)
853 3229 994 3310 ablata,
1051 3231 1197 3311 Nullus
1224 3257 1321 3311 vero
1349 3228 1686 3339 Archiepiscopus
1714 3147 1966 3314 Colbniensis

74 3371 76 3378 ¹
169 3346 292 3427 ullam
327 3340 377 3452 33)
414 3340 492 3421 sibi
529 3337 716 3446 deinceps
743 3341 787 3418 in
815 3339 952 3422 eadem
980 3340 1142 3421 dioecesi
1170 3341 1346 3423 vindicet
1373 3356 1608 3448 potestatem
1636 3338 1699 3451 37).
1770 3341 1965 3446 Quinime

60 3506 65 3514 ·
169 3463 207 3538 8r
235 3456 315 3564 ipsi
342 3449 393 3564 ⁹⁰)
424 3457 463 3530 81
490 3452 678 3531 omnibus
706 3452 870 3531 omnino
898 3451 1108 3532 suademus
1135 3480 1230 3532 vere
1256 3453 1459 3559 religionis
1493 3451 1736 3549 cultoribus,
1764 3472 1810 3534 ut
1851 3457 1967 3539 secra

170 3567 245 3648 bac
273 3563 478 3671 legatione
505 3561 767 3669 fungentibus
796 3561 999 3669 adjutorio
1028 3569 1066 3642 &
1095 3563 1236 3643 solatio
1265 3564 1364 3659 sint,
1393 3580 1590 3673 quatenus
1618 3565 1746 3670 gratia
1759 3562 1878 3671 hujus
1893 3564 1967 3647 bez

169 3678 301 3758 nelicii
328 3674 490 3782 plenam
517 3671 740 3753 mercedem
769 3675 950 3781 recipere
979 3690 1204 3753 mereantur
1232 3674 1284 3754 ab
1311 3701 1379 3769 ec,
1408 3675 1481 3784 qui
1501 3673 1621 3755 dixit:
1637 3672 1707 3770 Ite,
1722 3674 1863 3756 docete
1877 3700 1964 3756 om·

167 3815 238 3870 nes
282 3803 440 3896 gentes,
481 3790 522 3866 8ι
562 3786 795 3893 quicunque
838 3787 1033 3893 receperit
1059 3812 1150 3881 vos,
1178 3812 1241 3864 mc
1269 3785 1421 3892 recipit
1477 3785 1618 3894 Itaque
1653 3785 1788 3866 omnia
1815 3813 1838 3865 a
1865 3779 1965 3866 dile·

166 3917 235 3997 cto
265 3899 350 3979 filio
379 3912 519 3977 nostro
549 3896 659 4002 Rege
684 3893 721 4006 **)
746 3894 957 3976 Ludovico
981 3894 1036 3976 ad
1064 3894 1142 3976 hoc
1170 3897 1258 3976 Deo
1286 3895 1452 4002 dignum
1467 3895 1639 3977 officium
1655 3895 1855 4005 deputata,
1871 3919 1965 3976 noe-

167 4027 232 4091 tra
260 4010 399 4104 etiam,
427 4009 495 4115 pia
523 4006 609 4114 ejus
637 4022 754 4102 vota,
782 4009 1017 4088 auctoritate
1045 4006 1256 4088 firmamus.
1311 4008 1365 4087 Et
1391 4010 1487 4115 quia
1519 4033 1631 4087 casus
1647 4051 1649 4055 2
1667 4007 1965 4115 praeteritorum

175 4138 314 4201 cautos
342 4147 415 4199 nos
444 4117 595 4198 faciunt
622 4118 665 4196 in
692 4116 893 4214 futurum,
922 4144 1080 4201 omnem
1108 4145 1274 4228 quoque
1302 4115 1576 4198 adversantem
1605 4113 1668 4198 vel
1686 4116 1965 4199 contradicen-

179 4248 260 4310 tem
298 4245 417 4337 atque
449 4227 498 4339 ⁹¹)
528 4225 675 4307 nostris
703 4227 764 4307 his
792 4227 934 4310 studiis
961 4228 1145 4336 quolibet
1173 4228 1294 4310 modo
1321 4227 1371 4337 **)
1399 4227 1670 4326 insidiantem,
1708 4223 1964 4322 anathematis
2031 4218 2038 4232 ’

174 4367 368 4420 mucrone
395 4340 659 4448 percutimus,
691 4356 812 4447 atque
840 4357 1034 4448 perpetue
1061 4339 1226 4420 ultionis
1254 4365 1367 4436 reum
1382 4334 1577 4420 diabolica
1593 4357 1699 4421 sorte
1714 4337 1967 4420 damnamus:
2045 4418 2054 4430 ,

157 4441 226 4543 ‘ut
253 4451 408 4531 culmen
433 4448 711 4560 Apostolicum
738 4477 850 4530 more
869 4448 1205 4561 praedecessorum
1220 4468 1468 4547 nostrorum,
1484 4475 1727 4558 caummque
1737 4450 1812 4529 Dei
1823 4447 1893 4557 pio
1914 4443 1965 4558 ⁹²)
2069 4487 2070 4492 ¹

266 4687 327 4767 72)
346 4707 418 4770 pene
436 4689 565 4753 decena.
607 4689 658 4773 73)
679 4689 800 4758 addunt
818 4695 877 4760 altr·
895 4695 1085 4774 Bremensis3
1104 4691 1188 4766 deest
1208 4693 1244 4758 in
1263 4694 1335 4755 atet
1356 4693 1534 4762 etiamooe.
1555 4687 1675 4753 dtoeeea
1717 4683 1769 4772 77))
1790 4687 1966 4753 Deertcev-

264 4778 363 4828 neret.
401 4771 448 4850 75)
467 4767 501 4834 dr
521 4783 697 4856 utramque.
742 4776 794 4855 76)
815 4777 967 4861 predicte
987 4783 1117 4861 quoque
1131 4777 1253 4839 novelle
1275 4775 1549 4859 archiepiscopali.
1594 4776 1645 4854 77)
1656 4791 1799 4858 persepe.
1821 4771 1966 4854 pllideest

266 4849 479 4917 venerabilem.
522 4858 574 4937 79)
594 4854 676 4917 deest
696 4857 786 4922 nobis
807 4859 867 4921 boc
887 4860 1023 4923 relatum
1045 4872 1098 4923 est
1130 4857 1183 4940 8ο)
1204 4861 1306 4920 animo
1317 4859 1518 4920 advertimus.
1539 4852 1716 4934 tqomnta
1728 4860 1817 4918 enim.
1839 4855 1891 4932 82)
1903 4856 1967 4917 du·

267 4926 412 4995 bitenius.
452 4932 502 5013 83)
522 4935 605 4998 deest
627 4944 823 5005 auctoritate.
867 4942 919 5020 84)
940 4943 1142 5008 decernimus.
1184 4937 1237 5018 85)
1258 4939 1342 5001 deest
1365 4941 1467 5020 Regis.
1510 4935 1562 5016 86)
1585 4941 1822 5003 &Bremensem
1839 4941 1966 5003 scilicet.

270 5005 324 5086 87)
347 5024 414 5110 unte
434 5017 547 5081 ablata.
589 5016 641 5098 88)
662 5022 760 5084 illam.
802 5023 855 5109 89)
876 5029 1103 5090 seueritatem
1144 5027 1199 5109 90)
1218 5024 1301 5107 777777·
1343 5023 1369 5103 ⁶)
1390 5020 1483 5084 dee-tl·
1525 5023 1577 5108 9¹)
1599 5023 1786 5106 Pliinffilfi*
1828 5021 1876 5100 **)
1886 5041 1968 5104 51¹⁰·

269 5091 446 5162 modolrbet.
486 5104 537 5185 qa)
557 5120 628 5186 pru,
647 5125 820 5191 perperam.
1731 5150 1767 5178 κ,
