4382 5964
1034 427 1093 454 -
1202 363 1291 471 sss
1393 431 1451 454 -

351 661 486 804 '2²9'
968 613 1216 728 1281d.
1271 616 1339 726 15
1385 617 1546 772 Aug(
1792 615 2093 738 ‘Stoclrbolm

429 837 619 922 Kcnungens
638 830 759 900 Broder
779 835 898 938 besens
918 833 998 900 lires
1088 837 1125 900 13
1146 839 1215 902 tm
1234 835 1310 936 land
1330 835 1384 936 tid
1404 837 1534 923 llusnby
1554 839 1566 901 i
1586 839 1664 907 wis
1742 839 1791 905 till
1809 841 1925 937 Upssla
1949 847 2091 932 uoukyru

405 1007 408 1018 Ι
481 922 581 986 ώσω
601 915 746 986 stlerbet
764 917 817 983 liar
837 916 984 1005 ltnugua
1065 920 1174 1003 mark,
1195 919 1304 984 bruile
1324 921 1374 984 ull
1395 923 1632 990 Matremne
1675 944 1715 1008 ag
1734 923 1832 988 skulle
1852 945 1925 1006 vera
1943 927 2053 998 betalde

1731 1093 1734 1100 .
1799 1040 1997 1098 Ababa

513 1173 725 1258 Uniuersis
752 1186 959 1280 presentes
987 1170 1142 1252 litteras
1171 1171 1415 1280 inspecturis
1443 1173 1510 1255 uel
1538 1173 1749 1258 audinuis
1783 1173 2008 1276 Benedictus
2030 1177 2095 1260 illu·

345 1289 441 1374 stris
468 1287 577 1398 regis
603 1307 805 1368 swcorum
833 1280 969 1363 frater.
1011 1279 1182 1364 salutem
1209 1283 1252 1365 in
1281 1281 1458 1368 domino.
1508 1282 1669 1368 Tenere
1711 1290 1960 1396 presenciam
1983 1289 2096 1371 littam

345 1425 440 1482 rum
468 1411 742 1510 protestamur
768 1394 1159 1504 &recognoscimus
1186 1419 1262 1474 nos
1289 1395 1507 1505 Octoginta
1520 1393 1717 1478 'marchas
1750 1395 2001 1480 denariorum
2022 1423 2096 1478 swe-

347 1513 439 1594 uice
471 1525 630 1590 monete
659 1522 800 1588 mutuo
827 1505 1024 1612 recepisse
1065 1502 1119 1585 ab
1160 1504 1327 1586 ecelesia
1355 1505 1573 1615 upsalensi,
1613 1507 1690 1588 Cui
1731 1508 1916 1618 predium
1955 1524 2096 1592 numm

346 1619 538 1704 uldelicet
565 1618 759 1702 tredecim
785 1613 907 1696 horas
935 1630 1044 1696 terre
1073 1614 1184 1724 apud
1215 1615 1376 1725 husahy
1408 1617 1452 1698 in
1479 1618 1644 1725 wingru
1675 1646 1768 1700 cum
1796 1613 1922 1729 pratis
1947 1621 2041 1701 siluis
2057 1622 2097 1729 pi·

346 1731 600 1819 sessionibus
627 1733 668 1810 se
694 1726 785 1836 alijs
811 1725 1001 1812 omnibus
1029 1723 1139 1809 dicto
1167 1723 1312 1836 predio
1349 1728 1589 1836 generaliter
1632 1729 1915 1826 attinentibus,
1954 1733 2097 1841 inpigre·

344 1869 482 1926 ramus
509 1867 588 1950 pro
615 1838 785 1935 eisdem.
812 1834 1054 1920 condicione
1082 1836 1175 1934 tali,
1203 1836 1378 1948 quodsi
1406 1841 1579 1947 mannia
1594 1839 1856 1922 denariorum
1871 1841 2095 1951 predictorum

65 1959 71 1968 ’
196 2029 199 2034 ,
247 2037 250 2049 ,
345 1948 441 2038 ante
468 1954 686 2036 instantem
712 1949 819 2033 diem
854 1945 966 2030 beati
991 1949 1153 2030 martini
1179 1947 1418 2031 nonluerit
1446 1949 1697 2060 integraliter
1724 1954 1922 2050 restituta,
1949 1979 2096 2034 memon-

249 2052 253 2066 ’
345 2083 436 2148 tum
463 2059 673 2175 predium,
700 2086 793 2145 cum
808 2057 1024 2141 omnibus·
1038 2059 1117 2142 sibi
1143 2059 1385 2170 generaliter
1411 2061 1516 2142 siout
1544 2059 1719 2144 diximus
1761 2063 2015 2145 attinentibus
2047 2089 2094 2170 up

218 2183 222 2191 '
345 2175 494 2262 salensi
528 2170 695 2258 ecclesie
737 2168 998 2254 uendioamus
1039 2169 1288 2278 assignemus
1335 2168 1649 2254 &conferimus
1690 2174 1781 2254 iure
1823 2171 2095 2264 irreuocabili&

345 2299 548 2404 perpetuo
674 2279 877 2378 ‘dendum,
904 2279 966 2390 jta
993 2295 1127 2362 tamen
1155 2277 1267 2392 quod
1295 2281 1330 2360 si
1357 2281 1544 2390 predium
1558 2282 1807 2392 sepedictum
1823 2285 1867 2364 in
1881 2284 2095 2394 aliquapane

343 2397 455 2485 nltm
482 2422 566 2510 quo
623 2420 776 2477 summa
805 2405 1023 2473 memorate
1050 2386 1223 2501 pecunie
1244 2390 1554 2502 correspondet
1578 2421 1621 2476 se
1636 2393 1836 2493 extendit,
1866 2414 2009 2504 partem
2020 2392 2093 2474 illm

344 2537 398 2598 cu
429 2509 534 2592 imus
560 2531 668 2619 equo
696 2503 836 2618 precio
863 2499 1119 2586 uendendam
1146 2502 1310 2586 ecclesie
1338 2501 1551 2613 upsalensi,
1579 2505 1614 2586 si
1642 2530 1742 2586 uero
1770 2503 1977 2602 defecerit,
2007 2507 2019 2584 i
2055 2505 2094 2583 ius

348 2539 554 2706 delectum
580 2645 631 2702 ex
659 2631 801 2698 nostro
828 2611 1015 2722 suppleri
1039 2614 1226 2695 volumus
1253 2617 1294 2696 &
1321 2615 1564 2725 precipimus
1599 2617 1642 2697 in
1682 2618 1859 2698 termino
1901 2532 2093 2726 supradibtt.

345 2735 433 2818 Nos
461 2732 588 2841 igitur
614 2725 809 2810 aduersus
837 2723 1057 2808 obliuionis
1085 2720 1342 2834 dispendium
1370 2723 1485 2835 quod
1512 2751 1634 2836 super
1662 2723 1739 2810 hiis
1754 2727 1799 2808 in
1827 2745 2020 2838 posterum
2031 2750 2093 2834 pos·

344 2846 399 2929 sit
426 2838 624 2972 generari*
639 2835 895 2950 presentibus
923 2835 1066 2918 litteris
1093 2834 1270 2944 sigillum
1296 2849 1480 2916 nostrum
1529 2833 1846 3028 appendendum
1889 2833 2092 2922 duximusiu

345 2953 623 3039 testimonium
650 2948 844 3032 ueritatis.
886 2949 1033 3030 Actum
1061 2950 1103 3027 sc
1129 2944 1269 3029 datum
1310 2943 1420 3056 apud
1464 2961 1550 3030 stoc
1579 2949 1661 3030 olm
1701 2976 1813 3032 anno
1857 2948 2008 3031 domini.
2032 2945 2091 3026 tt.-

218 3058 222 3066 ’
346 3062 691 3150 CC·.LXXX⁶.I⁰.
720 3057 766 3168 jn
788 3055 855 3142 die
883 3057 1172 3169 assumpcionis
1200 3056 1317 3140 beate
1345 3061 1387 3138 &
1413 3056 1588 3168 gloriose
1616 3085 1776 3170 semper
1810 3061 1975 3169 virginis
1997 3054 2087 3138 llario

499 3205 505 3214 '
1050 3195 1169 3284 sigillet
1188 3197 1284 3282 ndgot
1303 3195 1442 3263 skadadt

354 3571 511 3719 730„
976 3563 1122 3676 1281
1155 3529 1222 3674 ¹tl.
1270 3601 1343 3674 22
1390 3565 1529 3714 Sept.
1843 3559 2090 3678 Hanabolu

426 3767 607 3860 irus-sut.
626 3787 734 3854 ticon
757 3785 919 3851 Fullmalt
939 3785 990 3850 ser
1009 3787 1160 3854 sonum
1179 3787 1378 3853 Ornoi-reson
1397 3799 1444 3853 att
1463 3807 1540 3852 vore
1558 3783 1735 3872 btedjem
1755 3788 1767 3850 i
1786 3785 1920 3874 Upsala

1752 3899 2003 3975 b&n&4q

474 4135 480 4147 „
514 4038 716 4124 Omnibus
742 4035 955 4120 inebriato
983 4033 1170 4120 fidelibus
1185 4065 1350 4151 presens
1377 4039 1575 4148 scriptum
1589 4039 1849 4122 cernentibus
1877 4035 2032 4121 lacobus
2046 4025 2090 4108 u't
2135 4069 2137 4124 ;

346 4152 554 4236 seracione
584 4151 724 4236 diuina
766 4145 988 4258 upsalensis
1024 4147 1189 4233 ecclesie
1232 4150 1412 4232 minister
1452 4148 1662 4258 indignus,
1703 4148 1876 4230 salutem
1907 4152 1949 4232 in
1974 4137 2089 4227 domist

346 4263 630 4374 sempiternam
657 4261 884 4344 Jniuriatur
910 4259 1100 4342 memorie
1127 4258 1187 4341 fre
1217 4277 1359 4342 uenter
1394 4259 1551 4343 obliuio
1575 4265 1619 4352 ‚u
1644 4285 1695 4342 ex
1724 4258 2011 4372 longinquitate
2031 4267 2089 4356 sept
2134 4261 2136 4344 ξ

345 4373 393 4460 fit
420 4374 616 4483 temporis
643 4371 758 4484 quod
785 4399 849 4454 res
875 4368 983 4452 clara
1012 4289 1269 4480 presentibus
1296 4367 1482 4452 redditur
1510 4371 1685 4454 obscura
1720 4367 1890 4469 futuris,
1925 4364 2019 4452 rude
2048 4350 2088 4436 tl

346 4509 489 4568 uersus
517 4483 738 4569 obliuionis
764 4479 1021 4592 dispendium
1049 4479 1100 4565 de
1127 4483 1326 4594 scripture
1359 4481 1557 4592 suffragio
1584 4478 1834 4595 prudentum
1863 4476 2011 4563 cautela
2031 4491 2088 4580 pt

347 4592 471 4694 uidit,
502 4597 714 4706 presertim
743 4591 785 4674 in
811 4590 893 4701 hijs
920 4620 1002 4705 que
1029 4593 1136 4677 cirea
1164 4619 1310 4707 graues
1337 4595 1378 4673 sst
1404 4591 1601 4674 litteratas
1629 4619 1823 4704 personas
1850 4594 1929 4676 rite
1956 4595 2090 4670 &cano

347 4705 439 4788 nice
466 4703 576 4788 facta
603 4706 874 4791 enascuntur
900 4699 1033 4788 luisse.
1058 4705 1166 4789 Hinc
1193 4701 1393 4818 estquod
1421 4720 1562 4786 tenore
1592 4704 1843 4815 presencium
1873 4707 2090 4789 constanti*

389 4889 1733 5031 'lEflersndsoltounttflttlubcmtwesatnsmffl
1856 4953 1859 4960 .
