4362 5946
564 408 869 518 .·'···
980 421 1060 533 347
1168 471 1225 495 ·-

116 648 324 754 'Quoniam
359 661 403 728 vt
446 646 502 727 ait
530 645 851 754 Apostolusbrc.
868 649 961 729 :lita
990 649 1080 726 med
1108 649 1190 731 Ν.·ο
1219 648 1297 754 275
1328 649 1395 731 till
1419 635 1543 732 vitam
1584 665 1762 732 eternam
1796 654 1906 735 fCum

122 763 245 868 igitur
274 759 377 838 sicut
404 781 452 838 ex
482 773 598 864 parte
627 757 868 836 venerabilis
897 757 1031 835 fratris
1059 760 1186 837 nostri
1216 760 1505 870 archiepiscopi
1539 767 1579 842 8(
1607 761 1845 844 dilectorum
1860 766 1906 844 li-

121 870 268 950 liorum
287 866 467 978 capituli
493 864 664 950 ecclesie
688 867 907 982 vpsalensis
937 866 1013 945 luit
1041 870 1294 976 propositum
1323 897 1458 950 coram
1486 870 1604 951 nobis
1632 873 1753 964 iidem
1781 877 1907 954 eccle·
1935 919 1938 927 ·

118 983 217 1060 siam
248 982 375 1090 ipsam
405 962 512 1087 ignis¹
536 995 814 1084 consumptam
844 975 1030 1058 incendio
1059 1006 1247 1088 reparare
1276 979 1501 1090 inceperint
1517 988 1645 1089 opere,
1655 1003 1904 1092 sumptuosa,
1930 1004 1932 1009 '

121 1097 162 1171 8(
190 1091 242 1171 ad
271 1089 616 1169 consumacionem
647 1090 771 1195 ipsius
801 1089 856 1166 eis
886 1090 1050 1196 proprie
1078 1118 1162 1169 non
1191 1108 1407 1199 suppetant
1442 1091 1668 1188 facultates,
1712 1097 1909 1176 uniuersi·
1963 1113 1964 1120 ’

120 1217 249 1304 tatem
274 1211 448 1278 vestram
462 1197 661 1307 {rogamus
712 1199 917 1277 moriemus
944 1205 986 1278 8(
1013 1193 1223 1280 hortamur
1262 1202 1305 1280 in
1348 1201 1511 1283 domino
1552 1204 1597 1281 in
1638 1200 1909 1286 remissionem

121 1313 241 1393 uobis
284 1310 558 1417 peccaminum
602 1311 859 1416 iniungentes
882 1311 1091 1418 ¹quatinus
1127 1309 1176 1390 de
1205 1311 1322 1392 bonis
1351 1339 1375 1390 a
1404 1311 1481 1392 deo
1510 1312 1627 1393 uobis
1672 1312 1834 1395 collatis*
1853 1317 1909 1395 eis
2001 1358 2004 1365 =

121 1426 210 1532 pias
239 1420 473 1500 elemosinas
501 1423 541 1498 8(
567 1437 680 1527 grata
710 1419 885 1500 caritatis
914 1418 1093 1500 subsidia
1121 1425 1311 1529 erogetis,
1340 1438 1386 1503 vt
1410 1451 1483 1531 per
1511 1423 1828 1506 subuencion'em
1843 1451 1909 1506 ve-

120 1554 245 1616 stram
273 1529 501 1639 predictum
530 1555 634 1638 opus
662 1531 791 1610 valeat
821 1532 1067 1625 consummi,
1110 1537 1149 1612 8(
1180 1559 1251 1612 uos
1287 1547 1360 1639 per
1388 1532 1462 1613 hec
1492 1536 1532 1612 &
1560 1532 1638 1612 alia
1678 1533 1786 1614 bona
1811 1561 1910 1645 uque

123 1644 289 1725 domino
316 1642 540 1750 inspirante
568 1640 739 1720 feceritis
769 1641 820 1720 ad
863 1657 1001 1719 eterne
1043 1640 1245 1723 felicitatis
1289 1644 1447 1750 possitis
1489 1642 1637 1749 gaudia
1678 1648 1908 1751 peruenire,

122 1757 206 1836 nos
222 1754 328 1834 enim
358 1751 408 1832 de
437 1752 728 1858 omnipotentis
753 1751 818 1832 dei
854 1751 1123 1831 misericordia
1153 1757 1193 1830 8(
1220 1755 1429 1834 beatorum
1472 1755 1577 1860 petri
1605 1758 1646 1833 &
1673 1753 1785 1860 pauli
1812 1763 1910 1863 apo·

119 1868 315 1946 stolorum
345 1866 431 1942 eius
459 1863 697 1943 auctoritate
725 1860 883 1955 confisi,
913 1861 1097 1940 omnibus
1125 1889 1219 1942 vere
1247 1865 1522 1971 penitentibus
1551 1869 1591 1941 8(
1620 1862 1810 1944 confessis
1840 1867 1912 1972 qui

118 2003 284 2070 manum
313 1974 369 2052 eis
397 1971 450 2052 ad
478 1972 555 2052 hoc
584 1973 854 2080 porrexerint.
869 1971 1106 2052 adiutricem
1119 1972 1403 2081 ‘quadraginta
1431 1973 1516 2054 dies
1543 1972 1595 2070 de
1623 1975 1805 2054 iniuncta
1832 1974 1911 2054 sibi

119 2085 351 2197 penitencia
371 2081 692 2173 misericorditer
722 2084 963 2177 relaxamus,
1007 2083 1260 2190 presentibus
1289 2100 1381 2191 post
1409 2085 1535 2192 ipsius
1562 2085 1909 2165 consumaciouem

120 2201 258 2306 operis
301 2195 462 2273 minime
503 2193 685 2273 valituris
727 2219 829 2301 quas
858 2193 963 2272 mitti
993 2221 1064 2301 per
1092 2197 1345 2302 questuarios
1387 2193 1554 2273 firmiter
1587 2195 1813 2275 inhibemus
1844 2221 1910 2275 eas

64 2319 68 2324 “
118 2311 156 2388 si
177 2335 289 2389 secus
318 2320 452 2383 actum
483 2302 603 2406 fuerit
631 2327 768 2384 carere
796 2302 952 2382 uiribus
981 2303 1239 2386 decernentes
1269 2302 1406 2386 datum
1437 2302 1608 2414 lugduni
1636 2304 1736 2384 Kal:
1756 2303 1911 2385 decem-

119 2419 207 2502 bris
236 2414 491 2527 pontificatus
520 2415 648 2494 nostri
677 2441 784 2491 anno
813 2429 969 2494 octauo.

117 2589 262 2724 380.
783 2549 933 2710 rado
980 2605 1109 2762 (1.8
1155 2609 1277 2715 Dec.
1437 2670 1440 2676 f
1545 2607 1912 2755 Lyon.

199 2824 295 2894 ¹Pdsv.
310 2821 511 2892 'brocsmrus
532 2821 603 2885 Νι(
623 2823 701 2884 Brel
716 2822 766 2884 till
785 2823 914 2900 Prosten
936 2823 996 2886 och
1017 2826 1228 2910 Domkapitlet
1249 2829 1259 2887 i
1280 2825 1413 2910 Upsala,
1434 2823 1635 2906 hvuigenom
1651 2823 1732 2903 bide
1743 2826 1782 2888 de
1803 2827 1913 2911 sjelsra

254 2903 316 2968 och
332 2903 425 2988 deins
445 2904 631 2985 egendomar
664 2917 749 2985 tegas
779 2906 877 2966 under
909 2907 1049 2990 beskydd
1069 2910 1106 2970 af
1130 2911 1266 2987 Pdlren,
1299 2931 1364 2971 som
1388 2909 1487 2971 tillika
1517 2907 1676 2974 bekrtllm·
1696 2907 1766 2988 den,
1787 2909 1859 2970 dem
1879 2909 1917 2971 af

150 3029 154 3038 -
258 2987 395 3068 Konung
416 2987 493 3050 Eme
514 2987 660 3050 Enrcssor
681 2985 742 3049 och
763 2987 878 3050 Bmosn
900 2988 994 3067 Isau,
1015 2992 1113 3054 under
1134 3014 1228 3054 namn
1249 2993 1285 3052 af
1300 2991 1500 3072 fattigtionde‚
1522 2991 1668 3073 anslague
1688 2991 1858 3076 spanumal.

1158 3145 1161 3152 ·
1598 3108 1635 3161 Δ.
1655 3123 1677 3159 ι.
1695 3123 1720 3160 ι.
1738 3107 1779 3175 ²4.

266 3207 539 3285 innoceurtus
555 3208 766 3313 episcopus
780 3233 920 3287 seruus
939 3233 1146 3286 seruorum
1171 3205 1247 3286 dei.
1269 3207 1432 3288 Dilectis
1446 3207 1564 3314 filijs.
1594 3265 1603 3284 .
1634 3204 1844 3313 Preposito
1872 3217 1914 3282 et

119 3315 315 3426 Capitulo
345 3316 507 3399 ecclesie
534 3316 764 3422 ,Vpsalensi
795 3315 971 3397 Salutem
999 3321 1039 3395 8(
1074 3318 1335 3422 apostolicam
1357 3317 1712 3411 benedictionem.
1772 3317 1915 3404 Sacro·

118 3444 265 3510 sancta
298 3451 462 3517 romana
490 3426 654 3508 ecclesia
684 3427 854 3510 deuotos
883 3442 922 3504 et
958 3427 1127 3506 humiles
1169 3427 1271 3507 filios
1300 3456 1350 3506 ex
1379 3444 1532 3508 assuete
1575 3428 1737 3535 pietatis
1779 3425 1915 3506 officio

118 3537 366 3647 propensius
396 3527 562 3642 diligere
591 3530 812 3620 consueuit.
836 3551 883 3616 et
911 3565 962 3616 ne
989 3565 1211 3645 prauorum
1240 3539 1448 3618 hominum
1476 3537 1668 3644 molestijs
1698 3538 1914 3646 agitentur,

111 3669 195 3730 'eos
227 3663 432 3753 tamquam
445 3646 543 3752 ,pia
559 3664 686 3726 mater
713 3675 784 3744 sue,
814 3649 1076 3754 protectionis
1106 3649 1325 3727 munimine
1353 3649 1581 3730 confoucre.
1610 3650 1839 3757 Eapropter
1853 3645 1913 3732 di·
1959 3713 1962 3724 ,

120 3760 222 3842 lecti
250 3759 292 3835 in
325 3754 490 3835 domino
519 3755 593 3862 lilij
616 3758 760 3837 uestris
796 3757 909 3836 iustis
938 3757 1285 3864 postulacionibus
1323 3776 1442 3865 grato
1471 3774 1754 3840 concurrentes
1783 3783 1914 3836 assen-

117 3898 195 3975 su,
226 3893 421 3974 personas
451 3883 604 3946 uestras
633 3871 673 3945 8(
700 3868 905 3948 ecclesiam
921 3859 1237 3974 Vpsalensemin
1266 3895 1349 3978 quo
1379 3868 1520 3949 diuino
1541 3870 1691 3969 uacatis
1719 3866 1922 3974 obsequio

116 4007 216 4060 oum
246 3976 435 4056 omnibus
464 3975 582 4056 bonis
610 4004 691 4085 que
719 3979 1067 4086 impresentiarum
1095 3977 1389 4080 rationabiliter
1416 3978 1610 4088 possidet,
1639 3979 1774 4062 autin
1803 3973 1913 4057 futu·
1995 4045 2004 4058 s

118 4117 217 4175 rum
244 4088 359 4166 iustis
388 4085 518 4166 modis
549 4103 753 4194 prestante
779 4087 943 4173 domino
971 4089 1121 4195 poterit
1149 4088 1335 4195 adipisci,
1365 4089 1440 4168 sub
1454 4089 1565 4170 beati
1578 4089 1686 4168 Petri
1708 4102 1749 4168 et
1770 4101 1914 4186 nostra

117 4199 377 4309 protectione
406 4199 654 4305 suscipimus.
686 4197 922 4304 Specialiter
945 4214 1084 4277 autem
1112 4195 1293 4278 redditus
1322 4197 1451 4294 bladi,
1480 4226 1560 4306 que
1589 4197 1731 4278 dicime
1760 4223 1914 4304 paupe-

114 4337 215 4390 rum
244 4307 471 4417 uulgariter
500 4307 778 4414 appellantur,
806 4334 909 4416 quos
938 4309 1043 4387 clare
1071 4309 1263 4398 ¹memorie
1299 4309 1440 4388 Ericus
1469 4309 1613 4392 tertius
1641 4309 1728 4388 Rex
1757 4335 1802 4386 ac
1832 4307 1931 4393 Nor

10 4445 21 4470 ‘
115 4420 220 4504 bilis
249 4420 315 4497 ‘vir
342 4417 530 4524 Birgerus
559 4419 652 4497 Dux
680 4419 817 4498 Suetie
846 4415 963 4497 uobis
989 4435 1029 4497 et
1059 4418 1222 4498 ecclesie
1237 4434 1369 4497 uestre
1398 4433 1522 4525 prout
1550 4416 1759 4526 spectabat
1781 4415 1832 4496 ad
1847 4440 1914 4502 eos

114 4532 191 4640 pia
221 4535 260 4608 8(
294 4525 466 4634 prouida
496 4526 787 4607 deliberatione
816 4529 1039 4622 donarunt,
1056 4555 1129 4608 nec
1149 4553 1231 4609 non
1259 4527 1310 4608 de
1334 4528 1508 4636 Vpsalia,
1539 4535 1577 4614 &
1606 4527 1656 4607 de
1684 4527 1915 4628 Eslebamar

114 4639 302 4720 maneria
319 4664 364 4718 ac
379 4655 506 4718 terras
534 4639 802 4745 possessiones
830 4646 870 4720 &
897 4639 973 4720 alia
1004 4639 1112 4718 bona
1126 4633 1259 4718 uestra
1279 4638 1382 4720 sicut
1397 4665 1444 4719 ea
1458 4639 1591 4722 omnia
1604 4637 1708 4732 iuste
1737 4665 1782 4716 ac
1804 4637 1914 4748 paci·-

113 4751 199 4832 fiee
216 4746 426 4855 possidetis
441 4736 559 4831 uobis
575 4754 613 4832 8(
629 4776 702 4857 per
716 4776 793 4830 uos
802 4749 965 4832 ecclesie
980 4764 1113 4828 uestra
1128 4749 1366 4830 auctoritate
1389 4745 1607 4856 apostolica
1623 4745 1913 4832 confirmamus.
2021 4783 2023 4792 r

114 4877 167 4942 et
198 4857 394 4967 presentis
424 4858 564 4965 scripti
595 4860 819 4966 patrocinio
847 4859 1147 4938 communimus.
1177 4857 1288 4937 Nulli
1318 4864 1391 4938 &a
1420 4857 1684 4965 protectionis
1719 4855 1914 4936 &confir-

122 4970 320 5050 mationis
336 4971 412 5048 &c
428 4970 517 5048 Dat.
535 4968 726 5076 Lugduni
741 4971 799 5047 ΠΙ
815 4969 918 5050 Non.
935 4967 1176 5054 Decembris,
1190 4968 1449 5052 Pontificatus
1463 4969 1591 5052 nostri
1608 4969 1728 5050 Anno
1743 4967 1912 5048 Octauo.

847 5107 1014 5193 Bbeullan
1036 5107 1214 5182 hostfallen.
