4368 5950
983 385 1040 408 -
1130 346 1235 429 orb
1346 389 1402 415 ·-

299 569 408 664 vino,
436 593 527 649 cum
554 562 773 646 secundum
802 561 1086 662 rationabilem
1121 565 1450 652 consuetudinem
1492 567 1670 653 Ecclesie
1698 569 1896 682 generalis
1922 571 1999 682 plus
2021 579 2055 658 in

297 681 388 788 ipso
416 679 469 758 sit
497 673 547 756 de
576 677 683 774 vino,
706 705 835 786 quam
864 674 915 757 de
955 704 1061 786 aqua
1088 677 1337 786 ponendum.
1395 678 1573 790 Ideoque
1615 673 1879 778 Fratennitati
1918 703 1978 766 tue
2001 713 2059 795 per
2153 761 2155 780 ,

295 785 516 896 apostolica
546 789 694 900 scripta
720 786 971 884 mandamus,
1001 801 1199 898 quatenus
1227 788 1269 871 id
1297 817 1371 870 nec
1401 787 1452 870 de
1495 807 1631 874 cetero
1674 791 1810 890 facias,
1840 785 1925 876 neo
1940 797 1977 874 in
2004 813 2058 878 tua
2154 783 2155 868 ἶ

236 971 242 990 ,
295 896 504 1008 provincia
532 895 619 976 lieri
647 899 824 1009 patiaris.
854 900 1014 994 Datum,
1030 890 1219 980 Laterani
1246 897 1349 982 Idib.
1392 901 1647 998 Decembris,
1676 903 1935 988 Pontificatus
1956 905 2072 987 nostri

207 1071 213 1080 .
295 1014 416 1088 Anno
445 1008 615 1109 Quinto.
2028 1039 2033 1048 ‘

77 1428 81 1436 ·
185 1461 189 1464 -
300 1435 430 1506 200.
933 1441 1084 1511 1220
1130 1400 1178 1510 d.
1227 1397 1299 1552 aq
1349 1403 1468 1512 Dec.
1857 1406 2066 1556 Lateran

377 1620 470 1684 Ptfv.
493 1622 650 1686 Hortomus
672 1623 725 1686 111.
753 1621 806 1686 till
830 1621 962 1706 Konuug
994 1625 1102 1701 lom,
1130 1646 1181 1688 ont
1214 1626 1400 1690 Cardinalen
1429 1627 1753 1690 amnemamnem
1783 1626 1843 1691 och
1875 1627 2068 1710 mottagandt,
2154 1593 2155 1622 ἶ

426 1704 555 1826 hvilkep
577 1707 617 1789 pd
640 1705 824 1788 Konuugens
845 1705 979 1788 begiran
999 1708 1109 1770 blilvit
1130 1707 1255 1770 skickad
1276 1710 1375 1771 sdsom
1397 1713 1497 1791 Legat
1517 1711 1568 1772 till
1591 1709 1728 1793 Saetige.

1538 1823 1570 1878 F.
1589 1839 1612 1877 as
1631 1824 1672 1893 ⁵9
1712 1826 1766 1881 du.
1784 1823 1810 1878 5.
1828 1822 1879 1893 Ep.
1897 1825 1956 1894 ³⁰9·

458 1958 657 2038 Honorius
685 1959 709 2035 I
713 1959 735 2035 l
737 1961 767 2036 l.
799 1965 968 2040 instante
997 1961 1148 2038 Saule
1166 2051 1167 2054 Ἴ
1185 1961 1295 2065 Ilege
1323 1959 1380 2038 ad
1406 1987 1493 2040 eum
1523 1964 1648 2038 mittit
1677 1960 1875 2065 Legatum
1903 1933 2091 2067 apostol!
2154 2053 2155 2058 Ἰ

392 2095 395 2102 ·
491 2099 580 2148 eram
608 2069 850 2173 Gregorium
876 2071 925 2147 de
954 2071 1173 2154 Crescentis
1203 2073 1406 2150 Dracones
1425 2070 1672 2155 ‚Cardziaalia
2154 2091 2155 2112 ¹

456 2213 659 2292 Honorius
706 2217 776 2292 &a
819 2213 1034 2292 Carissimo
1078 2220 1119 2292 in
1160 2213 1318 2291 Claristo
1345 2213 1441 2317 filio
1550 2271 1559 2289 .
1592 2271 1601 2289 .
1633 2215 1739 2318 Regi
1764 2214 1903 2294 Soerte
1933 2215 2073 2293 illustri

389 2425 396 2434 .
492 2325 673 2404 Salutem
703 2328 773 2402 &a
2153 2383 2155 2436 l

447 2473 560 2550 Ecce
590 2471 701 2547 iuxta
735 2497 900 2576 precum
929 2487 1087 2547 tuarum
1121 2468 1368 2561 instantiam,
1408 2484 1447 2547 et
1482 2467 1788 2576 promissionem
1804 2482 1985 2546 nostram
2011 2467 2071 2545 mi·
2154 2531 2155 2550 ,

177 2586 186 2611 ’
290 2585 411 2684 murras
439 2581 489 2661 ad
518 2599 557 2659 te
587 2577 780 2657 dilectum
808 2579 933 2659 lilium
950 2594 1131 2658 nostrum
1148 2579 1391 2682 Gregorium
1410 2575 1460 2657 de
1476 2577 1708 2658 Crescentio
1724 2578 1862 2657 Sancti
1877 2575 2073 2680 Theodori
2154 2563 2155 2648 l

290 2695 515 2772 Diaconum
543 2687 796 2768 Cardinnlcm
826 2690 1043 2798 apostolice
1073 2687 1187 2769 Sedis
1202 2689 1395 2795 Legatum
1412 2688 1541 2768 virum
1558 2689 1699 2798 utique
1713 2686 1944 2797 prudentia,
1960 2705 1998 2768 et
2011 2687 2075 2768 ho·

289 2819 445 2886 nestate
473 2801 753 2907 conspicuum,
785 2817 825 2880 et
853 2800 981 2880 Nobis
997 2802 1101 2880 inter
1115 2800 1215 2879 alios
1230 2797 1372 2879 fratres
1386 2817 1546 2879 nostros
1561 2801 1642 2879 suis
1657 2797 1914 2907 exigentibus
1936 2797 2076 2880 meritis
2153 2763 2155 2862 l

287 2912 516 3025 specialiter
544 2937 683 2991 earum
711 2937 900 2991 concesso
929 2908 1006 2990 sibi
1035 2909 1153 3018 plene
1182 2910 1411 3019 Legationis
1439 2908 1574 2990 officio
1598 2935 1671 3018 per
1686 2936 1826 2990 omnes
1841 2927 1992 3006 terras,
2006 2933 2076 3016 que
2153 2927 2155 3012 t

179 3115 182 3120 ,
288 3046 357 3118 tue
400 3021 688 3132 jurisdictionis
731 3022 927 3116 existunt,
969 3040 1014 3102 ut
1056 3022 1233 3128 extirpet
1273 3021 1435 3118 nociva,
1471 3038 1511 3100 ct
1545 3018 1703 3128 plantet
1737 3019 1936 3118 salubria,
1965 3033 2078 3128 prout

289 3161 451 3245 queque
479 3130 697 3212 secuudum
725 3130 860 3211 datam
894 3131 971 3211 sibi
999 3161 1023 3210 a
1051 3131 1138 3210 Deo
1167 3130 1421 3238 prudentiam
1449 3130 1597 3212 viderit
1626 3129 1820 3212 facienda.
1879 3131 2077 3240 Rogamus

288 3246 413 3353 igitur
440 3245 604 3352 Regiam
634 3239 942 3337 Celsitudinem,
970 3258 1170 3350 quatenus
1197 3243 1347 3349 ipsum,
1363 3244 1484 3321 immo
1500 3243 1634 3322 verius
1651 3243 1734 3320 Nos
1749 3242 1791 3321 in
1806 3242 1897 3348 ipso
1912 3241 2077 3348 recipias
2154 3323 2155 3344 ἦ

289 3356 473 3462 ylaritcr,
503 3373 543 3434 et
572 3352 793 3432 honorilice
828 3367 993 3446 tractes,
1027 3379 1074 3431 ac
1101 3379 1125 3430 a
1153 3350 1324 3433 subditis
1357 3352 1436 3432 tuis
1465 3353 1501 3431 ei
1530 3347 1653 3432 facias
1688 3349 1852 3462 dign'am
1889 3349 2078 3433 honorifi-

176 3459 178 3466 ’
289 3473 458 3547 centiam
489 3462 691 3555 exhiberi,
721 3477 767 3538 ut
785 3459 977 3557 devotio,
1008 3489 1128 3570 quam
1157 3481 1197 3542 te
1225 3461 1279 3543 ad
1314 3463 1573 3576 apostolicam
1610 3460 1749 3543 Sedem
1778 3461 1931 3542 habere
1962 3459 2080 3542 confi·

288 3575 421 3660 dimus
448 3574 596 3657 clareat
627 3569 862 3668 inclinatu,
891 3589 932 3653 et
963 3573 1067 3669 Nos,
1101 3589 1142 3652 et
1171 3572 1316 3654 fratres
1358 3574 1488 3653 nostri
1530 3599 1603 3680 per
1631 3572 1710 3662 hoo
1752 3574 1896 3652 merito
1944 3574 1990 3654 in
2016 3590 2080 3652 tua

287 3691 454 3769 caritate
485 3708 726 3778 crescamus,
756 3680 942 3791 idemque
970 3681 1162 3788 Legatus‚
1190 3685 1263 3793 qui
1291 3711 1365 3793 per
1392 3711 1435 3764 se
1455 3709 1500 3764 aa
1514 3710 1607 3764 suos
1628 3686 1698 3792 qui
1714 3696 1917 3792 ‘magnum
1951 3684 2079 3763 locum

150 3857 153 3863 -
288 3801 330 3880 in
358 3797 471 3888 Vrbe
500 3797 683 3878 obtinere
711 3785 954 3888 noscuntur,
995 3807 1112 3898 grata
1139 3794 1215 3874 tibi
1244 3797 1396 3900 poterit
1437 3793 1712 3874 vicissitudine
1752 3785 2082 3903 respondet-ead

288 3928 399 3990 tuam
429 3908 685 3988 dilectionem
713 3903 920 4011 perpetuis
948 3905 1199 4007 temporibus
1226 3903 1441 4012 obligetur.
1498 3906 1647 3986 Datum
1676 3904 1868 3988 Laterani
1897 3905 1975 3985 IV.
1995 3898 2079 3982 Kal.

289 4020 448 4102 ianuar.
479 4015 737 4100 Pontificatus
766 4013 894 4096 nostri
923 4019 1045 4097 Anno
1074 4013 1243 4116 Quinto.
1298 4084 1301 4092 .
