4404 5960
983 351 1039 378 *-
1151 255 1390 410 άοά ω
1511 277 1517 294 ’

128 473 134 480 '
232 593 235 599 ’
305 542 437 690 473·
791 546 794 556 ’
943 543 1087 682 1261
1140 540 1188 647 d.
1239 578 1311 645 ao
1356 532 1455 643 Jul.

378 763 496 826 Baton
516 760 609 825 Iura
630 735 814 842 Privilegier
834 757 885 822 so'r
907 758 1093 824 Handlande
1113 760 1184 823 irin
1206 759 1379 842 hamburg.
1772 836 1833 895 K.
1899 839 1937 914 ⁴9·

1822 859 1843 894 1.
1858 853 1880 895 a:

466 965 668 1085 Byrgerus
704 975 779 1054 Dei
809 976 938 1084 gratia
968 977 1061 1054 Dux
1089 975 1282 1054 Sveorum
1312 973 1408 1051 viris
1437 971 1617 1081 providis
1651 970 1871 1070 Advocato,
1909 977 2041 1059 consilio

258 1127 261 1129 ·
299 1087 570 1166 &communi
597 1083 892 1191 Hamburgensi
919 1084 1089 1165 salutem
1117 1085 1157 1161 in
1189 1083 1369 1190 Virginis
1402 1080 1484 1162 filio
1512 1085 1606 1162 Jesu
1629 1081 1801 1163 Christo.
1828 1083 1984 1165 Veniens
2004 1089 2043 1169 ad

299 1224 374 1278 nos
400 1195 572 1275 nuncius
600 1222 647 1274 ac
675 1193 782 1275 Civis
810 1211 941 1274 vester
969 1194 1166 1273 Dominus
1194 1191 1413 1288 Jordanus,
1457 1193 1532 1271 Vir
1568 1190 1767 1300 providus
1807 1197 1844 1272 &
1868 1194 2045 1301 discrete,

299 1335 350 1410 es
381 1320 498 1413 parte
526 1319 659 1385 vestra
688 1302 831 1413 petivit
858 1332 883 1383 a
909 1302 1047 1400 nobis,
1076 1319 1122 1382 ut
1152 1303 1258 1382 cives
1286 1317 1460 1399 vestros,
1489 1301 1539 1382 ad
1556 1303 1689 1410 partes
1705 1317 1860 1382 nostras
1873 1331 1954 1384 cum
1967 1332 2045 1383 mer·

300 1415 415 1497 cibus
443 1415 525 1493 suis
553 1413 779 1508 venientes,
806 1411 938 1494 facere
967 1412 1203 1495 deberemus
1232 1410 1373 1493 eodem
1400 1413 1510 1520 pacis
1537 1440 1584 1491 ac
1613 1411 1859 1510 emunitatis,
1886 1429 2046 1522 qvantuu

299 1524 353 1607 ad
387 1524 589 1604 teloneum
617 1551 703 1603 non
731 1522 983 1620 solvendum,
1010 1522 1186 1631 gaudere
1214 1522 1446 1631 privilegio,
1491 1521 1602 1631 qvod
1631 1519 1741 1630 apud
1770 1550 1842 1603 nos
1867 1521 2048 1604 habent&

299 1634 530 1716 habuerunt
558 1632 750 1714 hactenus
778 1633 1041 1716 Lubecenses.
1072 1634 1204 1741 Super
1232 1660 1313 1742 qvo
1341 1633 1460 1713 vobis
1489 1632 1622 1714 taliter
1648 1631 1940 1740 respondemus,
1965 1631 2049 1739 qvod

194 1757 227 1804 ἰ
300 1773 460 1858 pacem,
491 1742 715 1848 libertatem
745 1771 792 1824 ac
818 1745 1078 1824 emunitatem
1113 1745 1274 1825 deuon
1303 1740 1496 1824 solvendo
1539 1741 1721 1838 teloneo,
1764 1771 1845 1850 qvo
1884 1757 2048 1821 nostrates

299 1857 343 1933 in
370 1852 665 1933 munitionibus
691 1855 834 1934 vestris
860 1855 1037 1962 gaudere
1066 1854 1332 1962 permittitur,
1360 1853 1527 1935 eandem
1554 1851 1799 1948 hominibus,
1827 1881 1915 1932 eum
1940 1852 2050 1930 merei·

190 1974 198 1988 ‘
300 1963 377 2044 bus
406 1964 486 2045 suis
515 1961 566 2044 ad
593 1979 727 2071 partes
755 1979 912 2044 nostras
940 1963 991 2046 de
1019 1983 1150 2044 vestra
1203 1964 1364 2044 civitate
1406 1960 1679 2059 venientibus,
1719 1990 1772 2042 ex
1808 1981 1918 2070 parte
1944 1977 2050 2039 nostra

300 2074 571 2184 promittimus
598 2073 686 2153 vice
714 2101 847 2154 versa:
877 2075 940 2154 Ita
967 2073 1186 2170 duntaxat,
1228 2072 1337 2186 qvod
1373 2074 1635 2156 Gubernator
1662 2074 1778 2152 navis
1806 2071 1881 2152 sub
1908 2069 1977 2152 fide
1999 2097 2050 2148 sua

300 2185 480 2265 nominet
512 2210 596 2279 eos,
626 2210 727 2291 qvos
749 2199 890 2264 vestrae
919 2183 1090 2265 civitatis
1119 2188 1224 2265 cives
1254 2185 1387 2276 novit,
1415 2187 1568 2263 caeteris
1596 2184 1678 2263 suis
1706 2187 1842 2263 nautis
1864 2183 1915 2264 ab
1940 2183 1987 2260 eis
2009 2207 2052 2260 sc·

299 2295 466 2404 paratis,
499 2320 634 2374 coram
663 2292 873 2374 Advocato
915 2292 1011 2389 loci,
1047 2293 1110 2378 ¹ad
1138 2321 1257 2405 qvem
1292 2293 1576 2391 declinaverit,
1613 2321 1696 2374 esse
1744 2295 1940 2374 veraciter
1977 2293 2054 2370 cives

298 2419 466 2485 vestros.
495 2406 699 2505 Qvantum
729 2419 864 2483 tamen
894 2403 947 2484 ad
975 2402 1186 2512 praedicta,
1229 2404 1330 2484 scire
1359 2402 1534 2500 debetis,
1575 2402 1686 2512 qvod
1714 2404 1748 2482 si
1777 2403 1972 2511 naufragii
2006 2397 2055 2480 da·

298 2542 435 2594 mnum
465 2512 637 2622 aliquem
664 2512 772 2619 apud
801 2539 874 2593 nos
903 2511 953 2594 de
980 2515 1122 2594 vestris
1137 2516 1345 2623 contingat
1372 2515 1590 2610 incurrere,
1605 2512 1792 2622 qvilibet.
1809 2515 1853 2594 in
1880 2510 2055 2617 naufragio

298 2627 540 2706 constitutus
569 2625 655 2704 sine
686 2619 884 2703 calumnia
913 2621 1136 2730 possidebit
1164 2621 1266 2704 illud
1295 2622 1407 2733 qvod
1436 2622 1636 2705 derebus
1665 2626 1747 2705 suis
1777 2625 1979 2706 extrahere
2002 2648 2056 2728 po

297 2737 461 2816 terit&
489 2733 641 2840 juvare.
670 2734 864 2813 Praeterea
892 2734 925 2812 si
952 2761 1073 2842 qvem
1100 2750 1334 2816 extraneum
1362 2732 1472 2843 apud
1504 2763 1577 2814 nos
1612 2738 1715 2816 mori
1750 2736 1974 2842 contingat,
2005 2730 2057 2839 qvi

297 2871 383 2926 non
402 2843 559 2953 [habeat
588 2843 807 2950 legitimum
836 2869 1122 2940 successorem,
1152 2871 1288 2924 omnes
1317 2872 1400 2940 res,
1429 2872 1530 2953 quas
1550 2844 1749 2955 possidet,
1779 2842 1912 2954 redigi
1939 2841 2056 2924 dehent

296 2955 587 3061 inscriptura,
617 2959 655 3034 81
683 2951 760 3032 sub
788 2950 897 3033 fideli
926 2953 1107 3035 custodia
1137 2954 1384 3048 Sacerdotis,
1413 2956 1610 3035 exactoris
1642 2955 1778 3063 Regii,
1816 2983 1865 3035 ac
1893 2951 2057 3044 Melioris,

297 3095 344 3146 ac
371 3065 569 3172 majorum
597 3061 834 3143 decivitate
865 3089 935 3141 seu
964 3060 1055 3143 loco
1084 3064 1172 3162 illo,
1200 3067 1243 3144 in
1272 3093 1353 3172 qvo
1389 3081 1572 3144 mortuus
1605 3082 1681 3162 est,
1725 3093 1823 3149 cum
1858 3061 2056 3146 testimonio

297 3177 408 3257 bono
435 3172 596 3280 deponi.
626 3173 738 3252 Etsi
766 3169 1023 3279 postmodum
1054 3173 1157 3254 infre
1186 3173 1292 3255 diem
1327 3181 1545 3255 &annum
1580 3173 1784 3283 legitimus
1813 3175 1941 3255 haeres
1966 3171 2058 3252 adve

151 3358 162 3368 .
240 3333 245 3366 .·
297 3286 420 3379 nerit,
448 3282 583 3364 literas
611 3282 784 3362 civitatis
811 3281 862 3363 de
889 3310 968 3392 qve
995 3299 1072 3374 est,
1101 3311 1155 3382 ac
1175 3282 1284 3364 illius
1312 3284 1492 3379 Domini,
1521 3285 1590 3394 qvi
1606 3301 1750 3392 praeest
1765 3286 1934 3383 civitati,
1949 3307 2056 3390 mcum

298 3392 502 3490 deferens,
530 3419 604 3501 per
631 3419 729 3501 qvas
758 3408 944 3473 constare
970 3396 1114 3501 possit,
1142 3392 1252 3503 qvod
1279 3393 1500 3490 cithares,
1529 3422 1593 3474 res
1609 3395 1822 3503 predictas
1841 3391 2061 3504 integraliter

210 3569 221 3584 .
297 3501 510 3585 obtinebit.
538 3503 660 3606 Qvod
688 3502 721 3581 si
749 3500 917 3584 forsitan
943 3502 1050 3583 infra
1066 3505 1282 3585 terminum
1296 3509 1559 3603 memoratum
1587 3504 1723 3597 nullus
1753 3508 1927 3602 venerit,
1954 3502 2015 3613 qvi
2026 3502 2063 3580 sit

295 3614 440 3709 haeres,
469 3640 518 3694 ex
545 3610 623 3692 hoe
651 3613 784 3691 statim
813 3613 948 3722 elapso
975 3613 1194 3695 secundum
1237 3615 1343 3722 leges
1385 3616 1526 3722 patriae
1568 3614 1842 3698 devolventur
1870 3616 1924 3698 ad
1950 3615 2063 3693 fiscon

286 3724 465 3833 ‘Regium
494 3749 559 3803 res
583 3722 794 3830 praedictae.
824 3725 923 3804 ltem
952 3725 986 3802 si
1011 3726 1100 3835 qvis
1128 3728 1341 3833 pecuniam
1369 3752 1439 3806 seu
1467 3751 1619 3806 merces
1645 3752 1738 3806 suas
1767 3727 1824 3808 ad
1856 3740 1987 3834 partes
2009 3749 2064 3802 no·

295 3853 397 3916 stras
425 3863 518 3915 cum
546 3831 627 3914 alio
655 3832 931 3931 destinaverit,
961 3839 1000 3914 lic
1028 3833 1108 3929 ille,
1137 3862 1227 3914 cum
1256 3861 1337 3946 qvo
1365 3837 1711 3933 transmittuntur,
1740 3837 1828 3917 tale
1853 3835 1953 3945 qvid
1980 3860 2064 3914 com·

295 3946 466 4040 miserit,
494 3940 606 4055 qvod
634 3967 755 4054 prena
782 3944 1001 4056 corporali,
1036 3944 1099 4023 vel
1128 3945 1249 4024 etiam
1290 3947 1522 4053 pecuniaria
1564 3946 1616 4026 sit
1644 3950 1791 4028 merito
1837 3942 2067 4056 puniendus,

293 4057 338 4136 in
364 4057 442 4135 hoc
470 4081 563 4136 casu
592 4055 736 4161 petivit
764 4082 788 4134 a
818 4055 938 4136 nobis
965 4054 1070 4136 idem
1098 4054 1194 4133 civis
1224 4081 1271 4135 ac
1298 4057 1471 4136 nuncius
1503 4074 1652 4153 vester,
1693 4074 1739 4137 ut
1767 4057 1889 4140 salva
1919 4057 1988 4136 sibi
2014 4079 2067 4160 pe·

291 4167 412 4248 cunia
441 4192 528 4261 sua,
556 4167 626 4275 qvi
654 4191 789 4247 seeum
816 4165 989 4276 aliqvam
1035 4163 1268 4264 destinavit,
1311 4165 1379 4245 ille
1419 4165 1689 4262 solummodo,
1737 4171 1815 4276 qui
1855 4164 2070 4276 deliqverit,

290 4277 486 4386 puniatur
512 4277 556 4354 in
584 4273 705 4370 rebus
732 4277 815 4354 suis
842 4277 1039 4384 propriis,
1069 4273 1132 4354 vel
1162 4275 1281 4356 etiam
1309 4273 1595 4384 corporaliter,
1635 4278 1669 4356 si
1703 4293 1847 4357 tantus
1892 4277 2011 4357 fuerit
2044 4273 2068 4349 i·

290 4389 402 4496 psius
430 4383 663 4466 temeritatis
688 4411 881 4467 excessus.
912 4387 963 4466 Et
974 4386 1017 4470 in
1031 4383 1112 4465 hoc
1139 4387 1376 4494 petitionem
1391 4413 1521 4482 suam,
1551 4401 1693 4494 utpote
1705 4387 1891 4468 multum
1915 4390 2070 4468 rationa-

289 4494 414 4577 bilem
441 4496 585 4577 merito
604 4495 840 4577 censuimus
867 4493 1177 4594 admittendam,
1213 4524 1305 4577 cum
1333 4511 1497 4604 peccata
1523 4523 1619 4577 suos
1644 4511 1806 4578 tantum
1853 4495 1992 4579 tenere
2017 4493 2071 4575 de·

288 4605 415 4686 beant
442 4624 644 4703 auctores,
671 4631 746 4685 nec
774 4605 817 4686 in
844 4605 916 4699 tali
929 4633 1024 4689 casu
1051 4607 1139 4688 sine
1155 4605 1276 4713 culpa
1303 4632 1375 4686 sua
1404 4605 1454 4687 de
1481 4605 1572 4713 jure
1586 4607 1639 4687 sit
1667 4608 1814 4716 aliqvis
1836 4605 2069 4717 puniendus.
2150 4648 2152 4732 l

288 4713 348 4795 Ut
373 4715 496 4822 igitur
523 4717 656 4797 omnia
690 4715 891 4824 praemissa
919 4718 1048 4800 robur
1078 4715 1289 4796 obtineant
1316 4714 1530 4814 firmitatis,
1558 4735 1795 4826 praesentem
1826 4711 2074 4849 paginamsi·
2151 4742 2153 4849 p

131 4853 136 4872 ¹
207 4919 208 4922 g
288 4821 377 4932 gilli
402 4827 532 4906 nostri
557 4827 775 4910 munimine
799 4824 964 4911 fecimus
993 4823 1194 4909 roborari.
1222 4826 1371 4909 Datum
1398 4827 1508 4937 apud
1536 4827 1700 4914 Therno
1728 4827 2072 4940 praesennbusm·
2150 4849 2152 4888 2
