4362 5946
810 491 1281 580 widi-1

131 725 166 801 8(
188 714 349 826 publice
376 715 669 798 fornicantibus
697 713 821 798 nichil
856 718 1018 824 penitus
1061 715 1313 798 innotamus.
1340 721 1381 812 &.
1407 719 1442 797 si
1468 717 1570 825 quid
1599 721 1656 800 eis
1683 717 1785 802 male
1812 735 1908 804 cett·

100 825 270 938 tigerit,
297 827 461 936 sanguis
489 854 629 908 eorum
659 828 763 907 sicut
792 827 992 935 scriptum·
1014 843 1091 920 est,
1106 854 1231 936 super
1258 824 1393 935 capud
1420 853 1561 908 eorum
1575 831 1661 911 crit.
1691 829 1928 916 Statuimus.

126 955 300 1050 preterca
329 942 369 1015 8(
397 939 641 1045 precipimus
670 940 712 1017 in
740 940 892 1019 uirtute
922 935 1156 1017 obediencie
1188 935 1376 1018 'omnibus
1404 937 1449 1016 in
1476 964 1591 1018 sacro
1630 939 1773 1022 ordine
1814 969 1911 1023 con-

126 1051 284 1146 stitutis,
344 1048 387 1126 ui
415 1047 538 1130 modo
566 1049 772 1130 mulierem
801 1077 885 1128 non
912 1048 1080 1145 habent,
1110 1053 1150 1127 8(
1177 1045 1256 1127 illis
1304 1049 1377 1157 qui
1418 1047 1571 1133 habent
1605 1066 1698 1158 post
1740 1079 1909 1148 annum,

126 1160 230 1272 quod
259 1076 394 1237 nudos
422 1159 525 1241 filios
554 1162 779 1240 nascituros
806 1159 884 1239 sibi
912 1160 1198 1269 approprient,
1234 1157 1561 1266 recognoscendo
1590 1187 1683 1240 suos
1717 1188 1821 1259 esse,
1850 1181 1909 1244 te·

65 1329 67 1342 «
128 1269 255 1352 nendo
283 1295 351 1348 eos
380 1277 582 1378 secum&
609 1269 755 1352 alendo
783 1271 850 1350 uel
880 1267 975 1350 alibi
1004 1269 1166 1378 publice
1195 1267 1428 1365 nutriendo,
1456 1269 1523 1350 uel
1544 1297 1661 1352 suurn
1690 1258 1909 1382 filium'pu·
1946 1321 1956 1330 -

124 1376 222 1464 bllce
252 1381 513 1463 nominando.
560 1382 662 1462 Cum
691 1381 757 1462 sslc
786 1379 946 1461 demum
975 1379 1120 1461 debeat
1149 1381 1381 1488 recognosci
1402 1379 1527 1479 filius,
1557 1382 1783 1464 secundum
1798 1381 1912 1492 quod

123 1495 206 1572 iura
236 1488 389 1588 dicunt,
419 1517 539 1602 quem
569 1493 761 1600 legittime
777 1492 922 1600 nupcie
939 1485 1223 1572 demonstrant.
1253 1491 1508 1602 Quicumque
1531 1505 1663 1572 autem
1678 1509 1820 1575 contra
1834 1491 1914 1576 hoc
1944 1519 1947 1526 ’

123 1604 291 1682 scienter
319 1608 358 1681 8(
386 1603 615 1683 uoluntarie
644 1603 827 1699 fecerint,
856 1605 1048 1684 noueriut
1075 1629 1117 1680 se
1152 1601 1394 1682 anathemati
1427 1603 1646 1686 subiacere.
1702 1606 1803 1684 Jtem
1832 1619 1913 1683 sta-

122 1715 270 1796 tuimus
299 1716 337 1790 8(
366 1713 408 1791 in
436 1711 587 1795 uirtute
615 1712 850 1793 obediencie
866 1715 1110 1824 precipimus
1125 1713 1324 1821 episcopis
1340 1729 1386 1791 ut
1404 1709 1555 1792 faciant
1568 1740 1705 1793 omnes
1721 1711 1913 1795 officiales

124 1852 212 1909 suos
228 1823 303 1931 qui
318 1823 444 1932 uulgo
465 1841 671 1904 exactores
686 1821 878 1904 dicuntur
892 1826 1026 1905 iurare
1043 1849 1165 1932 super
1180 1840 1315 1904 sancta
1330 1821 1395 1904 dei
1408 1824 1641 1930 ewangelia,
1657 1821 1770 1933 quod
1787 1821 1913 1903 offici·
2017 1913 2024 1918 ,

119 1962 185 2017 um
198 1943 316 2014 suum
333 1959 424 2013 cum
440 1937 611 2014 ueritate
627 1939 666 2014 8(
680 1937 764 2014 siue
786 1935 1026 2043 calumpnia,
1048 1933 1243 2017 bonafide
1256 1947 1463 2043 peragant.
1480 1939 1520 2013 8(
1541 1932 1591 2015 de
1624 1932 1916 2042 cognoscendis

120 2045 251 2128 causis
295 2044 657 2126 matrimonialibus
697 2044 763 2125 uel
793 2045 880 2125 aliis
908 2045 1189 2154 spiritualibus
1218 2073 1310 2124 cum
1338 2043 1429 2126 laici
1456 2049 1553 2142 sint,
1582 2071 1623 2124 se
1652 2046 1910 2126 nullathenus
1951 2081 1954 2086 ·

117 2157 404 2239 intromittant.
463 2155 607 2236 Clerici
636 2182 736 2237 uero
765 2155 865 2237 nulli
894 2173 1098 2236 assumant
1127 2155 1304 2235 officium
1332 2157 1538 2235 exactoris.
1557 2159 1596 2234 8(
1620 2158 1744 2267 siquis
1770 2173 1918 2250 contra,

117 2271 196 2350 hcc
225 2266 381 2362 fecerit,
411 2270 570 2347 nouerit
600 2293 641 2346 se
670 2267 937 2347 ecclesiastico
964 2269 1217 2376 suppositum
1246 2265 1473 2348 interdicto.
1532 2267 1636 2346 Jtem
1665 2267 1912 2379 precipimus

117 2379 321 2488 episcopis
351 2383 389 2457 8(
418 2380 630 2458 statuimus
659 2376 772 2487 quod
801 2378 851 2457 de
880 2405 929 2456 ex
961 2380 1066 2458 ensis
1101 2377 1438 2486 procuracionum
1481 2385 1709 2457 nostrarum
1751 2375 1918 2458 terciam

117 2505 280 2600 partem
308 2487 544 2595 persoluant
573 2486 622 2568 de
652 2513 829 2584 camera,
859 2495 897 2568 8(
927 2405 1027 2569 duas
1056 2503 1214 2568 tantum
1244 2504 1377 2596 partes
1406 2489 1606 2596 accipiant
1634 2487 1684 2568 de
1719 2485 1912 2583 ecclesiis,

115 2601 221 2684 facta
255 2596 548 2679 distribncione
579 2599 683 2678 inter
712 2597 1050 2708 ecclesias'prout-
1077 2595 1242 2679 cuilibet
1275 2615 1499 2710 suppetunt
1535 2596 1757 2679 facultates.
1786 2599 1921 2679 Preci·
2051 2603 2060 2619 ''

113 2714 255 2822 pimus
286 2738 451 2818 quoque
480 2709 783 2817 archiepiscopo
803 2711 1017 2818 'upsalensi
1045 2715 1084 2788 8(
1113 2707 1301 2789 omnibus
1343 2709 1608 2818 suffraganeis
1651 2710 1735 2789 eius
1764 2710 1807 2790 in
1836 2709 1922 2786 uir·

113 2839 206 2904 tute
244 2819 502 2916 obediencie,
550 2838 596 2900 nt
624 2819 729 2900 infra
757 2849 906 2900 annum
936 2821 1113 2900 habeant
1141 2828 1190 2902 8(
1209 2819 1443 2926 possideant
1483 2817 1579 2900 dum
1623 2821 1802 2898 uiuerint
1830 2821 1918 2897 iure

110 2931 384 3045 proprietatis
413 2931 560 3012 librum
597 2928 858 3018 decretalium
894 2931 1112 3012 secuudum
1147 2930 1329 3010 ultimam
1365 2929 1714 3039 compilacionem,
1750 2955 1830 3038 que
1858 2925 1921 3007 la-

107 3063 174 3126 cta
208 3041 296 3121 fuit
325 3045 505 3150 tempore
535 3041 777 3123 uenerabilis
808 3043 996 3122 memorie
1025 3041 1223 3149 Gregorii.
1255 3069 1372 3150 pape.
1399 3040 1472 3121 IX.
1500 3045 1540 3120 8(
1568 3055 1616 3120 ut
1658 3039 1846 3120 studeant
1869 3039 1918 3122 'iu

107 3186 158 3238 eo
177 3153 408 3236 secundum
426 3150 538 3263 quod
554 3150 742 3233 dominus
757 3154 853 3259 ipsis
867 3153 1041 3261 graciam
1057 3152 1310 3234 ministrabit.
1331 3153 1465 3261 Siquis
1481 3171 1613 3233 autem
1628 3179 1766 3232 eorum
1782 3144 1917 3258 predi·

103 3285 230 3352 ctum
248 3265 401 3344 librum
428 3262 536 3343 infra
549 3291 701 3342 annum
721 3263 869 3346 habere
884 3263 1117 3372 neglexerit,
1137 3263 1296 3344 nouerit
1318 3291 1364 3342 se
1379 3261 1647 3366 ecclesiastico
1660 3262 1919 3371 suppositum
1956 3359 1960 3365 Ι
1993 3317 1996 3328 .

106 3375 354 3458 interdicto.
390 3378 575 3454 Preterea
603 3372 847 3481 precipimus
874 3379 921 3453 8(
942 3375 984 3452 in
1012 3376 1164 3454 uirtute
1191 3369 1428 3454 obediencie
1452 3375 1528 3454 sub
1556 3401 1659 3480 pena
1689 3399 1921 3452 excommu-

100 3487 347 3568 nicacionis
376 3490 416 3564 8(
442 3487 713 3592 suspensionis
743 3486 1044 3592 archiepiscopo
1068 3489 1114 3563 8(
1142 3484 1330 3572 omnibus
1352 3477 1638 3592 'suffraganeis
1659 3484 1775 3580 ·eius,
1805 3478 1916 3590 quod
1975 3585 1977 3590 ,
2061 3531 2063 3536 ·

100 3598 217 3680 nulli
254 3596 362 3674 laico
391 3594 566 3674 decimas
594 3593 758 3673 alicuius
787 3595 951 3673 ecclesie
980 3593 1223 3700 parochialis
1252 3593 1485 3674 concedant.
1514 3597 1618 3672 Jtem
1646 3595 1857 3674 statuimus
1880 3597 1919 3670 8(

98 3707 413 3793 committimus
429 3705 732 3812 archiepiscopo
747 3709 786 3781 8(
801 3707 988 3784 omnibus
1002 3703 1128 3819 suffpa
1181 3705 1365 3796 neiseius
1380 3705 1546 3784 cuilibet
1561 3705 1602 3783 in
1618 3732 1688 3782 sua
1703 3701 1863 3796 diocesi,
1880 3701 1913 3778 ei

94 3817 344 3926 contigerit
372 3816 544 3923 aliquem
574 3814 639 3894 uel
669 3815 825 3922 aliquos
855 3813 1031 3894 incidere
1059 3813 1102 3894 in
1119 3729 1292 3922 aliquam
1308 3814 1362 3893 de
1372 3815 1521 3894 nostris
1535 3805 1923 3894 excommunicacio-

77 3935 237 4014 'nibus
273 3928 343 4007 uel
372 3923 595 4018 interdictis
621 3923 882 4032 supradictis,
895 3933 935 4010 8(
962 3927 1146 4033 penitens
1173 3924 1352 4004 uoluerit
1379 3921 1614 4022 emendare,
1639 3924 1755 4004 liceat
1783 3919 1921 4001 diocc·
1971 3959 1975 3966 ·

88 4071 208 4126 sano
245 4037 343 4118 eius
372 4038 503 4145 ipsum
536 4034 755 4124 absoluere.
799 4039 830 4116 si
859 4054 993 4116 tamen
1021 4037 1153 4143 primo
1197 4032 1404 4116 reddendo
1446 4029 1581 4142 siquid
1624 4035 1823 4140 acceperit
1850 4029 1917 4110 uel
1977 4088 1979 4092 .

90 4150 254 4266 siquid
290 4147 516 4255 dampnum
546 4145 657 4227 dedit
686 4146 805 4254 plene
832 4143 1027 4226 soluendo
1055 4144 1302 4241 satisfecerit,
1331 4146 1416 4224 sine
1446 4145 1529 4224 ulla
1570 4143 1823 4250 obligacione
1851 4137 1918 4220 uel

86 4294 170 4376 spe
206 4258 332 4368 illud¹
364 4254 476 4386 quod
506 4257 675 4360 soluerit
697 4255 933 4340 rehabendi.
971 4257 1408 4364 Precipimusquoque
1436 4255 1479 4332 in
1506 4256 1669 4337 nomine
1682 4255 1797 4335 ihesu
1811 4250 1919 4329 chri·

82 4379 142 4462 sti
180 4379 232 4456 8(
268 4371 322 4452 in
351 4383 506 4450 uirtute
519 4458 521 4466 ,
535 4361 766 4495 obediencie
795 4367 962 4448 domino
990 4367 1293 4474 archiepiscopo
1337 4364 1537 4472 vpsalcnsi
1566 4370 1606 4444 8(
1634 4363 1823 4444 omnibus
1836 4358 1920 4438 suis

82 4483 333 4598 lbaganeis
362 4485 448 4562 eius
476 4475 586 4588 quod
615 4473 692 4560 hec
718 4480 853 4558 omnia
881 4477 1046 4584 singulis
1075 4478 1189 4558 annis
1217 4477 1261 4555 iu
1289 4478 1372 4556 suis
1399 4473 1567 4574 sinodis·
1593 4473 1809 4582 diligenter
1835 4470 1921 4577 tegi

77 4598 275 4682 faciant
297 4599 338 4674 8(
359 4591 519 4699 exponi.
548 4591 698 4670 Datum
727 4588 911 4698 skening.
946 4587 1192 4696 lincopensis
1226 4585 1395 4668 diocesis
1423 4614 1529 4667 arrno
1556 4587 1608 4666 ab
1636 4583 1920 4708 incarnacione

80 4705 294 4794 domini.
328 4701 709 4806 M⁰.CC⁰.XLVIll';
739 4699 828 4800 Kal.
857 4701 1005 4802 Marcii.
1035 4696 1287 4805 presentibus
1315 4695 1615 4790 consulentibus
1643 4702 1684 4776 8(
1711 4704 1922 4774 consenci-

12 4901 18 4917 ,
74 4821 288 4908 entibus
323 4809 624 4915 uenerabilibus
653 4811 839 4920 patribus
867 4817 906 4892 8(
934 4808 1130 4890 fratribus
1145 4807 1469 4920 archiepiscopo
1479 4807 1690 4916 Vpsalensi
1721 4811 1762 4886 8(
1788 4801 1923 4904 Quiri·

75 4961 177 5047 que
216 4919 511 5034 suffraganeis
540 4923 624 5001 eius
653 4949 712 5007 ac,
728 4921 860 5001 multis
890 4919 987 5001 aliis.

533 5063 579 5127 Pt
600 5062 770 5127 irensidan:
797 5072 908 5124 sumta
929 5059 962 5124 ἃ
983 5059 1197 5125 ordinationes
1215 5059 1334 5125 muni
1352 5056 1530 5124 amineum.

757 5143 877 5227 sigillet
898 5143 993 5210 fimet
1012 5152 1117 5209 risten
1137 5141 1297 5208 oskededt·
1362 5199 1368 5207 .
