4370 5950
818 497 1210 590 ...„..

115 729 211 782 rnen
239 699 493 785 solummodo
522 711 736 810 suppreme
763 701 968 810 dignitatis
997 703 1131 786 locum
1158 702 1443 814 fastigiumque
1469 719 1635 786 teneret:
1664 709 1704 786 8(
1732 704 1775 784 in
1789 703 1917 785 omni·
2031 742 2036 762 =

115 816 191 896 bus
228 825 428 922 potestate
463 811 673 894 iudicandi
702 821 740 895 8(
768 811 1026 924 gubernandi
1056 815 1211 896 honore
1269 812 1466 897 resideret
1492 817 1599 897 vnde
1628 823 1668 898 8(
1696 815 1917 898 secundum

114 925 221 1008 banc
245 924 415 1006 formam
444 926 487 1004 in
516 924 682 1008 ecclesia
711 925 917 1007 distinctio
947 943 1107 1007 seruata
1136 943 1196 1007 est
1253 927 1477 1034 ignitatum.
1508 935 1548 1008 8(
1574 938 1677 1009 sicut
1705 930 1750 1008 in
1776 928 1917 1010 huma·

64 1079 67 1087 ·
114 1064 169 1117 no
204 1063 379 1144 corpore
414 1064 491 1144 pro
525 1039 718 1119 varietate
753 1029 981 1118 officiorum
1016 1029 1177 1118 diuersa
1206 1037 1395 1119 ordinata
1423 1048 1519 1117 sunt
1547 1041 1737 1120 membra.
1782 1042 1839 1122 ita
1872 1043 1917 1122 in
2015 1104 2022 1132 ,

115 1164 319 1232 structura
347 1149 513 1228 ecclesie
543 1146 596 1228 ad
629 1145 789 1230 diuersa
818 1149 1037 1230 ministeria
1067 1147 1296 1231 exhibenda
1325 1147 1486 1230 diuersa
1514 1177 1687 1257 persone
1715 1151 1759 1243 in
1780 1151 1916 1232 diuer-

58 1283 63 1294 '
115 1263 168 1342 sis
198 1275 293 1340 sunt
307 1255 520 1346 ordinibus
535 1261 769 1356 constitute,
786 1261 874 1340 aliis
889 1261 996 1340 enim
1010 1259 1061 1342 ad
1077 1261 1326 1368 singularum
1341 1261 1600 1342 ecelesiarum
1614 1262 1701 1342 aliis
1714 1277 1847 1342 autem
1862 1261 1916 1344 ad

116 1371 382 1480 singularium
409 1369 573 1450 urbium
603 1369 925 1479 disposicionem,
955 1399 1002 1452 ac
1030 1373 1210 1481 regimen
1257 1371 1473 1467 ordinatis,
1509 1371 1722 1478 constitutj
1751 1375 1918 1456 suntin

115 1481 284 1590 singulis
320 1481 540 1590 prouinciis
571 1482 641 1561 alii
670 1511 846 1592 quorum
873 1485 1004 1591 prima
1033 1486 1136 1564 inter
1164 1481 1308 1564 fratres
1337 1484 1540 1565 sentencia
1568 1483 1766 1564 habeatur
1796 1489 1835 1564 8(
1855 1478 1917 1566 ‘ad
1973 1575 1976 1581 ,

116 1621 294 1704 quorum
328 1619 497 1672 examen
533 1593 804 1674 subiectarum
839 1621 1106 1703 personarum
1150 1597 1382 1703 questiones
1416 1601 1455 1674 8(
1489 1596 1659 1705 negocia
1687 1591 1917 1678 referantur

1 1716 2 1721 '
115 1706 248 1812 Super
277 1730 414 1784 omnes
442 1718 576 1784 autem
603 1733 796 1786 romanus
824 1706 1026 1813 pontifex,
1058 1725 1262 1815 tamquam
1289 1709 1368 1787 noi}
1396 1707 1439 1786 in
1453 1705 1577 1788 archa
1590 1707 1767 1816 primum
1781 1705 1918 1793 locum
2039 1791 2041 1795 ,
2119 1721 2123 1728 ’

114 1817 299 1898 noscitur
329 1816 525 1923 optinere.
557 1818 629 1925 qui
658 1843 709 1896 ex
737 1816 884 1899 collato
911 1819 989 1898 sibi
1018 1815 1192 1926 desuper
1220 1818 1263 1896 in
1292 1816 1569 1926 apostolorum
1584 1819 1768 1928 principe
1784 1818 1915 1926 priui-

114 1927 222 2035 legio
251 1925 314 2030 de,
332 1929 614 2008 uniuersorum
642 1930 771 2022 causis
799 1929 951 2010 iudicat
978 1957 1024 2009 ac
1038 1925 1229 2036 disponit.
1246 1935 1285 2008 8(
1300 1957 1374 2037 per
1388 1930 1620 2009 uniuersum
1635 1929 1775 2010 orbem
1791 1928 1918 2027 eccle·
1938 1973 1949 1978 -
1980 1977 1988 1989 ι

113 2040 169 2121 sie
199 2039 303 2118 filios
330 2041 374 2119 in
402 2035 619 2118 christiane
646 2038 741 2146 fidej
769 2037 958 2121 firmitate
986 2068 1072 2119 non
1101 2039 1248 2121 desinit
1276 2039 1515 2121 confirmare
1543 2040 1664 2121 talem
1692 2067 1742 2126 se
1770 2067 1918 2122 curans

113 2149 264 2257 iugiter
292 2148 494 2230 exhibere.
525 2150 596 2258 qui
631 2177 771 2230 vocem
800 2149 1042 2234 dominicam
1078 2169 1277 2232 mereatur
1306 2150 1467 2248 audire,
1495 2179 1577 2261 qua
1606 2151 1768 2250 dicitur,
1798 2169 1841 2232 et
1868 2169 1949 2248 tu,

113 2258 337 2370 aliquando
374 2287 594 2342 conuersus
611 2261 823 2343 ,confirma
857 2261 1002 2346 fratres
1035 2269 1128 2342 tuo's
1160 2263 1240 2343 hoe
1268 2264 1458 2344 nimirum
1487 2261 1826 2345 consideracionis
1855 2265 1917 2344 in·
1965 2289 1970 2298 ·
2003 2263 2038 2346 ¹.

112 2373 222 2454 tuitu
256 2371 471 2480 prouocati
503 2375 545 2452 8(
578 2369 653 2454 tibi
682 2370 807 2455 frater
835 2375 879 2454 in
907 2375 1057 2456 christo
1085 2372 1299 2472 karissime⁴
1321 2383 1412 2455 cum
1440 2373 1493 2456 ad
1515 2393 1697 2456 nostram
1712 2374 1918 2483 presenci-

112 2511 178 2564 am
208 2483 438 2564 accessisses
466 2481 578 2562 iuxta
608 2481 721 2594 quod
751 2512 775 2562 a
803 2486 1156 2595 predecessoribus
1184 2487 1334 2567 nostris
1363 2487 1414 2569 ab
1443 2493 1635 2567 anteactis
1663 2486 1917 2595 temporibus
2029 2485 2035 2494 ’

26 2695 38 2708 Ι
113 2595 375 2704 dispositum·
393 2592 528 2675 fuerat
563 2623 609 2674 ac
637 2613 829 2681 statutum
858 2596 929 2678 sed
950 2590 1041 2676 'non
1070 2596 1166 2677 dum
1195 2596 1437 2693 executione
1463 2598 1597 2706 operis
1626 2595 1677 2678 ad
1707 2593 1917 2706 impletum

1 2775 2 2778 κ
111 2707 304 2816 precibus
342 2722 381 2787 et
417 2707 651 2786 interuentu
678 2706 876 2788 karissimi
905 2707 976 2788 filii
1005 2710 1134 2788 nostri
1163 2707 1287 2788 caroli
1317 2709 1482 2788 illustris
1511 2711 1616 2816 regis
1644 2737 1845 2789 sweorum
1875 2725 1917 2791 et

110 2818 346 2930 gothorum,
369 2817 654 2925 episcoporum
713 2843 848 2928 noque
879 2826 918 2900 &
945 2817 1034 2920 vlfir
1066 2817 1179 2901 ducis
1208 2821 1324 2927 regni
1352 2820 1458 2900 illius
1488 2820 1671 2927 pallium,
1702 2813 1942 2929 pontificu-⁴

111 2929 161 3012 lis
191 2929 346 3010 scilicet
372 2927 496 3014 oflicii
525 2845 816 3037 plenitudinem
846 2928 1033 3014 duximus
1062 2929 1354 3039 indulgendum
1383 2935 1435 3010 Et
1462 2959 1513 3011 ne
1529 2930 1579 3012 de
1596 2949 1729 3018 cetero
1744 2931 1915 3041 prouin·
1999 2949 2001 2954 ·

107 3043 174 3124 cie
210 3043 356 3121 swecie
390 3041 694 3148 metropolitani
729 3045 856 3152 possit
891 3073 987 3129 cura
1021 3041 1174 3140 deesse,
1218 3044 1466 3123 commissam
1509 3044 1801 3151 gubernacioni
1844 3060 1915 3124 tue

108 3153 310 3262 vpsaliam
337 3152 482 3233 vrbem
506 3151 685 3233 eiusdem
711 3157 923 3262 prouincie
952 3172 1189 3263 perpetuam
1210 3154 1464 3263 metropolim
1480 3154 1758 3255 ordinauimus
1774 3171 1915 3236 et-sca·
1973 3247 1981 3254 ⁸

107 3292 271 3346 rensem
287 3264 559 3372 lincopensem
573 3283 896 3374 strengenensem
926 3273 965 3347 8(
994 3267 1240 3347 arusiensem
1269 3267 1523 3374 episcopatus
1551 3267 1587 3344 ei
1608 3283 1815 3376 tamquam
1843 3295 1915 3349 sue

107 3376 332 3485 metropoli
360 3378 565 3486 perpetuis
593 3379 843 3484 temporibus
871 3379 1149 3461 constituimus
1178 3378 1383 3459 subiacere
1413 3385 1451 3457 8(
1479 3376 1700 3457 eorundem
1729 3379 1914 3459 locorum
1988 3375 1996 3392 '
2058 3357 2063 3368 ’

107 3490 326 3598 episcopos
354 3505 436 3567 tam
465 3505 673 3596 presentes
702 3517 823 3598 quam
854 3488 1014 3572 futuros
1043 3490 1146 3570 sicut
1169 3489 1487 3598 metropolitanis
1503 3489 1583 3570 suis
1598 3508 1678 3570 tam
1694 3490 1769 3570 tibi
1789 3518 1912 3600 quam

106 3604 193 3681 tuis
205 3600 502 3680 successoribus
517 3598 683 3681 obedire
699 3601 919 3681 Statuimus
934 3618 1066 3682 autem
1087 3616 1132 3680 vt
1154 3601 1259 3680 sicut
1289 3604 1336 3679 tu
1364 3600 1415 3681 de
1444 3603 1701 3682 concessione
1731 3620 1771 3683 et
1799 3628 1911 3680 man-

106 3711 211 3792 dato
241 3729 383 3790 nostro
412 3711 729 3792 consecracionis
757 3739 902 3792 munus
932 3740 954 3790 a
982 3711 1205 3794 venerabili
1233 3713 1358 3791 fratre
1387 3728 1527 3793 nostro
1543 3713 1730 3794 lundensi
1758 3711 1911 3792 archie-

103 3825 282 3932 piscopo
317 3823 528 3930 suscepisti
557 3823 612 3902 ita
648 3837 689 3902 et
723 3850 971 3904 successores
999 3825 1069 3904 tui.
1099 3823 1151 3904 ab
1181 3852 1229 3903 eo
1259 3829 1297 3904 8(
1326 3851 1348 3901 a
1378 3825 1675 3905 successoribus
1705 3824 1784 3904 suis
1813 3851 1909 3902 con·
1967 3896 2011 3934 1,
2117 3815 2121 3822 ’

105 3937 380 4015 secracionem
408 3930 584 4013 debeant
613 3933 766 4042 absque
794 3934 877 4016 vlla
904 3934 1224 4015 contradictione
1253 3936 1430 4042 recipere
1460 3942 1498 4014 8(
1519 3953 1722 4044 tamquam
1739 3934 1909 4041 proprio

104 4047 275 4154 primati
303 4043 582 4134 obedienciam
614 4050 653 4125 8(
681 4045 956 4128 reuerenciam
985 4045 1175 4128 exhibere
1205 4049 1333 4127 Porro
1363 4073 1549 4127 concesso
1566 4045 1646 4126 tibi·
1664 4044 1787 4152 pallio
1803 4073 1907 4152 pon·

106 4158 268 4238 tilicalis
292 4157 444 4236 scilicet
473 4154 594 4236 officii
622 4153 845 4237 lenitudine
874 4155 978 4238 infra
1007 4157 1212 4237 ecclesiam
1239 4177 1348 4238 tuam
1378 4152 1429 4236 ad
1460 4151 1572 4237 sacra
1600 4172 1756 4236 tantum
1773 4158 1908 4237 missa·
2028 4203 2036 4210 „

100 4296 205 4348 rum
245 4267 480 4376 sollempnia
524 4295 597 4374 per
639 4269 865 4348 vniuersam
893 4269 1147 4376 prouinciam
1175 4285 1285 4347 tuam
1313 4267 1391 4347 hiis
1419 4267 1672 4348 solummodo
1689 4264 1831 4348 diebus
1847 4269 1909 4349 uti

97 4380 339 4460 fraternitas
374 4396 444 4458 tua
462 4377 644 4486 'debebit
672 4378 745 4489 qui
776 4379 942 4461 inferius
972 4381 1162 4488 leguntur
1190 4380 1374 4487 inscripti
1401 4380 1611 4461 natiuitate
1641 4376 1794 4457 domini
1808 4407 1907 4486 epy-

1 4517 2 4528 ‘
97 4490 261 4602 phania
297 4517 396 4571 cena
425 4486 579 4569 domini
607 4489 901 4572 resurrectione
930 4492 1163 4572 ascencione
1192 4505 1441 4600 pentecostes
1472 4493 1515 4572 in
1545 4489 1907 4598 sollempnitatibus

94 4605 227 4685 beate
269 4599 336 4709 dej
378 4601 583 4708 genitricis
626 4629 783 4710 semper
818 4604 986 4711 virginis
1021 4604 1144 4683 marie
1173 4601 1362 4683 natalicio
1392 4602 1603 4682 beatorum
1627 4602 1907 4708 apostolorum

133 4727 136 4733 ’
159 4715 218 4794 tri
247 4730 287 4792 et
315 4712 434 4821 pauli¹
455 4714 503 4793 In
531 4712 768 4794 iuuencione
797 4714 1044 4796 exaltacione
1069 4730 1206 4794 sancte
1222 4713 1351 4796 crucis
1366 4711 1553 4793 natalicio
1570 4728 1707 4791 sancte
1720 4711 1906 4792 iohannis

93 4743 286 4934 ldptiste
302 4825 351 4904 In
365 4821 468 4904 festo
483 4823 592 4905 beati
607 4823 792 4905 iohannis
807 4826 1066 4938 ewangeliste
1081 4825 1463 4908 commemoracione
1479 4823 1658 4903 omnium
1672 4839 1906 4902 sanctorum

91 4939 146 5019 in
182 4936 556 5017 consecracionibus
584 4935 840 5018 ecclesiarum
867 4939 932 5018 vel
961 4939 1242 5048 episcoporum
1268 4934 1617 5017 benedictionibus
1632 4934 1821 5016 abbatum
1839 4962 1905 5012 or·

92 5046 394 5132 dinacionibus
408 5049 738 5161 presbyterorum
752 5047 798 5160 jn
812 5045 878 5162 die
894 5039 1162 5136 dedicacionis
1197 5047 1360 5135 ecclesie
1390 5065 1459 5130 tue
1481 5075 1528 5132 ac
1558 5045 1659 5130 festo
1675 5049 1801 5127 sancti
1817 5045 1904 5126 lau-
