4370 5950
850 466 906 512 ψ-
1025 437 1099 534 ιάό
1195 423 1269 508 ¹..·.

157 657 281 742 debet
309 656 549 739 satisfacere]
580 654 750 768 Hiisquc
779 657 1089 740 satisfactionem
1123 657 1422 767 recipientibus.
1451 657 1621 742 traditis.
1678 663 1740 744 De
1767 667 1949 774 cognatis

156 772 355 852 maternis
384 768 490 849 idern
518 771 586 850 fiat
622 767 747 874 Quod
779 769 873 878 jdeo
915 772 971 850 sic
1000 767 1225 850 ordinatur.
1257 797 1307 850 ne
1335 769 1548 854 homicida.
1582 771 1897 859 Satisfactionem
1926 807 1950 862 a

157 883 345 992 cognatis
375 897 590 988 acceptam.
620 881 696 961 sibi
726 885 908 962 retinere.
937 880 1000 961 vel
1029 881 1160 962 minus
1188 875 1359 989 prouida
1387 873 1616 989 dissipante.
1658 886 1831 995 Cognati
1859 918 1951 971 cum

159 998 250 1105 ipso
280 993 575 1101 compellantur
603 993 750 1072 iterum
792 990 1005 1072 emendare
1041 993 1083 1074 Si
1112 1007 1306 1100 cognatus
1324 991 1503 1103 aliquit,
1540 1022 1629 1073 cum
1666 1014 1840 1106 cognato
1876 1029 1951 1084 suo

158 1105 392 1185 satisfacere
422 1104 611 1183 noluerit.
642 1104 709 1182 alii
738 1104 910 1210 cognati.
941 1105 1073 1212 ipsum
1102 1119 1146 1182 vt
1174 1101 1369 1183 emendet.
1405 1123 1659 1184 ammoneant
1686 1124 1726 1187 et
1754 1107 1965 1206 inducant

130 1216 232 1322 ¹sed
258 1214 458 1296 homicida
489 1212 615 1294 nichil
642 1211 742 1320 juris
771 1216 930 1296 habeat.
960 1232 1003 1294 vt
1030 1214 1094 1296 vel
1123 1241 1197 1322 per
1233 1215 1335 1296 Nam
1369 1215 1432 1294 vel
1469 1217 1547 1295 alio
1562 1217 1805 1328 quocunque
1827 1221 1953 1304 modo

163 1332 294 1435 ipsum
325 1324 377 1405 ad
406 1325 484 1406 hoc
513 1324 737 1433 compellat.
768 1323 843 1405 sed·
868 1354 891 1403 a
920 1329 1101 1434 cognatis
1129 1325 1182 1406 ad
1212 1325 1288 1432 hoc
1317 1325 1593 1433 compellatur.
1623 1347 1762 1410 nostro
1790 1334 1886 1440 ipsis
1915 1336 1949 1414 si

162 1439 395 1520 defecerint.
427 1436 577 1516 auxilio
606 1434 862 1544 suffragante.
921 1439 963 1517 Si
992 1435 1192 1516 homicida
1221 1453 1362 1516 contra
1392 1439 1467 1517 hoc
1496 1437 1627 1520 facere
1656 1468 1888 1548 presumens
1909 1463 1951 1527 et
2080 1443 2082 1450 ’

160 1579 223 1631 res
253 1547 414 1657 cognati
448 1550 511 1626 sui
549 1572 735 1655 pernam
772 1549 982 1654 accipiens.
1018 1546 1225 1628 manifeste
1254 1548 1533 1658 subterfugere
1560 1553 1738 1657 potuerit
1766 1581 1857 1634 cum
1886 1584 1953 1636 ac·

159 1661 300 1770 ceptis.
331 1661 389 1739 III
410 1683 562 1737 marcas
577 1659 663 1765 regi
678 1658 893 1738 satisfaciat
921 1687 998 1767 pro
1026 1661 1182 1766 rapina.
1211 1674 1252 1738 et
1281 1659 1340 1738 ΙΙΙ
1368 1661 1434 1739 cui
1461 1663 1651 1741 iniuriam
1679 1664 1886 1770 irrogauit.
1909 1668 1952 1748 si

158 1773 313 1852 furtiue
349 1769 527 1876 accipere
569 1769 709 1849 volens
737 1766 858 1848 fuerit
887 1770 1210 1876 comprehensus.
1241 1767 1388 1848 ductus
1417 1771 1470 1852 ad
1507 1773 1711 1879 placitum.
1742 1775 1845 1854 siout
1873 1804 1949 1885 pro

159 1884 285 1964 furto.
321 1879 557 1988 suspendio·
574 1880 907 1986 condempnetur.
952 1882 995 1960 Si
1032 1879 1224 1986 aufugere
1260 1882 1418 1986 poterit.
1453 1909 1575 1990 super
1616 1884 1694 1962 hoc
1736 1905 1953 1967 accusatus.
2036 1943 2040 1956 .

159 2011 359 2103 expurget
387 2021 428 2072 sc
457 2007 500 2071 vt
529 2019 606 2099 pro
634 1990 754 2071 furto,
810 1992 861 2068 ln
890 1989 1185 2100 quamcumque
1219 2007 1351 2071 autem
1386 2017 1544 2074 causam
1572 1993 1634 2073 vel
1663 1993 1863 2104 delictum,
1880 1996 1953 2077 ho·

159 2131 227 2187 mo
264 2101 452 2208 inciderit
481 2105 557 2181 nrsi
585 2105 628 2180 in
657 2100 927 2182 homicidium.
958 2103 1120 2209 cognati
1148 2129 1240 2181 cum
1281 2129 1329 2181 eo
1373 2103 1596 2184 satisfacere
1639 2132 1722 2184 non
1765 2122 1954 2188 tenentur
2083 2188 2089 2200 ,
2122 2177 2130 2200 .

160 2219 203 2297 Si
247 2216 339 2325 quis
374 2213 627 2299 conuenitur.
671 2212 782 2322 quod
814 2212 937 2291 fuerit
971 2213 1014 2291 in
1049 2213 1241 2292 comitatu
1282 2213 1541 2294 homicidium
1586 2220 1871 2322 perpetrantis,
1914 2220 1959 2302 Si

160 2330 213 2408 sit
243 2341 440 2434 cognatus
474 2325 559 2403 siue
595 2339 819 2404 extraneus.
848 2325 1125 2404 innocentiam
1156 2349 1267 2402 suam
1309 2324 1456 2429 probet
1490 2323 1569 2403 XII
1605 2326 1811 2406 hominum
1846 2332 1958 2414 testi·

155 2441 316 2518 monio.
355 2436 505 2517 scilicet
545 2463 638 2514 cum
680 2433 900 2515 tulftercth.
963 2435 1006 2513 Si
1041 2434 1251 2514 conuictus
1286 2431 1408 2516 fuerit
1435 2434 1499 2514 vel
1526 2435 1740 2520 confessus.
1771 2439 1954 2524 emendet

160 2549 337 2658 regilli
367 2573 530 2626 marcas.
559 2547 618 2626 Ill
649 2547 841 2654 cognatis.

331 2659 374 2737 Si
410 2656 501 2767 quis
537 2675 744 2736 accusatus
778 2656 899 2742 fuerit
927 2654 978 2742 dc
1007 2655 1198 2736 societate
1227 2672 1268 2737 et
1295 2654 1508 2737 adiutorio.
1540 2671 1582 2738 et
1609 2659 1721 2768 quod
1750 2660 1953 2750 hominem
2044 2647 2048 2656 ⁵

161 2770 437 2850 wlnerauerit.
466 2766 538 2846 vbi
565 2766 672 2846 idem
698 2766 820 2846 homo
849 2769 1004 2849 occisus
1032 2767 1162 2853 fuerit,
1194 2767 1422 2856 testimonio
1444 2766 1617 2849 duorum
1633 2771 1841 2852 hominum
1855 2802 1953 2853 con·

161 2884 307 2964 uictus.
337 2877 527 2960 candenti
556 2876 664 2958 ferro
693 2875 733 2959 se
760 2895 970 2987 expurget.
1006 2879 1047 2958 Si
1077 2878 1347 2958 testimonium
1389 2875 1442 2958 ad
1483 2878 1561 2960 hoc
1603 2907 1687 2967 non
1727 2879 1857 2970 fuerit.
1889 2899 1953 2964 ter
1987 2875 1991 2882 ’

164 2989 357 3074 duodeno
386 2990 591 3069 hominum
627 2991 867 3070 testimonie.
915 2989 1076 3070 scilicet.
1120 3017 1210 3068 curn
1245 3004 1387 3068 trenne
1422 2987 1630 3068 tulftereth
1666 3019 1707 3071 sa
1739 3011 1951 3101 expurget.
1982 3005 1990 3014 '
2108 2977 2127 3066 ,¹

166 3103 210 3184 Si
240 3130 331 3183 reus
361 3100 493 3181 fuerit.
523 3100 583 3179 ΙΙΙ
612 3127 765 3180 marcas
793 3102 891 3206 regi.
920 3123 1066 3180 nouem
1097 3127 1249 3178 marcas
1278 3097 1496 3178 satisfaciat
1523 3100 1661 3181 actori.

337 3213 379 3293 Si
408 3211 499 3321 quis
528 3211 651 3289 alium
680 3211 724 3290 in
752 3209 872 3292 domo
901 3238 987 3307 sua,
1023 3237 1143 3288 manu
1180 3210 1402 3316 impecierit
1441 3209 1630 3290 violenta.
1665 3210 1729 3290 vel
1759 3227 1949 3294 arantem.

168 3324 234 3406 vel
262 3324 332 3414 vbi
361 3323 437 3403 fixa
467 3321 605 3402 lancea
631 3321 695 3400 vel
724 3323 855 3432 posito
885 3321 1024 3430 clipeo.
1055 3347 1097 3400 se
1125 3323 1168 3399 in
1197 3319 1421 3426 hospicium
1451 3321 1725 3401 constitueret.
1753 3323 1849 3430 quia
1876 3321 1951 3404 hec

164 3437 245 3517 tria
286 3430 337 3515 ad
379 3433 491 3543 paria
511 3440 516 3462 ²
527 3431 759 3542 judicantur
793 3432 835 3512 Si
862 3431 985 3512 homo
1021 3429 1254 3511 interfectus
1288 3429 1421 3510 fuerit.
1457 3431 1577 3538 plena
1613 3430 1831 3514 satisfactio
1861 3461 1951 3540 per·
2023 3487 2027 3494 -
2065 3425 2073 3438 ’

164 3547 357 3629 soluatur.
387 3561 427 3626 et
455 3570 531 3650 pro
559 3541 765 3622 herwirki.
794 3540 1004 3624 homicida.
1033 3541 1083 3621 de
1112 3542 1281 3650 proprio
1311 3569 1394 3622 suo.
1424 3541 1607 3648 cognatis
1635 3543 1708 3621 XL
1723 3571 1875 3623 marcas
1889 3571 1951 3622 sa·

163 3657 348 3740 tisfaciat.
386 3672 426 3736 et
454 3653 526 3738 XL
556 3654 652 3763 regi.
709 3657 761 3738 Et
790 3652 961 3763 quilibet
979 3653 1062 3764 equi
1089 3652 1131 3731 in
1161 3653 1355 3732 comitatu
1383 3651 1470 3748 fuit,
1500 3653 1683 3760 cognatis
1710 3654 1770 3736 ΙΙΙ
1799 3681 1951 3735 marcas

99 3779 104 3786 “
164 3769 318 3876 &regi
347 3766 406 3846 III
434 3791 587 3844 marcas
615 3764 839 3845 satisfaciat.
895 3783 897 3790 '
1420 3808 1424 3818 ›
1951 3807 1953 3814 ,

333 3876 374 3957 Si
404 3877 506 3985 quis.
538 3876 720 4064 quinque
748 3878 877 3956 socios
906 3877 1154 3986 &quinque
1183 3873 1398 3984 folcwapn.
1428 3903 1562 3957 secum
1589 3876 1752 3959 habens.
1781 3901 1804 3954 a
1831 3873 1952 3954 domo

165 3991 330 4073 alterius
360 3987 507 4097 aliqua.
557 4003 668 4066 racto
697 3985 830 4068 hostio
860 3986 1072 4067 abstulerit
1101 3987 1311 4068 violenter.
1342 3988 1384 4067 Si
1412 3990 1641 4068 testimonio
1676 3987 1848 4068 duorum
1876 3984 1951 4065 ho·

164 4105 319 4183 minum
348 4099 627 4178 conuincatur.
658 4115 856 4204 expurgat
883 4127 924 4179 se
954 4098 1064 4178 ferro
1093 4100 1222 4205 ignito
1252 4099 1294 4179 Si
1322 4100 1532 4180 conuictus
1554 4099 1677 4177 fucrit
1704 4095 1766 4176 vel
1796 4094 1961 4175 confes·‘
1997 4175 2003 4182 ,
2086 4144 2092 4154 -

164 4243 242 4296 sus,
271 4210 404 4293 soluat
436 4209 509 4286 XL
539 4237 698 4290 marcas
729 4211 816 4315 regi
846 4207 985 4308 &XL
1016 4237 1168 4289 marcas
1197 4211 1324 4291 actori
1354 4208 1540 4290 emendet
1569 4211 1622 4286 Et
1635 4207 1807 4324 quilibet
1820 4207 1949 4286 socio·

166 4352 258 4406 rum
284 4347 449 4402 snorum
480 4319 540 4396 HI
569 4319 720 4398 Marcas
749 4322 844 4426 regi.
874 4321 932 4399 III
960 4319 1113 4400 blarcas
1141 4321 1269 4399 actori
1297 4319 1491 4401 emendet.
1840 4415 1845 4420 „

333 4433 374 4511 Si
404 4430 494 4539 quis
523 4431 697 4536 probare
726 4432 876 4537 poterit
904 4429 1077 4510 duorum
1100 4431 1307 4510 hominum
1336 4432 1564 4510 testimonio
1580 4455 1621 4508 se
1636 4427 1687 4506 ab
1708 4425 1798 4507 alio.
1826 4425 1953 4508 wlne-

164 4566 309 4628 ratum.
366 4541 442 4619 Jlle
472 4539 581 4619 ferro
611 4538 799 4620 candenti
830 4544 862 4621 si
891 4543 1110 4648 negaue'rit.
1140 4571 1181 4621 se
1209 4557 1417 4648 expurget.
1452 4542 1515 4621 vel
1543 4533 1761 4620 secundum
1789 4537 1952 4618 wlneris

164 4656 403 4770 qualitatem
432 4653 465 4729 si
481 4648 617 4730 'fuerit
644 4653 822 4731 wathwa
852 4680 927 4734 sar.
957 4651 1069 4761 quod
1085 4653 1236 4760 vbique
1251 4651 1297 4730 fit
1311 4657 1353 4732 in
1370 4679 1499 4731 carne.
1515 4673 1696 4757 pro-quo
1716 4673 1820 4728 reus.
1834 4675 1956 4730 manu

164 4765 355 4851 duodena
385 4787 426 4840 se
452 4777 663 4870 expurget.
693 4759 735 4841 Si
767 4762 892 4844 fuerit
919 4762 1065 4844 holsar.
1095 4762 1208 4870 quod
1237 4763 1281 4840 fit
1310 4764 1351 4841 in
1380 4763 1512 4869 capite
1534 4775 1705 4865 tangens
1734 4757 1951 4838 cerebrum.
1999 4755 2004 4764 ’

163 4879 230 4962 rel
261 4879 305 4957 in
332 4888 471 4951 ventre
498 4873 583 4952 siue
612 4875 654 4954 in
682 4889 857 4982 pectore,
885 4873 999 4988 quod
1026 4873 1134 4980 wlgo
1163 4873 1320 4958 dicitur.
1336 4870 1425 4963 safra
1446 4870 1508 4952 vel
1523 4871 1665 4952 aethre
1679 4867 1759 4962 hol.
1775 4867 1837 4950 bis
1852 4866 1953 4950 duc·

258 4991 262 5001 '
303 5012 452 5084 sarept.
767 5079 772 5088 ‚
1200 5077 1204 5086 ,
1457 5077 1460 5082 ,
1703 5002 1758 5109 ¹9¹
1806 5031 1807 5036 ¹
1857 5079 1860 5086 ,
