4370 5950
809 517 864 540 ¹¹¹·
984 503 1059 584 127
1172 517 1333 589 -μι

122 720 162 777 re
192 711 396 786 assecutus
424 712 572 780 statum
600 700 717 806 regni
747 699 790 778 in
821 698 932 777 omni
960 722 1059 805 pace
1086 693 1294 776 moderare
1332 712 1374 779 et
1400 694 1595 780 humanas
1623 698 1729 808 leges
1744 699 1930 786 clemens

123 823 180 888 ter
217 807 343 890 lenire
380 807 522 890 volens
558 810 730 892 Jnuenio
768 805 863 886 alias
891 806 999 916 leges
1027 823 1300 916 repugnantes
1342 807 1422 914 legi
1465 807 1618 892 domini
1659 816 1915 918 conuertenti

121 919 282 1001 animas.
342 923 456 1023 ¹Nam
498 920 754 1001 ecclesiarum
796 916 889 1025 jura
923 918 1120 1000 diuinitus
1148 943 1337 998 concessa
1364 917 1566 1002 violantur
1592 950 1794 1032 pauperes
1821 925 1914 1035 qui-

121 1055 197 1140 que
241 1057 266 1108 a
306 1030 606 1113 sublimioribus
648 1031 849 1113 violantcr
890 1029 1182 1111 conculcantur
1229 1028 1509 1137 religiosorum
1538 1037 1808 1139 possessiones
1834 1063 1913 1144 pro

120 1155 379 1248 peccatorum
427 1140 658 1224 remissione
700 1145 762 1252 eisd
799 1138 944 1222 collate
986 1169 1060 1250 per
1103 1138 1347 1225 tirannidem
1389 1139 1653 1224 inuaduntur.
1720 1144 1825 1227 lude
1853 1162 1913 1228 est

122 1252 230 1361 quod
273 1253 538 1362 piscacionem
582 1255 625 1334 in
666 1270 810 1363 stagno
853 1252 967 1361 quod
1009 1251 1159 1332 dicitur
1185 1249 1298 1331 Rusk
1326 1251 1453 1331 seruis
1481 1249 1547 1334 dei
1589 1253 1736 1334 excelsi
1776 1282 1915 1338 mona·
2023 1285 2032 1294 ·

124 1364 205 1445 obis
249 1362 299 1444 de
338 1363 551 1445 nouavalle
591 1393 616 1444 a
658 1361 895 1474 proceribus
929 1381 1037 1443 terre
1072 1365 1192 1443 Petro
1228 1377 1270 1441 et
1312 1361 1549 1444 Germundo
1593 1362 1738 1445 deuote
1787 1366 1915 1448 dona·

123 1491 200 1555 tam
234 1475 361 1555 Jacob
397 1473 504 1555 filius
545 1473 740 1584 agmundi
780 1475 1006 1558 inconsulte
1048 1474 1124 1554 sibi
1164 1470 1378 1553 vendicare
1413 1493 1554 1555 contra
1587 1501 1746 1556 omnem
1787 1479 1915 1558 racio·

122 1613 211 1666 nem
252 1603 437 1667 conatur.
508 1587 596 1694 Ego
637 1589 744 1667 enim
788 1584 839 1666 dc
874 1581 949 1664 hac
991 1579 1218 1694 piscacione
1260 1584 1509 1692 sagacissime
1553 1587 1760 1695 inquirens
1788 1587 1914 1669 nichil

121 1700 253 1778 verius
283 1697 464 1807 comperi
493 1696 570 1778 nisi
598 1696 713 1805 quod
743 1696 799 1776 eis
827 1695 879 1773 sit
907 1697 1106 1775 veraciter
1133 1692 1284 1775 collata
1314 1712 1355 1775 et
1404 1721 1429 1773 a
1470 1697 1634 1801 regibus
1677 1713 1717 1777 et
1741 1698 1913 1805 optima·

121 1809 227 1891 tibus
256 1824 363 1891 terre
393 1805 558 1890 defensa
587 1809 722 1915 primo
751 1835 774 1886 a
803 1823 920 1915 patre
949 1833 1038 1886 meo
1083 1804 1240 1893 Karolo
1277 1831 1371 1914 rege
1413 1805 1457 1884 in
1499 1804 1761 1914 Swndherby
1802 1812 1912 1917 posi·

121 1940 161 2002 to
226 1918 387 2000 Deinde
426 1947 450 1999 a
485 1922 655 2000 Kanuto
698 1945 792 2026 rege
823 1917 866 1995 in
895 1916 1049 2025 walsyo
1078 1918 1323 1997 consistente
1353 1914 1473 2022 legali
1501 1917 1787 2000 testificacione
1817 1925 1915 2000 cori-

120 2031 276 2112 lirmata
306 2032 350 2109 in
431 2048 613 2138 rpetuam
645 2029 915 2112 elemosinam.
956 2029 1105 2135 ‘lgitur
1134 2026 1404 2134 significamus
1433 2025 1758 2110 inhabitantibus
1788 2031 1913 2110 finne-
2009 2072 2012 2083 =

120 2144 244 2223 thiam
286 2140 384 2221 nwd
414 2143 590 2250 wngiam
633 2139 884 2221 werendiam
927 2139 1117 2219 omnibus
1159 2153 1297 2218 nostre
1330 2137 1501 2219 iussioni
1537 2138 1913 2249 obtemperantibus

120 2253 233 2363 quod
261 2252 367 2332 banc
395 2254 524 2359 ipsam
552 2253 820 2360 piscacionem
850 2252 906 2332 eis
936 2265 1020 2330 tam
1050 2248 1231 2359 legaliter
1260 2246 1480 2357 delegatam
1509 2267 1550 2330 ct
1570 2252 1821 2332 testificatam
1835 2278 1911 2354 no·

122 2384 204 2447 stro
219 2365 374 2471 scripto
407 2379 448 2442 et
476 2363 608 2472 sigillo
638 2364 879 2449 roboramus
920 2361 1137 2442 Enimuero
1180 2360 1426 2469 quicumque
1468 2359 1573 2440 hano
1602 2362 1913 2471 inscripoionem

119 2475 334 2558 uiolauerit
360 2499 429 2554 eos
457 2472 646 2584 deinceps
675 2501 795 2582 super
821 2474 902 2552 hoc
931 2469 1195 2582 inquietando
1223 2471 1267 2549 in
1295 2473 1476 2578 presenti
1504 2474 1633 2552 nostri
1676 2473 1799 2582 gladii
1844 2499 1913 2555 ex-

119 2605 283 2696 peretur
312 2587 511 2666 vloionem
539 2604 579 2668 et
593 2588 635 2667 in
650 2586 788 2667 futuro
803 2599 980 2666 eternam
1008 2611 1102 2666 cum
1131 2581 1254 2665 chore
1297 2580 1449 2664 dathan
1492 2599 1535 2667 et-
1574 2583 1731 2668 Abiron
1772 2584 1927 2694 damps

119 2701 343 2780 nacionem.
400 2698 540 2775 Amen.

41 3196 46 3207 ,
129 3090 254 3194 103.
756 3032 763 3040 -
952 3057 1202 3238 mpod).

169 3283 175 3293 ¹
201 3306 383 3455 hile-Bkislr·
406 3314 561 3392 busiacus
583 3312 755 3396 gifrobrel
772 3313 813 3396 pa
832 3313 1087 3398 Rislopstionden
1107 3315 1145 3376 af
1161 3313 1284 3379 Toalrer
1305 3314 1315 3373 i
1338 3309 1474 3375 Helland
1496 3311 1548 3374 till
1570 3311 1649 3375 Sord
1669 3313 1787 3375 kloster
1802 3270 1940 3375 inan-⁸

251 3413 319 3455 mar
341 3436 349 3454 .
1067 3441 1072 3448 .

1513 3583 1520 3604 Ι
1588 3507 1779 3576 K.e.r=73.

282 3631 469 3723 Arsinos
502 3643 576 3722 Dei
603 3646 731 3752 gratia
761 3643 988 3726 Lundensis
1018 3643 1194 3726 Ecclesia
1222 3639 1565 3752 Archiepiscopus
1592 3643 1733 3724 Suecie
1761 3639 1911 3754 primas

117 3751 328 3832 Uniuersis
355 3751 543 3834 fidelibus
572 3755 651 3836 hoc
680 3757 875 3864 scriptum
904 3756 1165 3837 cernentibus
1194 3758 1236 3836 in
1264 3780 1362 3836 vero
1391 3754 1556 3834 salutari
1586 3754 1766 3836 salutem.
1824 3755 1910 3834 No·

115 3878 203 3947 tum
238 3863 290 3944 sit
325 3865 525 3945 uniuersis
561 3885 641 3947 tam
669 3866 923 3975 presentibus
949 3894 1069 3975 quam
1099 3863 1248 3948 futuris
1275 3890 1351 3958 nos
1379 3865 1576 3945 fratribus
1605 3864 1656 3945 de
1684 3867 1790 3948 Sora
1816 3892 1910 3972 par-

116 3989 206 4063 tem
223 3973 333 4054 illam
363 3971 514 4058 decime
544 3974 595 4057 de
625 3981 779 4076 Toalrre
806 3995 887 4058 tam
915 3975 968 4056 de
998 3979 1204 4059 mansione
1234 4006 1354 4089 quam
1383 3976 1433 4058 dc
1462 3977 1617 4057 colonis
1632 3979 1812 4085 ipsorum
1828 4002 1908 4083 que

117 4084 168 4166 ad
181 4113 257 4166 nos
271 4086 468 4193 pertinuit
483 4088 699 4169 contulisse
714 4104 837 4199 quam
853 4107 898 4169 ut
920 4089 1079 4196 possint
1107 4088 1231 4170 iidem
1259 4088 1403 4169 fratres
1432 4088 1475 4172 in
1503 4106 1742 4196 perpetuum
1772 4086 1908 4193 pacili-

117 4223 161 4276 ce
188 4194 392 4305 possidere
423 4195 571 4278 dictam
600 4217 755 4308 partem
783 4200 935 4282 decime
964 4216 1182 4300 memorate
1209 4197 1359 4292 eisdem
1387 4197 1579 4279 fratribus
1607 4195 1794 4277 duximus
1809 4220 1906 4277 con-

117 4306 363 4389 firmandam.
394 4308 455 4390 Ne
483 4310 575 4418 quis
603 4313 660 4390 eis
688 4338 811 4420 super
839 4311 1056 4394 donatione
1084 4314 1160 4394 ista
1186 4312 1320 4422 grauis
1346 4307 1411 4395 vel
1440 4309 1655 4390 iniuriosus
1670 4309 1815 4390 existat
1830 4305 1906 4388 sub

117 4418 437 4525 interminatione
464 4421 728 4533 anathematis
756 4421 998 4505 inhibentes.
1992 4431 2002 4438 ’

197 4664 221 4740 *l
254 4665 384 4727 Brefvet
415 4665 496 4728 idres
527 4665 578 4729 till
612 4665 699 4729 detta
720 4667 773 4744 dr,
793 4667 876 4730 belst
896 4667 936 4730 da
958 4676 1041 4752 siges
1062 4670 1073 4730 i
1095 4667 1137 4730 Κ.
1160 4668 1191 4730 t.
1212 4665 1249 4744 dt
1273 4665 1354 4750 dgr,
1373 4675 1421 4728 att
1442 4667 1581 4729 assatos
1625 4663 1697 4728 ‘fvit
1717 4665 1876 4731 Biddema
1898 4669 1931 4730 i·

196 4746 291 4823 sort,
320 4747 437 4829 garder
461 4749 584 4811 Toaler
606 4751 617 4810 i
638 4749 792 4824 Hallaud,
816 4750 945 4814 baarest
966 4751 1006 4814 de
1026 4751 1131 4814 kunde
1152 4751 1259 4814 bamta
1279 4753 1346 4834 jem
1359 4770 1407 4826 ¹ur
1427 4748 1548 4836 jordeu,
1569 4749 1608 4810 ko
1630 4769 1650 4810 a
1669 4749 1730 4812 salt
1749 4750 1809 4814 och
1830 4751 1906 4813 baf-

196 4849 240 4892 va
261 4831 335 4911 slog
367 4833 417 4893 till
438 4830 585 4974 byggnad
607 4830 646 4893 Κ,
669 4854 695 4893 e.
721 4834 849 4914 1:337.
1675 4828 1679 4847 ¹

235 4914 346 4975 Denna
367 4911 443 4994 gard
454 4924 499 4976 sta
524 4913 613 4976 litotes
622 4915 722 4977 sasom
734 4915 822 4979 detta
833 4917 961 4978 klosters
976 4916 1130 4997 egendom
1142 4915 1272 4980 adelv.
1291 4917 1450 4977 larocrrr.
1465 4913 1509 4975 lll
1521 4910 1551 4973 d.
1565 4913 1603 4974 aa
1614 4914 1692 4977 Nor.
1711 4933 1742 4976 rr
1770 4911 1790 4975 8
1810 4913 1870 4983 (K.
1882 4935 1907 4976 e.

194 5011 226 5059 a·
237 4997 293 5076 74.
307 4994 375 5075 Jsr.
398 4995 442 5056 K.
460 5016 502 5058 m.
516 5013 543 5058 1.·
553 4999 650 5076 249.)
667 4999 797 5060 salumn
807 5015 816 5059 a
827 4992 863 5059 δι
877 5003 1005 5083 grangia
1017 5003 1049 5060 in
1064 4997 1233 5062 Hellandr‘a
1244 5019 1305 5080 que
1316 4997 1431 5060 dicitur
1442 4994 1562 5058 Toaker
1573 5017 1645 5058 curn
1656 4998 1742 5060 siluis
1799 5000 1911 5060 ceteris

194 5079 394 5224 pertiuentiis
406 5081 476 5158 stris,
487 5079 549 5142 och
560 5081 651 5144 Pafv.
665 5082 804 5144 Graeca.
817 5083 874 5144 lx.
888 5081 919 5143 d.
941 5102 979 5142 22
1004 5082 1098 5145 Febr.
1124 5079 1202 5142 1226
1222 5088 1267 5150 (a.
1287 5093 1330 5146 st.
1345 5101 1370 5141 s.
1393 5080 1469 5158 104)
1486 5081 1569 5163 jemf.
1592 5081 1909 5143 Ptfv.1mocmr.111

217 5205 225 5222 .
253 5181 271 5242 7
300 5163 370 5226 Oet.
402 5159 481 5240 1248
500 5171 547 5237 (a.
567 5175 605 5229 rt.
624 5185 649 5226 s.
671 5163 765 5238 162st
789 5165 822 5232 &
842 5163 881 5228 de
904 5165 1023 5231 Toalre
1044 5167 1239 5251 possessiones
1259 5184 1332 5228 cum
1351 5161 1493 5230 cuntibus
1513 5166 1706 5249 pertinentiis
1727 5161 1903 5227 earundem.
