4404 5960
1008 488 1066 509 -
1176 439 1307 539 llo
1369 485 1439 507 -·

329 671 461 781 533.
725 803 727 806 Ι
984 589 1133 781 labb
1181 673 1230 779 d.
1278 715 1310 821 9
1357 669 1476 780 lun.
1871 673 2055 786 Viterbo.
2147 581 2150 600 '

367 935 371 940 -
405 891 496 957 Palu.
519 891 655 954 Casuras
678 892 749 958 tva
770 894 848 955 Brcf
863 915 915 956 om
942 914 997 954 roo
1019 848 1129 976 dagals
1150 891 1223 956 ullat
1244 896 1293 955 lb'r
1313 895 1403 972 dem,
1425 915 1490 956 som
1512 896 1553 982 psl
1575 891 1622 956 Set
1643 893 1725 956 Lans
1746 890 1803 955 och
1823 893 1866 956 Stt
1883 893 1962 957 Euros
1980 895 2058 978 dapar,

457 974 519 1039 och
538 976 580 1053 4ο
600 976 651 1039 sor·
671 976 753 1058 dem,
775 999 841 1041 som
862 976 933 1040 &de
954 977 1053 1060 dagen
1074 978 1219 1056 deueller,
1241 979 1366 1040 besb'lte
1386 977 1506 1064 Upsala
1527 977 1721 1060 Domlyrka.
1820 1057 1841 1112 B
1868 1075 1892 1114 ν
1911 1057 1953 1112 „3

491 1197 679 1278 Cernens
707 1197 921 1306 episcopus
950 1199 1024 1276 &c
1053 1198 1135 1276 lida
1162 1195 1252 1276 med
1267 1197 1528 1303 sdrcgdenda
1557 1197 1640 1278 Nm
1668 1197 1748 1292 436
1775 1195 1835 1276 till
1860 1221 1932 1304 que
1955 1195 2063 1276 inho

321 1333 423 1390 nore
451 1306 665 1388 beatorum
693 1307 882 1389 laurentii
911 1307 1134 1389 &henrici
1163 1307 1372 1386 martirum
1399 1307 1549 1389 dicitur
1577 1335 1661 1388 esse
1682 1322 1903 1387 constructa
1916 1307 2064 1413 congruis

321 1417 551 1500 honoribus
579 1417 863 1529 frequentetur
899 1417 949 1500 de
977 1418 1263 1524 omnipotentis
1291 1414 1360 1525 dej
1388 1418 1658 1500 misericordia
1690 1417 1953 1498 &beatorum
1989 1417 2067 1522 petri

322 1535 363 1612 8c
390 1530 502 1639 pauli
531 1531 807 1638 apostolorum
836 1533 920 1609 eius
950 1531 1191 1610 auctoritate
1227 1528 1367 1608 conlisi
1403 1530 1590 1610 omnibus
1634 1555 1727 1608 vere
1769 1525 2018 1636 penitentibus
2038 1542 2067 1604 et

322 1642 513 1724 confessis
544 1643 616 1750 qui
644 1640 696 1721 ad
712 1643 930 1724 ecclesiam
960 1641 1086 1750 ipsam
1115 1641 1158 1720 in
1188 1637 1464 1747 predictorum
1493 1642 1704 1722 martirum
1729 1637 1997 1720 festiuitatibus
2018 1634 2068 1716 de

322 1771 419 1834 uote
447 1755 708 1850 accesserint,
737 1771 916 1848 centum,
945 1751 1023 1832 illis
1052 1770 1150 1832 vero
1179 1751 1251 1859 qui
1280 1751 1322 1830 in
1351 1751 1506 1831 octauis
1534 1752 1711 1859 ipsarum
1728 1747 2068 1829 eandemecclesian

322 1863 609 1951 uenerabiliter
637 1865 888 1943 visitauerint
917 1863 1125 1943 annuatim
1154 1859 1423 1970 quadraginta
1467 1863 1552 1943 dies
1581 1860 1631 1942 dc
1674 1862 1854 1941 iniuncta
1893 1860 1961 1940 sibi
1984 1859 2070 1965 peni·

320 1976 449 2056 tentia
477 1973 786 2057 misericorditer
819 1974 1043 2056 relaxamus
1093 1975 1239 2053 Datum
1284 1972 1445 2054 viterbii
1478 1973 1623 2085 quinto
1651 1972 1750 2054 Jdus
1777 1971 1877 2081 junii
1905 1966 2070 2081 pontificu·

322 2103 390 2168 tus
417 2086 547 2168 nostri
576 2113 685 2188 anno
713 2100 872 2196 quarto,

325 2323 460 2472 '534
949 2337 1114 2447 '1268
1162 2341 1211 2446 d.
1260 2338 1327 2446 31
1381 2339 1480 2446 Jul.
1807 2316 2071 2485 Linltbping.

402 2560 482 2626 aista
503 2560 635 2628 nasses
661 2560 868 2648 iLinbdpiug
888 2561 1067 2657 Gdlvobrel
1082 2562 1124 2648 pa
1145 2559 1398 2647 Bislopstionden
1420 2562 1459 2623 as
1474 2561 1557 2623 Huw
1576 2560 1626 2622 till
1646 2581 1686 2623 en
1706 2557 1880 2624 Prebcnda.

1834 2670 1865 2727 B.
1883 2673 1907 2728 3:
1927 2669 1976 2740 ¹³4·

349 2909 352 2916 .
487 2811 551 2926 Hc
580 2871 590 2890 .
625 2873 634 2893 .
664 2809 730 2921 dej
751 2813 894 2922 gracia
922 2811 1164 2922 lincopensis
1192 2811 1406 2920 episcopus
1433 2811 1629 2892 uniuersis
1657 2825 1866 2919 presentes
1889 2808 2019 2888 litteras
2027 2803 2071 2912 jn·
2149 2851 2150 2864 ψ

317 2924 531 3034 spectaris.
560 2921 726 3004 salutem
755 2926 798 3004 in
829 2921 995 3004 domino
1024 2922 1225 3028 Quoniam
1254 2921 1437 3002 redditus
1465 2923 1636 3003 canonic
1650 2921 1817 3003 ecclesie
1833 2935 1964 3000 nostre
1985 2941 2069 3026 quan

319 3035 557 3144 prepositus
583 3033 854 3142 jngemundus
884 3034 1059 3115 eiusdem
1078 3035 1155 3116 loci
1170 3028 1296 3114 felicis
1312 3035 1499 3112 memorie
1514 3033 1651 3114 diuine
1667 3031 1950 3113 retribucionis
1960 3026 2073 3138 jntuitu

140 3191 145 3198 ·
275 3239 279 3246 ,
318 3146 547 3254 jnauorum
575 3146 846 3227 remissionem
877 3160 1138 3253 peccatorum
1168 3143 1378 3240 fundauit,
1408 3144 1559 3225 exhiles
1587 3137 2076 3224 nimis&minussullicicn·

318 3269 381 3338 tes
410 3253 463 3337 ad
492 3258 830 3338 sustentacionem
857 3283 1027 3364 persone
1057 3255 1210 3365 jbidem
1223 3255 1406 3364 jnstitute
1435 3263 1474 3334 8<
1503 3257 1694 3335 canonice
1710 3255 1788 3334 sibi
1814 3250 2077 3337 succedencium

321 3366 545 3450 extiterunt
574 3370 658 3449 Nos
686 3396 737 3448 ex
759 3367 928 3449 oonsilio
957 3371 996 3446 8t
1024 3393 1222 3449 consensu
1251 3367 1418 3474 capituli
1447 3367 1574 3446 nostri
1604 3367 1781 3449 decimas
1802 3361 2032 3476 episcopales
2044 3357 2078 3438 de

319 3479 420 3560 huw
444 3477 551 3559 dicte
581 3478 786 3586 prebende
814 3477 1103 3587 jnperpetuum
1131 3476 1319 3558 duximus
1355 3475 1623 3558 annectendas
1646 3478 1926 3560 Concedentes
1951 3490 1991 3552 vt
2015 3497 2079 3579 per·

319 3617 421 3673 sona
448 3590 493 3668 in
521 3588 660 3669 eadem
689 3591 772 3686 rite,
804 3594 843 3669 8r
872 3589 1092 3671 secundum
1129 3588 1298 3668 formam
1343 3617 1543 3668 canonum
1587 3617 1663 3696 pro
1707 3604 1893 3698 tempore
1932 3585 2080 3695 jnstituta

320 3699 449 3784 dictas
477 3699 651 3781 decimas
680 3699 868 3808 exigendi
897 3699 1112 3808 colligendi
1142 3701 1249 3780 &in
1279 3727 1372 3778 usus
1400 3726 1493 3780 suos
1523 3701 1631 3780 omni
1648 3700 1937 3811 cuiuscumque
1964 3693 2081 3804 inficia-

321 3813 438 3896 aione
466 3839 537 3893 seu
565 3812 795 3919 calumpnia
825 3828 975 3890 remota
1007 3808 1270 3891 conuertendi
1302 3809 1467 3890 liberam
1497 3809 1643 3890 lrabeat
1661 3808 1895 3891 facultatem
1924 3811 1971 3888 Jn
1998 3805 2082 3886 cuius

191 4015 202 4032 ,
321 3925 381 4006 rei
405 3923 678 4004 testimonium
706 3949 873 4031 presens
902 3923 1093 4028 scriptum
1124 3938 1204 4000 tam
1235 3921 1370 4027 sigillo
1398 3938 1539 4016 nostro
1582 3951 1703 4031 quam
1740 3921 1909 4029 capituli
1939 3917 2084 3998 ¹fecimus

200 4075 204 4091 ·
321 4036 510 4118 roborari
540 4038 691 4115 Datum
719 4033 908 4142 lyncopie
938 4060 1043 4112 anno
1073 4027 1227 4136 dominj
1257 4031 1483 4114 lll⁰.CC.LX
1526 4049 1705 4115 octauo»
1728 4033 1793 4114 die
1823 4033 2004 4143 proximo
2018 4050 2084 4135 pre·
2144 4085 2150 4117 Α

322 4147 482 4231 cedenti
511 4143 563 4228 ad
592 4145 754 4227 vincula
784 4145 910 4225 sancti
937 4145 1054 4254 petri.

197 4545 205 4557 ,
329 4379 462 4510 aas.
913 4525 917 4534 .
982 4401 1126 4509 [268
1175 4347 1303 4509 aa
1351 4322 1464 4506 os.
1883 4517 1887 4525 Α
1957 4399 2086 4500 nus.

2003 4499 2019 4542 d

406 4621 524 4701 Poena,
545 4625 712 4702 loannes,
735 4625 864 4686 Maenas
886 4623 946 4686 och
968 4625 1085 4702 Baros,
1116 4625 1213 4688 Joaan
1239 4623 1359 4686 Euoras
1379 4626 1483 4684 adners
1503 4621 1688 4684 stadsa'stelse
1709 4619 1749 4704 pal
1771 4619 1861 4682 denas
1883 4619 1997 4682 broder
2015 4615 2090 4675 casus

459 4707 550 4786 galfus
573 4707 610 4768 af
624 4708 822 4774 Wentabrun
842 4707 891 4768 till
912 4707 1100 4770 Skolloster.
1771 4787 1797 4840 A
1825 4785 1841 4839 3
1868 4785 1888 4838 b

1800 4824 1806 4837 .
1843 4822 1849 4836 ·
1889 4799 1946 4838 .1t
1963 4799 1985 4836 Β.

493 4863 700 4970 Uniuersis
728 4891 866 4971 christi
896 4887 1080 4972 fidelibus
1111 4903 1337 4996 presentem
1366 4887 1541 4969 litteram
1559 4888 1810 4996 inspecturis.
1839 4875 2094 4967 Fulcoarclni·

325 4999 520 5082 diaconus
550 5000 778 5108 upsalensis.
809 5000 1020 5082 lohannes.
1052 4999 1230 5110 Magnus.
1261 4997 1499 5084 Benedictus
1528 4997 1722 5080 lobannis
1750 4988 2093 5108 Angeliquondam
