4384 5946
304 393 374 468 η.

97 625 99 634 ,
142 592 146 598 ·
253 532 420 624 laudium
443 554 481 618 at
504 537 681 619 Jamtiam
705 551 881 642 spectant,
906 537 992 618 licet
1010 529 1073 618 'bre
1097 541 1307 645 provincie,
1319 567 1398 622 revo
1421 539 1530 650 hujus
1553 523 1674 656 op'eris
1698 540 1856 622 ¹ambitui
1873 494 2060 640 demenso,

254 690 332 741 non
356 687 499 762 semper
531 681 616 734 cum
635 659 759 762 petria
785 665 976 766 conjuncta
1007 659 1156 736 fuerint.
1206 661 1334 765 Neque
1367 675 1488 741 temen
1513 661 1588 739 buo
1612 663 1810 740 referende
1834 679 1920 744 sunt
1946 665 2061 767 Leg‘es

105 804 109 812 ·
166 785 172 794 ’
256 784 384 884 Regni,
410 775 736 886 provinpioles.vel
760 776 1011 880 municipales,
1037 803 1156 881 neque
1180 803 1289 882 opero
1309 781 1535 882 Scriptorum
1546 805 1670 858 rerum
1689 781 1931 871 Suecicorum,
1952 785 2062 886 quip-

256 927 303 1004 pe
328 923 416 1026 qum⁴
434 891 576 1018 edenda
602 900 675 1000 jum
699 895 762 969 ulii
787 897 1016 1013 antiquitatis
1040 910 1203 972 amantes
1228 895 1300 972 sibi
1324 899 1573 1004 injunxerunt.
1664 969 1667 980 ,

409 1079 550 1188 Ordine
574 1076 826 1182 chronologico
849 1079 1097 1183 disponuntur
1122 1095 1201 1157 acu
1228 1084 1324 1158 intra
1350 1061 1551 1185 quodlibet
1579 1083 1770 1173 volumen,
1808 1051 1966 1189 quorum
2003 1086 2063 1160 in·

158 1213 161 1220 ’
257 1225 421 1308 sequens,
445 1199 513 1274 ubi
531 1197 741 1300 precedens
765 1198 885 1286 desiit,
911 1199 1060 1301 incipit,
1085 1226 1168 1303 quoe
1194 1227 1281 1292 vero
1307 1203 1514 1278 vetustioris
1538 1215 1624 1279 sunt
1644 1205 1761 1280 eutis
1776 1216 1814 1278 ct
1837 1205 1979 1290 ¹interea
1995 1229 2062 1306 po-

259 1326 389 1418 sterius
415 1316 662 1404 offenduntur,
686 1337 728 1392 ea
753 1318 920 1418 proxime
944 1317 1092 1393 exeunti
1109 1315 1299 1394 ¹uolumini
1323 1321 1511 1421 premissa
1536 1334 1656 1398 erunt.

414 1503 568 1580 Initium
593 1502 636 1576 tit
659 1499 707 1576 ab
731 1502 1005 1606 antiquissimis,
1030 1527 1114 1605 quae
1139 1505 1299 1598 inveniri
1324 1516 1485 1606 possunt,
1510 1517 1558 1593 et,
1583 1506 1614 1579 si
1638 1529 1762 1580 rerum
1788 1502 1881 1581 ratio
1912 1508 1964 1580 ita
2003 1521 2087 1582 tu--·

262 1627 356 1710 lerit,
383 1620 591 1723 proceditur
603 1643 717 1722 usque
742 1619 790 1694 ad
813 1635 969 1722 tempus,
983 1619 1166 1723 quoepud
1191 1646 1257 1697 nos
1282 1621 1508 1700 Reformatio
1525 1622 1734 1700 Lutherana
1759 1623 1966 1718 introductu
1981 1624 2063 1699 fuit.
2130 1713 2132 1718 ¹

413 1811 517 1900 licta¹
531 1806 739 1892 vetustiora,
765 1809 796 1880 si
822 1805 915 1881 forte
940 1805 1222 1893 offenderentur,
1242 1831 1346 1909 que,
1359 1773 1445 1884 licet
1458 1779 1698 1911 permagniin
1715 1807 1876 1884 Historia
1897 1833 2063 1885 momen·

262 1932 304 2019 ti,
330 1927 477 2031 proprie
512 1949 598 2018 vero
637 1947 705 1997 nco
731 1918 1103 2024 'Diplor'natario'ncc
1126 1915 1307 2002 volumini
1335 1927 1560 2027 Scriptorum
1585 1951 1709 2000 rerum
1734 1927 1962 2001 Suecicarum
2007 1931 2065 2004 in·

115 2125 119 2134 ,
260 2049 332 2124 seri
359 2069 462 2147 posse
487 2041 693 2129 videantur,
718 2039 959 2152 nihilotamen
983 2043 1108 2118 minus
1132 2058 1175 2118 ut
1200 2043 1450 2122 additamenta
1476 2045 1622 2120 cuidam
1637 2043 1816 2144 volumini
1835 2043 2063 2120 edendorum
2185 2150 2186 2153 Ἴ

250 2167 515 2271 ¹adjungentur
565 2160 657 2235 teu
682 2161 804 2248 etiam,
830 2187 912 2264 quae
938 2160 986 2236 ad
1011 2174 1155 2262 tempus
1180 2163 1357 2264 posterius
1382 2165 1586 2265 pertinent,
1619 2175 1676 2249 ut,
1700 2163 1731 2236 si
1756 2164 1892 2236 occasio
1918 2163 2067 2251 tulerit,

240 2283 325 2358 ”suo
350 2279 479 2356 ordine
504 2247 761 2414 divulgentur,
787 2305 829 2355 eo
855 2279 1029 2355 libentius
1052 2278 1284 2380 colliguntur,
1321 2281 1421 2384 quod
1454 2279 1649 2366 Tabularia
1675 2278 1821 2381 publica
1856 2280 2065 2382 suppleant,

262 2401 328 2478 ubi
361 2401 449 2486 haec,
474 2397 657 2500 praecipue
682 2395 751 2474 sub
776 2396 895 2474 seculo
921 2394 1030 2486 XVI,
1052 2398 1192 2474 lacunis
1217 2399 1395 2476 laborant.

104 2644 114 2661 .
413 2581 657 2686 Autogtapha,
670 2584 1061 2689 quaeadmonussunt,
1073 2587 1244 2688 inprimis
1267 2609 1344 2662 esse
1369 2535 1591 2671 adhibenda,
1606 2607 1721 2687 perse
1733 2597 1843 2686 patet.
1870 2583 1954 2658 Suis
1968 2545 2066 2686 quae-

26 2704 32 2710 ’
143 2766 169 2836 ,'
262 2729 333 2808 que
370 2706 458 2780 locis
484 2729 526 2778 eo
550 2729 694 2806 quoque
718 2701 1071 2804 acta‘adponuntu'r,
1096 2729 1179 2806 quae
1202 2705 1242 2780 in
1268 2705 1427 2806 antiquis
1466 2701 1651 2778 codicibus
1679 2710 1721 2776 :ot
1745 2701 1951 2777 litterarum
1991 2702 2065 2776 col·

264 2820 482 2932 tentionibus
506 2833 662 2909 exstant,
687 2845 843 2924 quorum
870 2845 956 2897 vero
981 2820 1215 2923 autographa,
1240 2821 1326 2896 licet
1353 2819 1522 2920 diligenti
1547 2819 1784 2922 perquirendi
1810 2820 1935 2900 studio¹
1958 2819 2066 2896 adhi-

257 2941 352 3028 ,bito,
377 2952 552 3039 tempore,
578 2965 650 3042 quo
663 2938 835 3015 ‘volumen
861 2939 1002 3014 editum
1028 2937 1242 3024 suitadhuc
1266 2940 1417 3048 reperiri
1431 2962 1505 3012 non
1531 2947 1738 3038 potuerunt.
1765 2938 1830 3012 S'm
1855 2963 1942 3012 vero
1964 2943 2063 3038 post·

115 3131 124 3152 ,
262 3061 333 3135 hnc
357 3057 621 3158 autographum
646 3056 822 3192 ejusmodi
848 3057 1059 3158 diplomatis
1084 3057 1199 3158 recipi
1223 3058 1349 3158 possit,
1376 3049 1555 3132 volumini
1581 3057 1770 3158 proxime
1764 3056 1920 3130 exeunti
1933 3056 2064 3160 adjun·
2119 3043 2126 3060 ’

226 3187 233 3200 ’
263 3179 379 3274 gitur;
404 3178 607 3250 attamensi
633 3179 758 3276 paucis
783 3189 927 3250 tantum
952 3172 1269 3276 emendationibus
1294 3197 1385 3274 opus
1410 3172 1533 3258 suerit,
1559 3197 1633 3247 non
1659 3173 1804 3249 denuo
1793 3197 1970 3274 impresso
1990 3187 2064 3248 toto

161 3306 171 3365 ·.
255 3292 503 3403 documento,
528 3291 604 3368 hteo
629 3291 857 3370 solummodo
881 3271 1095 3376 afferuntur.
1189 3401 1191 3409 Α
2080 3291 2082 3295 ’

261 3459 274 3547 '-
417 3441 643 3560 Documenta
666 3505 712 3554 ex
737 3477 866 3563 ordine
890 3481 977 3564 huic
1003 3439 1106 3588 operi
1128 3478 1290 3586 propria,
1315 3481 1389 3584 jam
1410 3501 1498 3562 vero
1525 3477 1566 3559 in
1591 3451 1913 3579 Patriaimpressa,
1926 3475 2063 3553 nihilo-

50 3655 53 3665 .
125 3647 131 3654 ,
266 3613 390 3673 tamen
410 3600 539 3674 minus
563 3624 671 3701 opere
696 3579 895 3700 designato,
863 3611 965 3674 oex
992 3625 1064 3702 quo
1089 3601 1213 3724 petitm
1238 3599 1386 3684 luerint,
1425 3597 1500 3673 suis
1538 3620 1690 3699 quaque
1727 3597 1816 3670 locis
1844 3597 2065 3684 inseruntur.

265 3715 407 3791 Eadem
431 3741 575 3820 quoque
599 3717 693 3791 ratio
716 3714 942 3794 observanda
970 3721 1041 3794 crit
1066 3717 1229 3809 actorum
1254 3716 1419 3796 sueciam
1444 3717 1696 3816 spectantium,
1709 3738 1790 3816 quae
1804 3715 1843 3788 in
1863 3715 2065 3789 Auctdrum

181 3849 187 3858 '
266 3847 473 3940 enterorum
498 3832 604 3912 libris
628 3835 872 3942 reperiuntur,
901 3833 1056 3937 quorum
1078 3835 1250 3938 quamvis
1275 3833 1535 3992 autograpba'
1524 3859 1616 3962 pam
1622 3836 1720 3909 intra
1745 3831 1836 3907 fines
1861 3833 1964 3931 regni
1991 3833 2074 3905 fluv

266 3965 340 4027 stra
365 3975 617 4055 quareremus.
2109 3963 2111 3966 ’

419 4137 551 4212 bnte'
540 4161 663 4238 1psum
686 4159 784 4239 opus·
801 4138 840 4212 in
867 4139 997 4240 quovis
1022 4135 1209 4214 volumine
1232 4133 1425 4214 indicandi
1449 4117 1535 4212 sunt
1558 4136 1641 4224 loci,
1667 4109 2011 4242 quibusarchetypa
2025 4138 2065 4209 iu
2180 4135 2186 4144 ’

189 4283 194 4292 ·
268 4231 375 4328 usum
399 4267 565 4332 nostrum
588 4279 760 4332 conversa
786 4268 989 4343 servantur,
1014 4257 1162 4336 notione
1184 4257 1296 4340 etiam
1319 4259 1564 4360 cujuscunque
1588 4253 1725 4332 codron
1737 4253 1797 4331 vel
1822 4254 2066 4374 diplomatum

65 4435 72 4450 ,
180 4468 184 4478 1
268 4373 429 4472 corporis
452 4371 613 4454 adhibiti
637 4375 810 4478 exposita.

420 4558 540 4659 Atque
560 4583 690 4636 omncs
713 4557 866 4661 quidem
892 4557 1121 4635 collectiones
1145 4573 1183 4635 et
1208 4557 1349 4634 codices
1375 4557 1417 4635 iu
1440 4555 1575 4646 tabula,
1601 4557 1752 4638 cuilibet
1781 4556 1962 4635 volumini
1975 4579 2070 4656 prae.
2132 4555 2134 4562 ⁴
2191 4558 2192 4595 ι

275 4676 396 4762 missa,
421 4675 644 4753 notabuntur
663 4677 807 4764 litteris,
830 4675 963 4780 quibus
988 4691 1111 4780 postea
1137 4673 1327 4768 brevitatis
1352 4673 1474 4754 studio
1499 4677 1540 4753 in
1565 4673 1728 4754 fontibus
1744 4711 1748 4719 ·
1767 4673 2069 4780 documentorum
2191 4660 2192 4669 Ν

248 4791 506 4892 designandis
531 4796 680 4908 utimur.
1156 4823 1159 4830 ’

182 4905 189 4922 ’
373 4949 378 4956 ·
638 4919 642 4928 ’
1932 4913 2018 4988 Post
