4368 5950
786 477 1203 562 ..217-

103 719 227 790 so1.
726 722 879 792 1220
925 685 974 790 d.
1023 685 1091 790 31
1143 685 1266 789 Dec.
1487 744 1493 773 ι
1656 683 1886 795 Lateran.
2005 717 2010 732 '

167 901 262 967 rur.
283 841 526 985 1101011011115
545 903 598 970 till
619 903 755 972 sve-t·
776 906 1011 993 mapa
1029 925 1081 969 om
1101 899 1405 990 cadmi-tegnam
1415 900 1887 973 Guaoaumkmtotffi'mot·
1991 934 1995 946 ,
2127 892 2131 910 '

220 985 356 1070 m
1554 1087 1557 1094 ¹
1597 1105 1754 1180 Larga.

219 1213 458 1325 ΙΝ1101101101
485 1243 552 1324 Pu
634 1239 799 1324 Tertius
827 1240 933 1325 Oloo
960 1242 1267 1356 Arcbupiscopo
1293 1239 1889 1356 VpsolousiEtSvffragoocis
2009 1346 2014 1354 1

285 1359 389 1452 crus,
422 1356 463 1437 81
491 1355 535 1434 Α
557 1351 735 1450 batibus,
764 1355 995 1452 Prioribus,
1026 1359 1066 1440 &
1093 1358 1186 1438 aliis
1214 1353 1486 1438 Ecclesiarum
1513 1353 1705 1436 Praelutis
1732 1357 1775 1434 in
1805 1357 1888 1468 Vp-

284 1466 433 1546 suomi·
457 1467 679 1549 Prouincio
705 1472 940 1548 constitutas.

250 1607 435 1717 Svseepti
464 1635 562 1689 cura
590 1610 814 1718 regiminis,
848 1639 940 1723 quae
968 1637 1043 1691 nos
1072 1609 1259 1692 omnibus
1288 1609 1499 1692 constituit
1528 1605 1734 1693 debitores
1760 1634 1888 1718 expo·

90 1719 177 1816 scit,
207 1732 253 1801 vt
280 1721 354 1832 qui
382 1717 563 1800 officium
591 1711 867 1830 Speculatoris
896 1723 1200 1831 assumpsimus,
1228 1747 1315 1804 non
1330 1721 1461 1804 solum
1482 1718 1535 1804 ad
1564 1747 1699 1830 prope,
1722 1719 1889 1828 positos,

91 1829 156 1914 sed
185 1827 389 1914 etiamad
418 1829 539 1941 longe
574 1833 728 1942 positos
764 1853 911 1936 nostrae
945 1831 1230 1915 sollicitudinis
1281 1835 1406 1915 aciem
1442 1830 1724 1928 extendamus,
1760 1827 1888 1912 aede

88 1968 182 2052 agro
214 1943 427 2025 Donumeo
456 1940 688 2025 studeamus
717 1946 921 2056 extirpare
950 1943 1151 2056 plantaria
1179 1944 1391 2040 vitiorum,
1419 1970 1471 2024 ne
1499 1941 1605 2028 forte
1627 1941 1708 2024 illis
1722 1969 1798 2051 per
1811 1967 1888 2022 no·

87 2070 218 2134 stram·
239 2055 439 2138 incuriam
467 2054 808 2154 excrescentibus,
837 2056 956 2138 nobis
985 2058 1115 2167 possit
1129 2053 1316 2165 adaptari
1330 2055 1443 2165 quod
1465 2055 1626 2164 legitur.
1655 2056 1731 2135 Per
1745 2080 1889 2162 agrum

85 2164 258 2248 hominis
285 2166 396 2276 pigri
422 2166 612 2263 transiui,
642 2171 683 2250 &
710 2196 805 2250 ecce
830 2167 968 2249 vrticae
994 2167 1259 2280 repleuerunt
1274 2194 1386 2262 eum,
1414 2172 1455 2248 81
1482 2182 1733 2276 operuerunt
1746 2161 1892 2246 facicm

84 2277 168 2358 eius
195 2277 337 2388 spinae.
365 2279 472 2384 Quia
501 2304 600 2360 vero
627 2277 814 2360 humanas
841 2277 1083 2361 conditionis
1111 2295 1259 2362 natura
1287 2306 1371 2360 non
1398 2279 1568 2388 patitur,
1610 2293 1655 2355 vt
1750 2303 1773 2358 r
1813 2277 1890 2358 nos

83 2388 191 2498 ipsos
221 2409 368 2470 cuncta
396 2385 515 2470 nobis
543 2389 791 2474 imminentia
820 2417 1087 2502 exequamur,
1115 2388 1300 2500 exemplo
1329 2391 1414 2470 eius
1442 2389 1635 2500 quicum
1670 2417 1695 2470 v
1727 2386 1822 2498 ique
1835 2387 1890 2469 sit

82 2526 264 2608 praesens
291 2501 462 2612 spiritus
490 2499 669 2611 Angelos
696 2530 792 2584 suos
820 2500 934 2601 sacit,
962 2507 1003 2584 81
1032 2504 1076 2583 in
1103 2499 1265 2584 diuersa
1293 2502 1513 2584 ministeria
1530 2500 1652 2582 mittit
1665 2497 1772 2596 illos,
1800 2488 1891 2582 aliis
1991 2551 2002 2570 κ

83 2636 129 2692 ea
157 2612 399 2724 exequenda
428 2615 736 2710 committimus,
764 2642 856 2727 quae
884 2643 958 2724 per
985 2641 1060 2698 nos
1086 2617 1197 2724 ipsos
1226 2612 1373 2723 exequi
1399 2640 1485 2696 non
1505 2610 1704 2708 valemus,
1732 2610 1888 2692 maiora

79 2724 321 2821 maioribus,
351 2740 477 2833 prout
504 2729 610 2808 ratio
638 2725 891 2835 singulorum
922 2725 1155 2838 expostulat
1183 2725 1489 2808 committentes.
1522 2724 1579 2802 Vt
1593 2723 1719 2832 igitur
1732 2721 1777 2803 in
1790 2747 1888 2832 pers

77 2831 178 2916 sona
210 2835 298 2914 eius
327 2863 447 2946 quem
477 2834 530 2918 ad
558 2863 631 2922 vos
660 2833 862 2920 destinare
891 2840 1122 2920 curauimus
1151 2836 1309 2952 plenius
1325 2841 1552 2946 agnoscatis
1623 2831 1689 2914 am
1702 2835 1742 2916 81
1815 2859 1887 2950 ans

75 2959 159 3026 tam
191 2945 246 3027 de
273 2947 391 3028 vobis
418 2945 731 3030 sollicitudinem
759 2949 987 3048 habeamus,
1016 2977 1113 3032 ecce
1137 2941 1328 3034 mittimus
1356 2947 1410 3030 ad
1437 2974 1509 3029 vos
1543 2864 1734 3046 ddictum
1783 2943 1885 3026 lium

76 3073 267 3142 nostrum
295 3057 542 3169 Gregorium
584 3057 636 3143 de
678 3061 909 3158 Crescentio
954 3062 1093 3146 Sancti
1121 3053 1328 3154 Theodori
1356 3059 1587 3143 Diaconum
1625 3053 1882 3138 Cardinalem

76 3168 330 3278 Apostolicae
358 3169 472 3252 Sedis
500 3171 718 3280 Legatum,
747 3173 879 3254 virum
908 3174 1049 3284 vtique
1083 3171 1300 3284 prudentia
1316 3176 1356 3251 81
1369 3172 1581 3252 honestate
1603 3167 1883 3277 conspicuum,

73 3307 122 3363 ae
151 3276 276 3363 nobis
305 3281 411 3362 inter
439 3298 605 3363 caeteros
634 3281 782 3364 fratres
809 3298 971 3367 nostros
999 3286 1081 3366 suis
1109 3276 1582 3390 meritis'exigentihuss
1613 3279 1789 3366 ecialiter
1817 3305 1885 3380 ca·¹

71 3419 164 3472 rum
196 3393 412 3496 commisso
441 3392 518 3473 sibi
538 3383 678 3501 ⁸plenae
707 3395 921 3502 legationis
956 3393 1111 3492 officio,
1138 3398 1179 3474 &
1208 3418 1394 3474 concessa
1437 3391 1515 3472 sihi
1558 3309 1738 3500 plenaria
1767 3405 1884 3500 pote·
1979 3489 1987 3496 Ι

68 3519 176 3584 state
207 3518 255 3582 vt
283 3503 430 3586 euellat
456 3511 495 3586 81
524 3501 716 3602 desnuat,
745 3503 913 3586 aedificet
941 3523 1065 3618 atque
1093 3505 1270 3696 plantm,
1301 3520 1427 3614 prout
1454 3529 1625 3632 quaeque
1660 3497 1884 3584 secundum

68 3611 211 3701 datam
239 3613 318 3695 sibi
346 3643 369 3695 a
398 3616 486 3698 Deo
515 3613 774 3724 prudentiam
792 3614 949 3706 uiderit
964 3615 1094 3700 facien
1124 3646 1157 3696 a.
1187 3613 1364 3729 ideoque
1385 3615 1638 3713 uniuersitati
1651 3630 1795 3694 vestrae
1807 3641 1884 3722 per
1950 3667 1955 3674 -

68 3723 315 3838 Apostolica
344 3726 494 3834 scripta
523 3725 690 3806 firmiter
718 3725 994 3837 praecipiendo
1023 3725 1281 3821 mandamus,
1309 3743 1510 3836 quatenus
1537 3728 1689 3835 ipsum,
1717 3725 1800 3805 imo
1814 3749 1883 3803 ve-

67 3837 153 3925 rius
188 3863 268 3917 nos
297 3837 339 3918 in
368 3837 459 3946 ipso
486 3835 728 3947 recipientes
756 3836 937 3920 hilariter
966 3843 1006 3922 &
1034 3837 1256 3919 honorifice
1284 3839 1602 3946 pertractantes,
1631 3834 1762 3918 eidem
1789 3849 1881 3914 tan·

39 3967 199 4060 ‘quam
234 3973 418 4056 personae
446 3963 595 4030 nostrae
623 3945 846 4032 intendatis
874 3953 914 4034 &
942 3946 1139 4032 obediatis
1168 3949 1376 4030 humiliter
1404 3954 1446 4029 81
1474 3949 1640 4046 deuote,
1678 3974 1723 4027 ac
1753 3944 1882 4054 ipsius

64 4059 260 4142 salubria
287 4060 439 4142 monita
455 4065 508 4140 ¹&
536 4074 687 4141 statuta
729 4058 1061 4170 irrefragabiliter
1104 4059 1340 4142 obseruatis.
1401 4059 1495 4141 Alio
1526 4061 1598 4140 uin
1638 4055 1881 4158 sententiam
1958 4146 1963 4158 ¹

64 4199 199 4282 quam
234 4170 530 4255 rationabiliter
559 4167 698 4253 tulerit
726 4171 769 4254 in
798 4169 969 4254 rebelles
1011 4173 1268 4281 praecipimus
1311 4197 1437 4282 vsque
1472 4089 1526 4252 ad
1569 4166 1881 4270 satisfactionem

61 4279 324 4390 condignam
352 4279 642 4363 inuiolabiliter
671 4281 891 4366 obseruari.
923 4284 1073 4364 Datum
1102 4281 1292 4362 Laterani
1322 4282 1372 4362 Il.
1401 4277 1565 4362 Calend.
1596 4281 1753 4358 Ianuar.
1768 4303 1879 4359 anno

93 4395 239 4482 uinto.

60 4421 123 4510 q·
318 4541 366 4622 In.
396 4539 527 4620 rodere
557 4538 672 4628 modo
699 4542 1003 4652 Arobiepiscopo
1035 4539 1233 4622 Luodemi
1258 4553 1297 4616 et
1326 4537 1417 4620 aliis
1444 4537 1478 4623 F
1480 4595 1489 4618 .
1526 4563 1563 4616 1:
1593 4535 1657 4616 60.
