4382 5964
791 540 872 572 -ι
961 492 1040 602 577
1151 537 1210 562 ··
1770 597 1775 608 .

119 679 239 882 ¹710.
288 742 293 750 '
764 723 910 844 1281
960 723 1091 834 dd
1135 725 1245 833 lan.
1727 721 1941 856 Slmrn:¹
1994 893 2000 908 Ι

182 951 250 1018 Uar
270 951 447 1020 Ksnusors
468 947 547 1014 ures
562 947 605 1036 pl
626 935 726 1014 ilerd
745 945 795 1011 till
816 947 960 1012 emm
980 945 1136 1012 stam
1552 1027 1589 1084 λ
1606 1027 1633 1085 ⁶
1650 1045 1675 1086 ι
1694 953 1758 1102 'q’
1897 1023 1901 1034 ‚

268 1169 471 1250 Omnibus
500 1177 707 1278 presentes
737 1163 892 1246 litteras
920 1164 1162 1276 inspecturis
1190 1160 1287 1244 Wli
1309 1162 1491 1244 Karlsun
1519 1162 1564 1244 in
1592 1159 1759 1246 domino
1786 1166 1903 1248 Salu-

116 1285 186 1368 tem'
211 1281 375 1364 Teno're
403 1277 659 1390 presencium
693 1291 837 1384 notum
865 1271 1036 1357 facimus
1078 1274 1278 1357 uniuersis
1319 1271 1445 1375 Quod
1487 1300 1562 1356 nos
1608 1272 1775 1358 domino
1822 1276 1904 1360 he·
1976 1329 1988 1350 .

57 1449 63 1456 ·
115 1395 269 1479 dherico
298 1389 496 1501 sliktingh
525 1389 779 1499 presencium
808 1385 1030 1470 exhibitori
1057 1384 1200 1496 predia
1227 1413 1308 1496 que
1335 1383 1532 1467 habemus
1561 1385 1607 1464 in
1633 1386 1770 1483 akaerd
1811 1417 1905 1472 cnm

115 1507 210 1636 agris
239 1503 367 1614 pratis
391 1507 438 1600 ,dt
465 1501 609 1583 ceteris
638 1497 869 1579 attinenciis
902 1498 1010 1578 infra
1038 1525 1152 1606 sepes
1181 1499 1365 1578 &extra
1408 1496 1668 1606 presentibus
1705 1501 1803 1582 viris
1830 1527 1907 1586 no·
2009 1490 2016 1504 ⁸

115 1616 254 1700 bilibus
290 1613 465 1695 Domino
492 1611 544 1692 M.
574 1612 675 1720 Regi
717 1635 921 1691 sweorum
963 1609 1123 1708 illustri,
1152 1612 1193 1688 &
1227 1605 1402 1694 dominis
1443 1606 1608 1690 fulcone
1650 1607 1838 1720 dapifero
1866 1615 1907 1696 Βι

115 1729 285 1841 haquino
313 1721 563 1806 marschalco
591 1723 680 1803 iure
694 1719 940 1804 hereditario
956 1717 1202 1804 conferimus
1216 1746 1264 1802 ac
1278 1732 1481 1832 perpetuo
1495 1715 1739 1831 possidenda
1754 1723 1907 1808 Trana-

96 1840 282 1922 'lerentes
311 1839 354 1917 ln
385 1837 517 1944 ipsum
546 1839 585 1914 ἃ
612 1829 783 1915 heredes
810 1854 904 1911 suos
933 1832 1098 1940 plenam
1138 1857 1217 1943 pro
1247 1832 1433 1918 rietatem
1461 1835 1502 1914 &
1530 1830 1804 1916 omnimodam
1846 1833 1908 1918 fa·

114 1953 296 2034 cultatem
325 1945 433 2028 dicta
462 1942 603 2060 predia
632 1941 801 2052 regendi
828 1940 1034 2028 vendendi
1062 1861 1247 2025 donandi
1273 1938 1550 2028 commutandi
1581 1946 1622 2021 St
1648 1971 1908 2057 quocumque

114 2061 227 2144 modo
255 2057 461 2142 voluerint
490 2083 538 2140 ac
566 2057 747 2164 poterint
792 2051 1013 2138 ordinandi
1056 2056 1108 2140 Jn
1137 2054 1258 2140 huius
1299 2055 1426 2163 igitur
1454 2050 1692 2136 donacionis
1728 2051 1909 2140 testimo·

115 2175 221 2255 nium
248 2169 426 2282 sigillum
453 2182 639 2254 nostrum
668 2193 750 2244 una
765 2191 872 2279 'cum
899 2165 1040 2274 sigillis
1069 2164 1327 2250 dominorum
1354 2159 1683 2274 supradictorum
1711 2165 1910 2278 presenti·

24 2365 29 2375 ,
114 2285 185 2366 bus
213 2298 274 2364 est
303 2306 528 2392 appensum
578 2277 748 2358 Datum
770 2276 893 2356 scaris
935 2303 1045 2357 anno
1086 2275 1240 2364 domini
1281 2275 1640 2364 M⁰.CC⁰.LXXX⁰.
1698 2280 1830 2389 primo
1864 2281 1909 2362 in

113 2409 250 2478 octaua
278 2391 389 2475 beati
407 2389 612 2470 .Johannis
641 2387 812 2496 apostoli
842 2391 882 2467 ἃ
915 2388 1185 2498 ewangeliste.

425 2531 571 2620 sigium,
593 2532 634 2620 pt
655 2509 722 2614 gali
743 2528 803 2591 och
826 2531 954 2614 ljusrddt
975 2532 1067 2596 silke:
1096 2533 1154 2597 Nzo
1180 2551 1192 2592 r
1217 2530 1393 2611 hostfallet,
1416 2550 1434 2592 a
1454 2528 1594 2602 skadadt.

117 2901 248 3054 711.
343 3033 346 3039 Ι
510 2975 513 2982 -
666 2935 673 2943 ’
775 2899 922 3008 rada
972 2898 1110 3009 (1.5Ι
1147 2900 1260 3009 lan.
1370 2871 1378 2890 ⁸
1474 2821 1480 2830 ·
1736 2823 1937 3064 Skara..

76 3176 81 3184 .
194 3125 277 3191 lion.
296 3123 428 3190 Mrem
448 3122 489 3188 12³
509 3109 708 3208 Skyddsbret
724 3118 774 3184 so'r
794 3117 897 3185 Juleta
918 3122 1042 3185 kloster.
1561 3201 1599 3260 A·
1615 3201 1642 3265 ³.
1660 3202 1689 3260 h·
1706 3217 1733 3262 a
1751 3203 1798 3260 ⁵⁶¹
1913 3153 1917 3162 .

275 3343 449 3426 thanus
476 3339 545 3450 dej
585 3341 733 3451 gracia.
773 3363 975 3420 sweorum
1019 3337 1320 3450 gothorumque
1354 3333 1452 3420 Rex.
1482 3338 1684 3422 Omnibus
1726 3338 1914 3450 Regnum
2051 3401 2055 3410 .
2092 3369 2111 3418 ᾳ

68 3475 74 3486 ·
107 3451 229 3538 suum
257 3451 545 3562 jncolentibus.
575 3454 752 3563 graciam
781 3476 871 3530 cum
901 3447 1031 3529 salute
1056 3450 1263 3554 Quoniam
1291 3449 1433 3530 diuina
1450 3448 1720 3640 prouidencia
1740 3454 1784 3534 in
1807 3452 1913 3533 hanc
1976 3493 1985 3509 =

108 3593 225 3650 suam
252 3563 429 3674 graciam
456 3590 532 3644 nos
560 3564 735 3646 vocauit.
764 3575 810 3642 vt
837 3559 994 3667 terrcnj
1010 3561 1140 3668 Regni
1168 3559 1344 3644 culmine
1372 3559 1452 3642 sub
1466 3561 1621 3645 imatos.
1656 3561 1792 3645 multis
1820 3589 1914 3670 pre·
2092 3567 2097 3580 '

109 3677 239 3760 ferret
262 3673 515 3758 mortalibus.
544 3690 731 3756 tenemur
758 3676 800 3752 ts
827 3695 903 3750 nos
928 3671 1018 3751 vice
1045 3668 1198 3754 debita.
1227 3672 1417 3753 omnibus
1431 3673 1475 3753 in
1490 3674 1633 3784 Regno
1659 3689 1801 3756 nostro
1814 3701 1914 3755 con·

107 3790 276 3872 stitutis.
304 3788 474 3868 maxime
503 3785 727 3896 Religiosis
757 3778 950 3890 ampliare
977 3779 1108 3864 modis
1135 3783 1326 3863 omnibus
1352 3783 1612 3866 Libertatem.
1657 3785 1913 3868 vniuersitati

107 3915 247 3984 vestre
275 3895 450 4008 proinde
477 3895 639 3979 Terrore
673 3895 947 4004 presensoium
988 3891 1239 3975 declaramus
1267 3921 1343 3976 nos
1371 3893 1517 3978 fratres
1543 3894 1590 4005 jn
1626 3893 1844 4004 julutbum.
1873 3901 1915 3977 a

106 4013 223 4094 bona
251 4035 393 4091 eorum
426 4035 519 4090 cum
546 4007 716 4116 singulis
753 4007 810 4087 eis
852 4004 1132 4086 attinentibus.
1174 4004 1329 4088 villicis.
1370 4005 1538 4088 colonis.
1566 4011 1607 4088 &
1635 4005 1914 4090 familiaribus.

104 4123 191 4205 sub
220 4120 484 4231 protectionis
513 4134 651 4201 nostre
682 4117 879 4227 recepisse
914 4113 1135 4224 presidium
1178 4117 1362 4226 speciale.
1421 4117 1487 4198 ita
1521 4116 1636 4228 quod
1676 4120 1931 4231 quicunque¹

104 4233 250 4318 dictis·
263 4229 458 4316 iratribus
486 4231 554 4312 vel
580 4229 634 4313 ad
660 4231 770 4339 ipsos
802 4225 1105 4338 pertinentibus
1132 4226 1321 4339 iniuriam
1364 4253 1444 4308 ser.
1473 4223 1649 4340 aliquam
1692 4229 1915 4334 molestiam
2063 4261 2081 4285 ·

14 4343 19 4350 ’
103 4346 378 4456 presumserit
407 4339 589 4428 indebite
618 4342 814 4450 irrogare.
843 4340 1025 4422 strictam
1053 4357 1190 4420 nostre
1217 4333 1578 4422 ammanusmonis
1606 4340 1779 4423 euitabit
1822 4341 1916 4424 nul·

105 4459 276 4537 latenus
304 4451 513 4534 ulcionem.
540 4468 587 4533 vt
615 4452 741 4561 igitur
769 4448 927 4562 prefata
953 4448 1120 4532 libertas
1150 4449 1203 4530 ab
1233 4449 1421 4531 omnibus
1442 4448 1693 4561 jnuiolabilis
1706 4451 1913 4534 habeamr.

86 4578 348 4680 'presentem
375 4561 591 4646 scedulam.
619 4563 743 4674 sigilli
769 4563 898 4643 nostri
927 4563 1147 4642 munimine
1174 4557 1421 4644 roboratam.
1457 4561 1576 4646 dictis
1615 4561 1811 4645 iratribus
1838 4563 1915 4648 du·

71 4679 251 4762 'ximus
278 4671 588 4756 concedendam.
616 4677 766 4757 Actum
780 4674 914 4762 scaris.
947 4699 1056 4754 anno
1078 4671 1244 4782 dominj.
1276 4672 1439 4755 M·cc·.
1469 4673 1745 4788 octogesimo.
1767 4676 1914 4762 Primo.

98 4792 267 4874 Nonas·
295 4785 488 4891 januam·
561 4891 616 4956 Ea
636 4853 743 4977 stycke
758 4893 799 4958 ,al
815 4891 927 4974 sigillet
953 4889 1149 4976 qvarh‘tnger
1169 4895 1180 4954 i
1202 4839 1475 4988 blillinnetrider.

265 5095 314 5156 ss.
332 5088 454 5162 napum.
850 5115 853 5122 .
1213 5127 1216 5134 .
1392 5175 1393 5178 q
1686 5060 1736 5165 73
