4404 5960
813 497 887 529 ....·
981 460 1062 569 337
1187 489 1230 528 .·.

59 665 64 675 i
131 689 171 790 iu
199 684 421 794 presencia
469 612 625 767 domini
668 683 774 791 regis
815 679 890 791 filij
933 681 1076 789 nostri,
1121 696 1171 762 et
1206 695 1363 764 nostra.
1406 697 1448 763 et
1482 681 1590 766 bone
1631 687 1829 766 memorie
1847 683 1921 768 do·

134 799 238 882 mini.
282 798 316 878 J.
362 796 571 907 quondam
621 791 915 902 archiepiscopi
964 791 1183 904 upsalensis
1232 797 1273 873 &
1318 791 1489 874 aliorum
1530 795 1922 909 quamplurimorum

134 907 430 1018 regnisuethie
459 908 691 1014 insignum
719 900 963 985 obediencie·
981 919 1176 1016 perpetue
1203 901 1406 1012 upsalensi
1435 905 1598 988 ecclesie
1640 905 1764 1014 matrj
1790 923 1923 990 vestre
1961 936 1966 954 ¹
2094 951 2096 960 =

132 1019 179 1104 de
208 1021 534 1106 consilio,.,nostro
563 1033 604 1098 et
632 1011 822 1097 mandato
851 1015 1025 1124 quilibet
1053 1034 1230 1097 vestrum
1259 1015 1332 1124 qui
1358 1014 1503 1123 viginti
1530 1033 1633 1098 esset
1660 1046 1861 1100 annorum
1882 1035 1923 1099 et

129 1157 264 1240 supra.
290 1157 418 1212 vnum
448 1129 659 1212 denarium
694 1142 831 1208 nostre
859 1144 1020 1207 monete
1048 1126 1112 1206 vel
1156 1126 1336 1206 valorem
1377 1124 1555 1209 eiusdem
1596 1128 1764 1238 siugulis
1807 1130 1924 1215 aunis

130 1243 170 1322 in
197 1251 441 1352 perpetuum
475 1238 714 1361 promisistis
751 1238 960 1319 exsoluere
1000 1240 1166 1346 insuper
1207 1252 1249 1317 et
1269 1291 1271 1298 ·
1290 1233 1467 1319 decimas
1501 1265 1727 1350 pauperum
1769 1240 1923 1350 integre

129 1380 203 1464 per
218 1382 344 1434 vnum
361 1363 509 1432 annum
525 1367 618 1432 ante
633 1349 799 1431 terciam
814 1378 888 1459 per
902 1350 1122 1434 triennium
1137 1343 1189 1434 ad
1200 1343 1613 1458 supradicteeeele'sie
1627 1348 1924 1462 edificacionem

128 1461 244 1576 quod
271 1481 316 1545 vt
345 1464 566 1572 plurimum
593 1461 787 1541 miramur
814 1489 897 1543 non
927 1457 1024 1542 dum
1053 1458 1315 1569 persoluistis.
1340 1459 1442 1543 Cum
1471 1486 1545 1540 nos
1560 1458 1701 1544 deceat
1730 1477 1925 1572 etcxpo·
1997 1523 2002 1530 .

127 1589 272 1660 testate
300 1573 419 1655 nobis
446 1603 471 1668 a
498 1568 577 1653 deo
606 1597 796 1654 concessa
823 1569 875 1652 ad
904 1599 980 1652 nos
1008 1571 1208 1681 pertineat
1234 1597 1283 1653 ea
1310 1599 1392 1684 que
1418 1590 1555 1654 sanete
1570 1563 1733 1654 ecclesie
1753 1573 1925 1683 promis·

127 1715 170 1769 sa
196 1701 297 1767 sunt
325 1683 540 1782 roborare,
569 1711 615 1764 ac
643 1680 712 1762 illa
771 1683 933 1791 recipue
960 1711 1041 1792 que
1070 1683 1115 1763 in
1156 1683 1367 1792 presencia
1404 1698 1544 1764 nostra
1572 1700 1615 1766 et
1641 1684 1924 1768 cumconsilio

126 1811 272 1879 nostro
284 1812 325 1877 et
339 1822 538 1878 consensu
559 1793 674 1875 liunt.
700 1793 725 1874 J
755 1820 804 1874 eo
825 1793 940 1878 vobis
955 1795 999 1880 in
1013 1793 1167 1898 uirtute
1181 1792 1417 1880 obediencie
1430 1813 1474 1896 et
1498 1793 1577 1877 sub
1604 1793 1778 1906 optentu
1792 1797 1925 1906 gracie

126 1925 267 1991 nostre
296 1907 464 1989 firmiter
491 1903 767 2016 precipiendo.
797 1901 1035 1988 mandamus
1061 1923 1107 1988 vt
1134 1904 1269 1991 omnia
1296 1901 1528 2017 supradicta
1551 1906 1770 2018 upsalensis
1798 1904 1926 1988 eccle·
2039 1902 2042 1912 ’

129 2021 188 2100 sie
216 2017 389 2100 fideliter
416 2017 666 2128 persoluatis.
697 2031 820 2123 prout
848 2015 1018 2101 dilectus
1043 2033 1242 2125 cognatus
1274 2033 1411 2098 noster
1436 2014 1638 2103 dominus.
1668 2015 1698 2102 f.
1726 2015 1926 2102 archidia-

122 2157 257 2214 conus
285 2127 502 2221 vobiscum,
516 2125 684 2210 'duxerit
709 2124 972 2218 ,statuendum
1006 2127 1112 2212 sieut
1136 2129 1315 2240 graciam
1330 2143 1511 2211 nostram
1538 2129 1582 2214 in
1608 2127 1684 2214 hac
1698 2146 1815 2240 parte
1828 2157 1924 2239 pro·

125 2243 275 2323 mereri
303 2239 513 2324 volueritis
540 2253 580 2319 et
610 2235 939 2346 indignacionem
966 2237 1130 2326 euitare.
1159 2236 1310 2328 datum
1345 2239 1489 2328 Harun
1515 2267 1624 2326 anno
1650 2237 1822 2351 domini.
1849 2241 1925 2334 Μ’.

124 2351 401 2435 CC⁰.L⁰VII⁹.
430 2352 475 2432 in
504 2348 569 2432 die
598 2351 778 2436 omnium
802 2364 1049 2439 sanctorum.

868 2491 995 2584 sigillet
1012 2489 1186 2564 bertlallet

125 2858 267 2990 446.
774 2857 926 2972 ,1258
973 2855 1022 2964 d.
1069 2897 1103 3010 9
1147 2854 1297 2967 Febr.
1693 2857 1925 2970 viterbo,

206 3079 304 3145 Pan.
324 3079 507 3146 neutum
529 3079 601 3148 tva
620 3079 760 3148 tittsrtnd
782 3079 832 3146 l'o'r
852 3080 957 3176 ‘lfysga
977 3077 1359 3180 Hospitallter·Br6derna
1375 3089 1424 3156 ‚att
1442 3075 1539 3152 balva
1558 3071 1655 3181 lister
1674 3079 1737 3144 ccli
1757 3081 1881 3166 borgar.

1558 3194 1795 3262 -dnda

300 3336 543 3416 Atsxannuu
570 3332 786 3442 episcopus
814 3357 959 3424 ,seruus
982 3358 1198 3422 seruorum
1222 3327 1305 3440 dej.
1345 3330 1510 3420 Dilectis
1537 3329 1630 3444 filijs
1654 3393 1669 3424 p
1693 3394 1706 3420 ,
1734 3331 1928 3444 Magistro

113 3458 159 3526 et
192 3442 418 3525 Fratribus
445 3443 666 3554 Hospitalis
690 3445 841 3534 ¹Sancte
864 3441 993 3536 ¹Mario
1021 3441 1368 3534 Theutonieorum
1396 3441 1816 3536 ‚ierosolimitanorum
1859 3445 1929 3527 Sa·
2045 3516 2051 3530 ,

112 3557 250 3638 lutem
285 3570 326 3635 et
351 3554 612 3664 apostolicam
641 3553 976 3650 benedictionem.
1018 3553 1052 3637 F
1053 3555 1188 3640 auoris
1223 3555 1357 3646 nostri
1396 3556 1616 3665 prouenire
1654 3553 1776 3649 decet
1816 3557 1929 3637 auxi·

110 3668 196 3766 lio,
230 3678 287 3746 ut
315 3692 395 3773 que
424 3664 546 3773 digne
569 3694 646 3752 ¹seu
668 3667 776 3748 iuste
802 3666 964 3773 cupitis.
994 3661 1123 3746 libere
1148 3693 1198 3754 ¹ac
1227 3665 1318 3760 ¹sine
1348 3665 1619 3775 trepidatione
1646 3665 1783 3776 aliqua
1809 3667 1929 3777 perfi-

112 3804 215 3860 cere
247 3776 432 3858 ualeatis
475 3777 580 3870 Sane
607 3778 854 3870 munitiones
883 3791 923 3858 et
951 3777 1095 3866 Castra
1119 3772 1299 3888 ‚quedam
1328 3774 1379 3859 ad
1404 3777 1604 3874 ¹honorem
1618 3775 1686 3896 dej
1707 3792 1756 3870 ,et
1778 3777 1928 3858 Sancte

109 3889 314 3970 Romane
345 3887 511 3980 ecclesie
532 3889 643 3982 ¹sieut
664 3890 897 3996 suscepimus
935 3888 1083 3979 tenetis
1109 3889 1151 3970 in
1177 3887 1478 3984 Transmarinis
1504 3903 1547 3982 et
1571 3888 1815 4000 [Cismarinis
1832 3915 1930 4004 par·
2001 3983 2008 3996 .
2074 3907 2080 3917 ‘

109 3999 259 4098 tibus,
291 4025 373 4107 que
398 4023 485 4088 nou
507 3999 644 4088 ,solum
677 3997 846 4108 Paganis
874 3994 1093 4080 sedetiam
1129 3996 1200 4106 alij
1243 3999 1503 4109 quamplures
1542 3999 1727 4095 ¹homines
1762 3995 1929 4111 reprobi

108 4128 156 4194 et
190 4109 389 4221 peruersi
410 4107 575 4202 ,auferre
600 4109 723 4196 ,uobis
748 4137 826 4224 per
850 4107 1091 4204 ¹uiolentiam
1134 4099 1367 4206 moliuntur.
1424 4111 1531 4213 Quia
1562 4136 1666 4206 uero
1692 4109 1745 4206 de
1765 4111 1930 4202 ammis-

106 4224 241 4306 sione
273 4219 547 4312 Muuitlonunr
577 4236 617 4300 et
646 4223 883 4316 ¹Castrorum
923 4221 1113 4329 ,ipsorum
1156 4219 1275 4309 uobis
1308 4237 1353 4312 ¹et
1388 4221 1552 4330 negotio
1594 4217 1688 4316 lidei
1711 4218 1828 4338 quod
1853 4248 1931 4330 per

105 4361 193 4420 uos
226 4335 279 4414 in
307 4329 436 4424 Terra
459 4333 613 4426 §ancta
642 4359 717 4414 nee
744 4359 830 4415 non
857 4333 902 4411 in
928 4331 1102 4428 Liuonia
1128 4345 1173 4428 ct
1200 4332 1365 4420 Pruscia
1391 4357 1462 4418 seu
1491 4331 1813 4442 quibuscumque
1836 4331 1930 4442 ‚alijs

104 4445 221 4528 locis
292 4469 338 4534 er
366 4441 434 4524 dei
463 4443 635 4554 gratiam
663 4441 819 4532 utiliter
840 4458 888 4538 et
915 4459 1106 4552 potenter
1127 4443 1286 4549 agitur„
1309 4468 1441 4552 graue
1456 4440 1712 4552 dispendium
1731 4443 1930 4536 imineset.

103 4559 206 4646 Nos
240 4470 481 4650 deuotionis
505 4572 642 4651 ,uestre
669 4552 860 4665 precibus
881 4553 1077 4649 inclinati.
1103 4568 1154 4650 ‚.ut
1167 4551 1411 4650 lllunitiones
1432 4573 1479 4647 et
1507 4556 1653 4648 Castra
1693 4553 1932 4648 redictadc«
1987 4639 1992 4648 ,

100 4663 311 4762 fendere
336 4665 424 4750 ‚uim
453 4665 496 4749 ui
521 4663 758 4774 repellendo
781 4693 879 4762 eum
902 4664 1110 4773 inculpate
1139 4662 1269 4760 ‚tutele
1291 4663 1569 4764 moderamine
1603 4582 1794 4762 irridetis,¹
1807 4666 1930 4758 uobis

100 4774 378 4868 auctoritate
403 4777 655 4898 presentium
677 4774 940 4874 concedimus
977 4774 1227 4875 facultatem.
1283 4775 1395 4868 Nulli
1416 4795 1521 4886 ergo
1546 4781 1624 4872 &e
1662 4791 1805 4873 nostre
1824 4803 1930 4870 ,corr-

95 4887 326 4974 oessionis
340 4893 413 4971 &c
443 4887 593 4970 Datum
609 4887 785 4996 Viterbij
806 4887 845 4967 V
858 4887 958 4969 ldus
975 4886 1189 4996 Februarij
1203 4887 1464 4988 Pontificatus
1476 4890 1743 4988 ,nostriAtuto
1755 4890 1929 5003 Quarto.

587 5025 755 5110 sryounn
767 5004 946 5108 'euuange-
966 5026 977 5088 ι
998 5024 1077 5090 rsus
1096 5002 1252 5110 ou'gua
1272 5023 1481 5106 sirenosum.
1566 5035 1579 5070 τ
