4406 5966
763 495 1395 588 a-729-,

168 711 302 823 883.
737 722 742 734 '
805 703 958 814 1280
1002 701 1053 810 d.
1097 737 1176 812 tu
1221 701 1360 813 Jun..
1485 817 1491 828 ,
1572 645 1964 861 Ὺονᾶἰηςὺονὲ.

244 931 329 1000 Κοιι.
349 929 441 994 Eunt
462 931 474 991 i
494 927 659 992 Danmark
678 925 832 990 Tittsund
854 926 904 988 [ὃν
924 919 1092 1010 Gripsvald
1113 931 1160 986 ott
1186 919 1240 984 vid
1271 922 1435 992 Falsterbo
1455 915 1572 1008 aiga'en
1593 904 1689 1013 piata,
1702 939 1709 950 '
1721 928 1830 993 beliad
1860 927 1965 1013 vitu,

276 1013 361 1078 ,och
382 1023 442 1092 att,
469 1013 511 1096 pt
542 1010 661 1074 stenes
678 1009 840 1104 marinad
868 1007 970 1074 tmder
1000 1005 1159 1072 fisketiden
1191 1005 1271 1090 vilja
1298 1010 1347 1094 sig
1379 1031 1418 1075 en
1448 1009 1575 1094 fonde,
1608 1031 1676 1074 som
1703 1013 1813 1099 skipar
1841 1017 1966 1081 rutum

297 1096 413 1162 meilen
434 1095 500 1158 sinn
520 1093 690 1158 londsmim

1593 1169 1630 1236 Is
1648 1193 1688 1236 ιο.
1707 1191 1780 1235 ιοιι.
1798 1177 1833 1252 *j

329 1319 379 1400 In
405 1315 570 1398 nomine
599 1313 763 1396 Domini
791 1315 931 1396 Amen.
958 1308 1160 1395 Omnibus
1181 1333 1345 1420 presens
1372 1313 1568 1424 seriptum
1588 1316 1850 1399 cernentibus
1877 1317 1968 1402 Eri·

162 1458 251 1531 ous‚
279 1430 356 1512 Dei
384 1429 515 1538 gratia
543 1427 753 1510 Danorum
780 1425 1075 1536 slavorumque
1104 1449 1195 1518 rex,
1223 1421 1392 1504 sulutem
1407 1427 1450 1508 in
1477 1425 1644 1510 domino
1671 1430 1966 1540 sempiternam

161 1545 316 1627 Notum
343 1538 642 1638 situniversis,
670 1533 782 1653 qvod
811 1562 887 1618 nos
914 1536 1073 1640 dilectis
1101 1534 1221 1616 nobis
1251 1533 1498 1640 oonsulibus
1525 1545 1565 1622 &
1593 1540 1749 1624 civibus
1792 1540 1969 1626 civitatis
2104 1572 2114 1596 ·

161 1649 423 1764 Gripeswold
451 1647 636 1734 dedimus
664 1656 706 1734 &
741 1647 1002 1734 concedimus
1030 1647 1076 1730 in
1104 1663 1214 1729 terre
1256 1646 1427 1728 Sohanie
1455 1649 1499 1730 in
1536 1648 1798 1736 Falsterbode
1839 1648 1970 1766 quen-¹

72 1818 89 1830 ·-
162 1764 256 1852 dam
284 1790 492 1875 eampum,
519 1763 674 1844 Vittam
706 1777 1007 1871 nuncupatum,
1049 1759 1172 1841 situm
1200 1758 1307 1840 inter
1339 1759 1551 1871 antiquum
1578 1762 1809 1870 indaginem
1837 1771 1877 1848 &
1904 1755 1971 1872 oo·¹

162 1877 369 1961 miterium
397 1873 759 1973 Tbeutonioorum‚
781 1879 827 1956 'Sc
856 1871 1110 1960 internatus
1135 1868 1312 1952 maris&
1327 1897 1515 1980 campum
1528 1899 1599 1954 seu
1614 1873 1768 1957 Vittam
1781 1873 1970 1963 Snnden-
2045 1937 2051 1944 -

161 1987 287 2086 tium,
315 2014 407 2070 oum
432 1986 547 2068 omni
574 1985 666 2095 jure
693 1991 736 2070 &
763 1983 953 2068 libertate
981 1980 1191 2096 perpetuis
1218 1983 1475 2091 temporibus
1502 1981 1804 2093 possidendum.
1859 1987 1968 2074 Con·
2021 2065 2024 2075 ,
2121 2071 2125 2088 ,

161 2095 343 2186 sedimus
369 2101 536 2210 insuper
563 2095 714 2208 eisdem
741 2094 981 2181 oonsulibus
1006 2101 1048 2180 &
1075 2091 1347 2202 burgensibus
1371 2093 1414 2174 in
1442 2093 1703 2204 Gripeswold
1721 2095 1889 2180 liberam
1910 2097 1970 2184 fa·
2082 2089 2087 2102 ’

161 2207 354 2296 cultatem
380 2206 433 2292 de
459 2209 545 2295 suis
571 2206 749 2320 eligendi
777 2211 819 2292 &
845 2203 1054 2298 statuendi
1079 2205 1123 2286 in
1151 2201 1347 2286 nundinis
1382 2203 1556 2289 Sohanie
1571 2221 1753 2320 tempore
1781 2209 2009 2328 piscatio-,s

2 2377 14 2388 ·
63 2323 78 2387 -’
161 2323 228 2410 nis
253 2319 527 2422 Advocatum,
554 2320 626 2432 qvi
653 2321 697 2403 in
725 2316 838 2402 dioto
878 2344 1025 2426 campo
1065 2310 1218 2399 habeat
1244 2314 1288 2394 in
1316 2341 1411 2397 suos
1454 2318 1640 2404 connives
1667 2347 1716 2403 ao
1743 2337 1900 2406 eeteros
1927 2325 1972 2408 in
2090 2361 2092 2364 ·
2169 2353 2172 2360 ·

161 2459 237 2518 sue
265 2432 476 2517 advocatia
506 2447 808 2516 commanentes
835 2427 1061 2540 quamlibet
1102 2422 1430 2509 iurisdietionem
1456 2427 1508 2510 de
1535 2429 1620 2512 alto
1647 2433 1689 2514 &
1717 2430 1836 2515 basso
1861 2433 1972 2544 judi·
2177 2429 2186 2436 ’

139 2542 281 2632 -eandi
309 2550 351 2626 &
379 2540 629 2654 corrigendi,
664 2545 708 2625 in
735 2541 866 2624 nausis
906 2535 1186 2650 superioribus
1213 2539 1255 2619 &
1282 2535 1563 2639 inferioribus,
1605 2542 1729 2624 etiam
1769 2548 1972 2649 sententia

162 2657 340 2770 capitali.
368 2654 632 2766 Indulgemus
658 2658 699 2737 &
725 2647 985 2737 oonoedimus
1013 2646 1278 2733 nihilominus
1320 2649 1555 2734 oonsulibus
1582 2655 1623 2736 &
1650 2655 1808 2738 nivibus
1865 2653 1972 2742 redi·

31 2815 39 2832 ν
161 2769 451 2868 convitans,
492 2765 604 2880 qvod
641 2761 793 2849 ibidem
826 2765 870 2845 in
896 2760 1014 2846 dioto·
1050 2786 1197 2870 eampo
1239 2755 1390 2844 nullus
1415 2759 1627 2847 hominum
1669 2763 1800 2850 Bodas
1829 2686 1971 2870 dotat,

160 2881 240 2966 nisi
268 2877 491 2963 advocatus
516 2881 559 2961 &
586 2877 695 2962 eires
774 2872 916 2972 edicti,
944 2875 1116 2984 &qvos
1148 2867 1271 2954 iidem
1314 2873 1500 2956 eonsules
1541 2901 1634 2958 oum
1662 2877 1844 2987 ipsorum
1871 2881 1971 2966 oivi·
2013 2976 2016 2984 p

11 3037 18 3044 ·
156 2991 243 3077 bus
268 2990 371 3074 inibi
401 2989 479 3073 sub
510 3015 701 3072 eoruma
734 2987 893 3100 ropetia
920 2985 1070 3067 morari
1100 2977 1299 3085 &Bodas
1327 2981 1459 3068 facere
1539 2988 1778 3072 ermiserunt
1807 2995 1849 3076 &
1878 3019 1971 3101 per·
2019 3009 2022 3018 ’
2193 3087 2197 3095 ι

164 3104 332 3188 mittunt
360 3127 412 3181 ex
441 3097 584 3180 favore
617 3097 803 3210 speciali,
830 3101 873 3180 &
903 3096 1024 3178 etiam
1066 3088 1218 3175 ibidem
1259 3092 1410 3208 absqve
1452 3014 1712 3182 inAEstatione
1751 3101 1972 3214 cujuslibet

162 3208 511 3300 nostri'advooati
538 3236 631 3291 cum
658 3208 742 3290 suis
770 3205 972 3290 mercibus
1013 3206 1139 3290 libere
1180 3205 1491 3314 permanebunt.
1546 3209 1596 3292 In
1623 3210 1741 3320 eujus
1769 3217 1830 3296 rei
1854 3226 1968 3308 testi.
2043 3279 2050 3292 .

163 3323 346 3410 monium
372 3319 550 3428 sigillum
578 3335 763 3401 nostrum
791 3316 1050 3428 presentibus
1079 3315 1206 3397 literis
1233 3331 1295 3397 est
1321 3343 1559 3429 appensum.
1590 3322 1739 3404 Datum
1754 3325 1968 3418 Wonthin.

164 3435 324 3550 geburg
350 3433 474 3513 Anno
502 3430 666 3516 Domini
692 3425 1036 3516 M⁰CC·LXXX⁰.
1066 3423 1198 3540 pridie
1226 3423 1367 3514 idibus
1396 3431 1525 3532 Junii,
1553 3433 1811 3545 presentibus
1836 3449 1968 3538 consi.

165 3547 290 3637 liariis
317 3543 479 3632 nostris.
800 3563 802 3568 ·
1223 3593 1229 3604 ·
1658 3567 1665 3584 “

37 3873 61 3944 'j
116 3997 121 4004 ·
170 3943 305 4078 884.
463 3944 612 4056 1280
653 3942 704 4052 d.
753 3939 826 4056 26
872 3937 988 4052 Oet.
1035 3938 1110 4090 (i)
1164 3941 1412 4091 1287u
1466 3979 1487 4049 1
1538 3885 1692 4058 Novi
1841 3927 1845 3934 ⁸

248 4169 463 4254 uergmutare
482 4163 546 4232 och
565 4163 651 4234 Reda
670 4167 681 4230 i
701 4163 817 4256 Wisby
836 4123 947 4257 dppne
965 4163 1045 4232 uret
1059 4162 1194 4234 rirende
1213 4165 1329 4234 handel
1349 4167 1361 4230 i
1381 4147 1579 4268 Ordenborg.

1675 4231 1868 4360 stuata¹
2002 4258 2005 4282 ·

222 4429 230 4442 =
333 4385 538 4476 Omnibus
567 4381 620 4469 ad
648 4393 753 4496 quos
779 4409 945 4492 presens
970 4391 1167 4502 seriptum
1194 4384 1381 4498 pervenit
1407 4383 1594 4470 eonsules
1620 4389 1662 4469 &
1688 4407 1899 4474 commuue
1913 4392 1971 4476 oi·

167 4497 306 4582 vitatis
334 4491 615 4605 Wysbioensis
643 4514 727 4579 tam
753 4491 1121 4600 Theotonieornm,
1153 4526 1276 4612 quam
1291 4499 1552 4602 Guttensiurp
1571 4499 1742 4580 salutem
1767 4500 1814 4580 in
1841 4506 1970 4588 omni·
2106 4582 2114 4608 ,

166 4635 236 4691 um
264 4607 476 4692 salvatore.
504 4609 608 4691 Cum
633 4608 739 4692 siout
754 4623 817 4690 est
830 4613 1038 4698 notorium
1065 4626 1306 4696 mercatores
1327 4612 1505 4693 universi
1532 4609 1765 4694 Fiandriam
1780 4608 1971 4722 frequen·

165 4734 298 4803 tantos
327 4723 373 4806 in
386 4717 555 4832 ‘oppido
588 4721 812 4832 Bruggeusi
839 4749 980 4832 graves
1007 4732 1050 4811 &
1075 4724 1206 4810 varies
1234 4750 1364 4838 usque
1385 4723 1468 4834 jam
1482 4723 1764 4810 sustinuerunt
1792 4723 1990 4834 iniurius,¹

206 4965 235 5042 ·)
255 4961 346 5026 Ester
366 4985 406 5028 en
425 4961 609 5034 ridimetiou
628 4963 1004 5053 [stannig-Homerus
1024 4965 1307 5036 Caudi-Arubium.
1390 5005 1395 5014 ·

301 5081 350 5136 ευ.
366 5082 493 5151 nepam
1378 5061 1382 5076 '
1422 5153 1428 5162 ,
1723 5077 1775 5155 9²
