4406 5966
955 441 1011 494 '-
1082 433 1206 537 v728
1321 403 1408 498 -Ι

123 663 126 676 ’
190 715 198 736 t
270 661 391 741 latam
420 675 504 736 esse
531 649 607 734 tibi
632 651 876 754 constiterit,
898 667 992 764 'par
1017 645 1147 736 ‘unum
1193 677 1369 738 mensem
1411 655 1651 740 sustinuerit
1692 663 1836 745 animo
1855 661 2071 768 indurato,

266 796 393 964 :ipsam
423 780 572 846 extunc
600 763 767 870 singulis
794 763 938 846 diebus
967 763 1176 846 dominicis
1206 765 1432 863 &festivis‚
1462 769 1631 874 pulsatis
1652 779 1879 884 campanis,
1902 781 1945 857 &
1973 808 2069 864 can.
2193 833 2199 868 ,

296 879 368 962 elis
383 876 590 970 'accensis,
620 873 749 957 donec
767 901 900 985 'super
928 876 1005 957 hiis
1033 905 1109 958 con
1140 905 1224 958 ruew
1254 877 1507 975 satisfecerit,
1536 888 1941 968 excommunicatam
1994 919 2068 997 pn·
2198 970 2201 985 ,

207 1007 212 1018 “
267 991 373 1075 blica
402 989 644 1085 nunties,·&
672 986 725 1067 ab
753 987 842 1082 aliis
870 1016 943 1100 per
971 907 1221 1086 omnialoca,
1250 990 1293 1074 in
1321 990 1468 1100 qvibus
1483 992 1676 1100 expedire
1691 997 1859 1095 videris,
1887 1003 2062 1084 nuntiari
2196 998 2200 1084 l

268 1104 408 1200 facias,
437 1103 477 1178 &
503 1097 568 1209 ab²
586 1097 774 1180 omnibus
804 1101 930 1180 artius
958 1101 1112 1183 evitari
1141 1101 1290 1182 Datum
1320 1101 1574 1190 Viterbii'X.
1604 1105 1697 1186 Kal.
1728 1109 1936 1209 Octobris,
1965 1115 2052 1194 Pon.

222 1247 226 1252 ·
270 1213 442 1298 tificatus
471 1205 602 1314 nostri
627 1237 737 1293 anno
766 1208 953 1312 secundo·

272 1610 404 1718 882.
481 1546 484 1560 Ι
971 1569 1370 1724 mdiu-1280.

348 1830 480 1896 Mecum
501 1830 682 1902 Hiumsom
702 1830 713 1892 i
734 1829 838 1912 Norge
859 1826 1034 1896 Firsttkmn
1054 1835 1104 1898 fiir
1124 1832 1456 1917 Dragsmarlrslrloster
1475 1833 1487 1894 i
1506 1831 1611 1899 Bohus
1631 1835 1707 1917 Ltn,
1728 1845 1773 1900 att
1792 1835 1925 1921 oqvaldt
1945 1838 1980 1902 fl
2001 1839 2065 1906 till·

400 1914 569 2058 fodonjuta
588 1911 674 1974 hvad
695 1911 747 1975 det
767 1913 819 1976 vid
840 1909 1022 1998 flyttningen
1043 1919 1113 1980 frdn
1139 1919 1299 2000 To'nsberg
1320 1916 1358 1979 af
1373 1915 1455 1980 Koa.
1475 1915 1588 1984 lituu
1608 1918 1670 1982 och
1700 1921 1799 1984 andra
1830 1921 1929 1984 reden
1944 1950 1947 1958 ·
1960 1919 2065 1986 erluid-

415 2007 439 2060 rt
458 2005 538 2060 tamt
558 1995 725 2060 framdeles
750 1996 895 2062 lummer
914 2009 960 2062 att
980 1999 1110 2064 erhtllu.

1757 2081 1931 2154 ὦηςῇ

431 2217 616 2302 MAGNUS
646 2217 677 2329 ¹)
698 2217 786 2299 Rex
813 2217 1025 2328 Norvegiae
1050 2217 1232 2328 Haquini
1260 2218 1378 2328 Regis
1403 2217 1510 2300 filius
1536 2220 1735 2302 universis
1762 2221 1841 2304 hoc
1869 2221 2069 2332 scriptum

266 2331 412 2414 visuris
439 2328 504 2412 vel
525 2327 725 2410 audituris
752 2326 923 2409 salutem
950 2328 1087 2410 mittit.
1116 2330 1266 2410 Notum
1293 2357 1378 2410 esse
1420 2331 1608 2412 volumus
1634 2331 1824 2416 omuibus
1852 2345 1936 2414 tam
1966 2361 2069 2442 prae·
2127 2303 2149 2416 t·

244 2440 448 2528 'sentibus
475 2465 599 2548 quam
627 2440 774 2523 futuris
802 2441 845 2521 in
873 2457 1083 2549 posterum
1109 2440 1284 2551 qualiter
1313 2442 1512 2524 Dominus
1554 2442 1640 2524 Rex
1682 2445 1800 2525 Pater
1827 2463 1970 2526 noster
1999 2443 2070 2525 ka·

265 2555 388 2638 ritate
420 2551 559 2634 divina
585 2577 803 2634 succensus
831 2549 995 2634 domum
1023 2550 1197 2632 fratrum
1225 2555 1425 2634 minorum
1454 2551 1625 2635 Barfode
1653 2551 1807 2638 Brbdre
1839 2553 1980 2652 kirkic
2009 2554 2071 2637 di·

266 2682 374 2750 ctam
402 2691 425 2746 e
452 2664 616 2745 civitate
646 2663 862 2773 Tb'nsberg
888 2663 931 2743 in
960 2665 1094 2746 locum
1121 2689 1308 2745 amenum
1335 2665 1407 2775 qui
1436 2665 1678 2772 Dragsmarc
1719 2681 1891 2746 uocatur
1934 2681 2071 2749 trans·

253 2779 373 2862 'ferre
401 2775 558 2856 curavit
584 2791 626 2857 et
653 2775 755 2858 inibi
786 2773 838 2856 de
864 2777 1107 2884 patrimonio
1135 2803 1208 2858 suo
1236 2775 1523 2857 Monasterium
1550 2776 1644 2858 Sztar
1671 2775 1807 2856 Mariae
1841 2776 2072 2859 secundum

267 2891 378 2972 beati
405 2883 623 2996 Augustini
651 2885 835 2969 ordinem
864 2885 1061 2986 fundavit,
1094 2886 1252 2969 dotavit
1280 2902 1321 2966 et
1349 2885 1402 2967 ad
1417 2885 1618 2996 stipendia
1632 2887 1812 2978 fidelium
1836 2887 1883 2972 L,
1918 2891 2074 2970 mansis

265 3027 358 3084 cum
386 2997 573 3079 omnibus
601 3001 726 3108 agris,
755 2998 888 3108 pratis
910 3000 1026 3108 aquis
1053 2998 1176 3109 sylvis
1204 3013 1246 3079 et
1274 2996 1525 3109 appendiciis
1551 3000 1634 3079 suis
1666 2995 1823 3080 ditavit.
1877 2999 1939 3080 Ea
1973 3028 2073 3109 pro-

296 3129 360 3194 ter
388 3125 435 3190 ut
462 3107 537 3190 hec
570 3127 658 3190 rata
687 3125 730 3190 et
757 3109 994 3192 inconvulsa
1023 3128 1324 3222 permanerent,
1353 3111 1601 3218 presentium
1629 3109 1839 3196 literarum
1852 3113 2073 3202 sanctione

251 3143 530 3318 lemannus,
555 3219 669 3334 quod
698 3221 805 3303 bona
833 3225 969 3303 omnia
1015 3224 1258 3305 monasterio
1287 3221 1325 3302 S.
1354 3221 1489 3300 Mariae
1515 3222 1559 3300 in
1587 3219 1835 3329 Dragsmarlt
1880 3248 1956 3330 per
1985 3223 2074 3306 Do·

228 3347 233 3358 '
263 3337 420 3418 minum
448 3331 601 3438 Regem'
626 3335 784 3414 Patrem
812 3350 1008 3430 nostrum,
1037 3335 1121 3416 Nos
1148 3351 1189 3414 et
1217 3333 1429 3413 Dominam
1457 3331 1625 3414 Matrem
1653 3331 1849 3442 Reginam
1883 3349 2073 3415 nostram

227 3519 233 3527 .
265 3445 413 3528 collata
441 3438 593 3536 debent
620 3469 705 3524 esse
731 3447 847 3554 quasi
875 3451 1115 3552 antea‘post
1140 3441 1448 3524 translationem
1491 3445 1723 3531 monasterii
1765 3443 1889 3552 hujus
1919 3446 1972 3526 ab
2000 3473 2072 3528 ec·

264 3555 385 3641 clesia
413 3551 583 3632 fratrum
612 3554 814 3635 minorum
843 3557 886 3635 in
914 3554 1126 3664 Tonsberg
1153 3552 1321 3650 fuerint,
1365 3555 1422 3634 ita
1486 3553 1569 3635 uod
1611 3580 1751 3636 omues
1794 3558 2068 3666 possessiones

127 3731 130 3742 .
264 3690 305 3752 et
332 3665 467 3748 omnia
496 3664 663 3746 obtenta
691 3681 732 3744 et
758 3663 980 3747 obtinenda
1009 3667 1253 3776 quocunque
1287 3663 1428 3748 modo
1452 3581 1502 3746 de
1544 3661 1635 3773 jure
1676 3664 1775 3754 huis
1820 3669 2070 3754 monasterio

226 3837 228 3842 -
265 3778 491 3862 obveniunt
519 3774 570 3856 de
599 3773 887 3856 donationibus
915 3777 1070 3886 Regum
1099 3775 1162 3858 vel
1190 3775 1424 3882 Principum
1452 3775 1624 3863 aliorum
1643 3776 1709 3858 vel
1724 3805 2075 3890 quorumcunque

266 3889 446 3976 fidelium
473 3884 643 3968 aliorum
671 3885 972 3994 largitionibus,
1000 3889 1136 3998 quiete
1164 3902 1206 3966 et
1233 3888 1469 3968 inconcusse
1503 3883 1580 3966 sub
1611 3905 1752 3980 nostra
1766 3890 1878 3999 regia
1891 3891 2090 3977 auctho?
2201 3951 2202 3956 Ν

138 4103 142 4110 ¹
268 4004 390 4094 ritate
418 4016 681 4125 permaneant
708 4013 749 4093 et
775 3993 928 4100 nullius
955 3993 1164 4098 temeraria
1195 3998 1402 4080 invasione
1427 3997 1708 4094 sollicitentur,

263 4467 562 4610 me
587 4527 664 4594 1280
684 4475 741 4596 orii
761 4529 1003 4616 amrkntngea:
1023 4528 1071 4594 Ex
1090 4531 1177 4595 relat
1199 4533 1235 4603 P,
1256 4531 1292 4596 Ρ.
1314 4533 1352 4596 D.
1373 4530 1526 4611 Walberg
1535 4523 1575 4590 de
1592 4524 1784 4610 ungemar-t
1806 4520 1956 4595 coenobio
1988 4521 2087 4606 ¹74ss

225 4677 233 4684 ”
307 4699 334 4774 ι)
346 4611 669 4783 ιᾶξςαωῇὢῐῐέΐῗεὲιῖᾗηι
684 4697 854 4784 parentlres
874 4697 959 4759 litter
979 4719 1062 4760 vara
1083 4701 1342 4784 reppfrsningsvis
1362 4699 1474 4761 tillsatt
1495 4697 1541 4780 qs
1553 4695 1718 4762 crocum
