4404 5960
1929 24 2148 187 ..p

1002 472 1060 528 2-
1171 360 1418 534 aa-

2146 507 2148 552 l

1585 591 1594 620 .
2139 556 2149 613 l

324 678 456 794 444.
628 751 632 756 ,
785 701 790 708 -
909 659 1122 803 *1257
1173 659 1301 766 aa
1347 657 1463 767 oa
1552 737 1555 746 .
1626 658 1839 807 Lagussa
1876 661 2054 813 uapng.
2145 617 2150 848 1

399 845 579 914 bue-Birt
601 843 684 910 Laus
706 845 745 908 Its
765 843 776 906 i
796 841 916 930 Upsala
937 843 1016 907 Brel
1031 846 1079 910 till
1100 843 1300 930 Helsinglaud
1321 847 1382 909 och
1403 845 1562 910 Jemtland
1582 847 1716 912 riirande
1736 848 1777 926 4ο
1803 845 1906 930 dagars
1930 848 1999 930 ellat,
2022 855 2057 916 so'r
2147 851 2148 854 ’

441 925 538 1009 dem,
560 947 626 992 som
646 926 789 1000 lemnado
808 927 975 990 understdd
996 928 1044 990 till
1054 928 1172 1012 Upsala
1192 930 1554 1013 Domhyr·ko·byggnad;
1576 927 1840 1007 hvurtilldandra
1859 931 1986 1018 Bishapur
1998 929 2059 999 tm
2147 920 2149 1011 l

450 1014 502 1078 for
521 1014 565 1098 sig
586 1011 690 1094 tillugt
707 1011 775 1074 ‘like
794 1011 910 1094 manga
929 1011 1040 1096 dagars
1060 1013 1134 1084 aflet
1154 1013 1204 1078 liir
1224 1013 1337 1076 u'a'mde
1357 1023 1443 1076 oster
1462 1013 1523 1076 och
1545 1003 1805 1096 hugermanlaud.
2027 1067 2029 1070 .

594 1189 598 1200 ,
1769 1125 1962 1196 btaut

482 1229 628 1310 Fnater
644 1227 901 1310 chnuucms
930 1229 1189 1308 miseracione
1210 1225 1362 1308 diuina.
1397 1223 1616 1337 upsalensis
1645 1227 1966 1338 archiepiscopus.
1989 1231 2062 1311 Uni-

318 1341 445 1424 uersis
462 1335 742 1448 halsingaland
756 1343 795 1417 8(
811 1335 1043 1445 jamtaland.
1071 1337 1394 1421 inhabitantibus
1405 1337 1577 1421 salutem
1591 1339 1634 1420 iu
1647 1341 1811 1420 nomine
1824 1340 1933 1448 jhesu
1946 1340 2064 1448 christj.

319 1454 523 1557 Quoniam
548 1468 594 1533 vt
608 1453 665 1532 ait
685 1449 895 1559 apostolus
909 1454 981 1532 &c
1009 1451 1093 1532 lua
1106 1452 1197 1532 need
1209 1451 1292 1532 Nso
1307 1449 1385 1542 245
1401 1451 1467 1531 till
1491 1450 1616 1530 uitam
1636 1466 1826 1532 eternam.
1855 1453 1948 1531 Cum
1972 1452 2065 1559 igitur
2148 1520 2150 1541 .

318 1563 538 1675 upsalensis
565 1561 733 1667 ecclesia
759 1575 888 1643 mater
916 1577 1063 1642 nostra.
1094 1565 1134 1642 8(
1162 1560 1295 1671 capud
1329 1559 1634 1640 christianitatis
1666 1579 1815 1644 nosue.
1851 1561 1913 1642 cui
1938 1561 1982 1642 de
2004 1563 2069 1641 iure
2149 1566 2150 1575 '

318 1675 512 1756 tenemini
540 1672 826 1760 reuerentiam
851 1674 894 1752 8(
921 1672 1128 1756 bonorem.
1158 1700 1205 1753 ac
1234 1672 1361 1780 ipsam
1392 1673 1435 1751 in
1462 1672 1545 1751 suis
1569 1671 1871 1754 necessitatibus
1892 1672 2069 1754 adiuuare.

320 1783 476 1868 dudum
503 1785 556 1864 sit
583 1784 677 1893 igne
704 1781 921 1866 destructa.
955 1780 1082 1867 acad
1110 1784 1411 1892 reparationem
1453 1783 1516 1862 sui
1558 1784 1725 1892 proprie
1766 1810 1853 1863 non
1893 1799 2071 1891 suppetunt

321 1895 547 1978 facultates.
603 1892 705 1976 Jdeo
752 1894 1048 1976 uniuersitatem
1093 1913 1279 1976 uestram.
1337 1894 1556 1975 Monemus.
1596 1899 1637 1974 8(
1678 1894 1900 1975 hortamur.
1944 1894 1983 1972 iu
2022 1890 2073 1972 do
2149 1904 2151 1986 ζ

319 2009 455 2102 mino.
472 2009 524 2090 Et
551 2006 670 2086 uobis
699 2005 743 2086 in
771 2005 1044 2088 remissionem
1072 2005 1320 2114 iniungimus
1347 2021 1618 2114 peccatorum.
1647 2021 1692 2086 vt
1719 2005 1891 2086 nunciis.
1920 2002 2013 2083 dicte
2028 2030 2073 2083 ac-

249 2139 252 2145 “
319 2120 439 2209 olesie
468 2145 561 2199 oum
574 2115 627 2199 ad
654 2141 730 2198 nos
757 2118 955 2198 uenerint.
982 2117 1069 2224 pias
1083 2117 1367 2198 Helemosinas.
1396 2116 1449 2195 Et
1476 2133 1602 2225 grata.
1631 2117 1809 2198 caritatis
1826 2113 1998 2196 subsidia
2009 2139 2075 2193 cro

321 2233 435 2341 getis.
465 2246 520 2311 vt.
543 2254 617 2339 per
644 2247 834 2311 nostram.
865 2232 906 2308 8(
942 2225 1114 2310 aliormn
1155 2226 1485 2309 subuencionem.
1523 2227 1726 2335 sepedicta
1769 2225 1906 2308 ualeat
1945 2224 2075 2306 ecclesia

320 2341 521 2423 adiuuari.
548 2356 590 2422 et
610 2365 693 2420 'uos
721 2367 794 2447 per
821 2338 908 2420 hec.
935 2342 977 2418 8(
1004 2338 1082 2421 alia
1096 2336 1218 2419 bona.
1247 2340 1339 2441 Que
1366 2337 1590 2446 inspirante
1616 2337 1783 2420 domino
1813 2338 1997 2437 feceritis
2010 2361 2077 2444 pos·

319 2454 405 2534 sitis
433 2451 487 2533 ad
515 2467 652 2531 eterne
681 2449 883 2530 felicitatis
910 2445 1060 2558 gaudia
1088 2451 1314 2558 peruenire.
1344 2449 1427 2529 Nos
1450 2450 1573 2558 igitur
1601 2448 1802 2532 Omnibus
1832 2476 1930 2530 uere
1958 2445 2078 2528 ocules·

319 2564 384 2646 sis.
412 2568 453 2645 &
480 2561 677 2645 contritis.
706 2561 779 2670 qui
807 2574 1023 2640 memorate
1060 2561 1237 2642 ecclesie.
1279 2587 1444 2640 manum
1483 2562 1739 2670 porrexerint
1779 2559 2022 2642 adiutricem.
2044 2553 2079 2636 de

322 2673 612 2783 omnipotentis
626 2659 692 2754 dei
706 2668 989 2753 misericordia.
1018 2675 1059 2751 8(
1087 2671 1298 2754 beatorum
1313 2674 1430 2753 Petri.
1459 2676 1498 2752 8(
1512 2671 1627 2781 Paulj
1642 2671 1925 2781 apostolorum
1939 2671 2015 2750 eius
2030 2694 2082 2746 au·

318 2786 521 2867 ctoritate.
549 2788 590 2864 8(
611 2783 761 2863 meritis
781 2782 946 2891 gloriosi
959 2782 1132 2864 martiris
1147 2780 1362 2888 Laurencij
1377 2783 1527 2863 conlisi.
1557 2783 1829 2892 Quatraginta
1861 2781 1948 2864 dies
1974 2779 2017 2860 de
2039 2779 2081 2856 in·

318 2897 469 2978 iuncta.
497 2893 575 2976 sibi
603 2894 850 3002 penitencia:
879 2893 1189 2975 misericorditer
1217 2893 1454 2975 relaxamus.
1484 2894 1617 2974 Ratae.
1646 2900 1685 2974 8(
1714 2881 1893 2975 Gratas'¹
1909 2892 2084 2972 habentes.

318 3011 360 3088 8(
387 3006 627 3087 auctoritate
655 3032 737 3116 qua
765 3001 988 3111 fungimus.
1017 3005 1311 3085 confirmantes.
1351 3002 1650 3113 indulgencias.
1707 3006 1819 3108 Quas
1866 2999 2084 3084 venerabiles

318 3117 496 3197 Fratres.
525 3113 774 3222 suffraganei
801 3114 1021 3226 upsalensis
1055 3114 1221 3196 ecclesie
1247 3117 1291 3195 in
1316 3117 1510 3223 presenti
1539 3116 1709 3222 negocio
1738 3119 1782 3195 in
1810 3108 2083 3221 Helsingaland.

318 3225 711 3336 Angermannaland.
740 3231 779 3306 8(
793 3223 1030 3316 Jamtaland.
1059 3222 1251 3308 duxerint
1271 3223 1531 3333 Largiendas.
1561 3227 1712 3306 Datum
1727 3224 2089 3333 Lagblisahipung.

318 3339 443 3417 Anno
460 3335 638 3444 Dominj.
666 3335 1017 3418 M⁰.C⁰C⁰.L⁰.Vll.
1047 3336 1181 3418 Pridie
1210 3338 1358 3418 Nonas.
1389 3336 1591 3417 Octobris.
1623 3338 1820 3418 Dominus
1848 3332 2088 3417 innocencius

191 3540 193 3546 Α
318 3449 430 3557 Papa
456 3450 651 3561 Quartus.
680 3446 950 3555 Quatraginta
979 3443 1075 3527 dies.
1105 3449 1190 3528 Nos
1218 3447 1466 3528 Laurencius
1495 3439 1560 3528 dei
1588 3449 1723 3556 gracia
1738 3449 1943 3528 scarensis
1958 3445 2091 3554 Episco

319 3586 398 3671 pus
427 3557 699 3666 Quatraginta
727 3553 821 3637 dies.
864 3557 948 3637 Nos
976 3557 1061 3638 Cor.
1089 3556 1158 3664 dej
1193 3559 1327 3666 gracia
1370 3559 1641 3665 strengnensis
1682 3559 1903 3667 episcopus
1947 3559 2091 3661 Quatra·

318 3672 432 3779 ginta
460 3668 556 3751 dies.
612 3667 696 3754 Nos
723 3667 892 3775 Magnus
921 3668 994 3748 Dei
1021 3670 1156 3775 gracia
1194 3669 1417 3750 Arosiensis
1445 3671 1672 3778 episeopus.
1727 3670 2008 3778 Quatraginta
2032 3663 2093 3745 dies

320 3785 406 3863 Nos
434 3781 579 3862 Frater
607 3775 832 3860 forcundus
860 3777 926 3859 dei
953 3778 1086 3885 gracia
1115 3781 1398 3886 vexsyonensis
1427 3781 1640 3890 episcopus
1669 3781 1955 3891 Quatraginta
1984 3777 2066 3860 dies

319 3923 368 3990 Pa
387 3920 561 3986 frinsidsmt
581 3915 785 4002 indulgencia
805 3937 948 3980 concaua
969 3915 1122 3998 helsingis,
1145 3921 1197 4001 qui
1219 3917 1323 3981 datam
1346 3920 1545 3985 elemosinam
1563 3918 1607 3982 ad
1628 3919 1780 3984 fabricam
1807 3922 1947 3986 ecclesie
1968 3913 2097 4006 upsalensi

377 4039 379 4044 ·
878 3999 1080 4064 codretum
1101 4011 1225 4085 excepta
1246 4001 1440 4085 indulgencia
1459 4022 1552 4088 pape.

921 4169 926 4187 ,
965 4113 1103 4196 Sigillum,
1129 4113 1207 4177 1-5
1233 4116 1308 4200 fogo,
1326 4115 1471 4180 skadade.

60 4497 69 4504 ,
218 4477 222 4482 .
326 4347 472 4482 445ss
786 4334 789 4340 Δ
967 4339 1573 4491 ϊ257ἆ.1’Νο-ν.
1801 4321 1802 4326 ¹
1931 4296 2154 4454 Hasna

402 4535 519 4600 Bracata
539 4533 634 4596 Imus
654 4531 734 4596 Brel
748 4531 796 4594 till
817 4529 985 4619 Medelpad
1005 4532 1067 4596 och
1087 4521 1335 4614 dugermanlaud
1356 4533 1430 4596 med
1449 4535 1574 4598 erinrau
1595 4553 1649 4598 om
1667 4531 1761 4598 dctus
1775 4533 1951 4619 offeutligu
1970 4533 2103 4600 erretur

452 4618 626 4714 kommelse
645 4624 692 4680 att
712 4615 762 4676 fot
782 4613 882 4712 brar·
922 4638 1011 4695 rsou‚
1033 4637 1100 4678 som
1110 4614 1224 4677 hunnit
1243 4634 1284 4676 ao
1304 4615 1352 4694 ir,
1372 4616 1628 4713 erltiggairligeu
1647 4637 1687 4679 eu
1708 4618 1868 4702 penning,
1891 4613 2105 4682 assensomftb

452 4697 623 4861 ἳῑῇῗὲἒὲη
642 4700 685 4785 pa
704 4717 784 4760 vrssa
804 4697 842 4760 ir
898 4699 909 4762 l
939 4697 1060 4783 Upsala
1085 4695 1568 4844 Domkyrlto·byggnad,1emte
1597 4699 1741 4782 allvarlig
1761 4701 1953 4785 befallning
1982 4711 2025 4764 att
2042 4695 2104 4758 dem

1739 4861 1971 4922 &hu-nb

486 4961 528 5045 B.
555 4961 633 5068 Dej
659 4963 797 5071 gracia
822 4961 908 5045 dux
949 4987 1151 5044 sueorum.
1193 4963 1391 5046 uniuersis
1433 4965 1477 5045 iu
1515 4965 1714 5078 mizalpaz
1755 4984 1797 5049 et
1840 4971 2110 5079 Angermant·

321 5071 419 5156 land
459 5071 747 5154 Habitantibus
773 5071 943 5154 salutem
979 5073 1025 5154 in
1073 5071 1240 5157 domino
1281 5074 1420 5160 Nostis
1463 5076 1497 5159 si
1539 5075 1646 5161 bene
1688 5077 1875 5162 recolitis
1920 5069 2110 5192 quommo
2156 5124 2157 5142 ι

2152 5274 2157 5360 4

2153 5393 2157 5532 l
