4362 5946
805 510 866 530 -·-
955 469 1051 590 ι31(
1155 512 1225 536 .-

114 687 587 772 ‹Monemmnhortamur
602 689 644 768 in
658 684 833 768 domino.
849 715 897 772 ac
910 687 952 766 in
966 685 1242 768 remissionem
1256 686 1375 768 uobis
1388 689 1636 796 iniungimus
1644 705 1905 795 peccatorum

111 800 303 912 quatinus
317 827 390 878 vos
412 799 484 908 filij
512 797 654 908 prelati
669 803 709 877 8(
723 798 859 879 clerici
873 795 1290 880 adcoosumacionem
1304 796 1402 879 dicti
1422 800 1556 908 operis
1583 800 1627 879 in
1642 799 1777 910 aliqua
1792 831 1906 912 quan

121 915 227 994 titate
256 908 306 990 de
321 908 485 991 decimis
500 911 755 990 ecclesiarum
771 924 996 990 uestrarum
1013 911 1219 992 annuatim
1234 909 1495 1007 subueniatis,
1511 908 1649 991 eidem.
1665 939 1712 992 ac
1728 940 1799 993 vos
1815 914 1906 996 laici

119 1023 167 1105 ad
194 1023 270 1103 hoc
298 1023 335 1100 ei
364 1039 478 1128 grata
507 1022 793 1103 subuencionis
820 1026 861 1101 8(
888 1021 1065 1101 caritatis
1092 1018 1270 1102 subsidia
1299 1021 1484 1129 erogetis.
1508 1035 1551 1100 vt
1575 1049 1646 1129 per
1660 1021 1735 1103 hec
1763 1024 1904 1106 etalio

117 1137 327 1242 bonaque
357 1133 521 1214 domino
552 1135 774 1241 inspirante
802 1132 987 1212 feceritis.
1025 1129 1080 1212 ad
1120 1149 1258 1213 eterne
1305 1133 1466 1239 possitis
1509 1128 1710 1212 felicitatis
1754 1134 1902 1243 gaudia

115 1245 336 1356 peruenire.
367 1245 515 1327 Datum
545 1244 726 1353 lugduni.
756 1245 804 1324 V.
834 1240 928 1324 Idus
956 1244 1130 1352 Augusti
1158 1242 1421 1325 Pontificatus
1446 1242 1574 1323 nostri
1603 1269 1714 1324 anno
1746 1245 1902 1329 Terci0.

117 1635 245 1742 328.
675 1569 876 1764 ι(245
925 1634 973 1739 d.
1030 1650 1096 1762 (4
1143 1567 1276 1779 Aug.
1530 1732 1535 1738 .
1697 1639 1903 1784 Lyco.
1977 1607 1983 1614 Ι

189 1856 283 1920 Pttv.
317 1855 511 1916 lurocsmrus
544 1855 616 1920 Νι(
646 1856 725 1918 Bref
750 1856 798 1918 till
820 1855 949 1917 Prosten
971 1853 1031 1916 och
1053 1856 1232 1919 Kanikerne
1253 1857 1264 1916 i
1286 1853 1479 1936 Linkiiping,
1501 1855 1575 1918 med
1596 1856 1781 1921 tetrastetse
1802 1855 1821 1919 8
1842 1857 1902 1921 den
1952 1833 1961 1852 Ι

238 1937 279 2000 af
296 1939 449 2021 Bislopen
471 1937 625 2001 derstrdes
644 1939 752 2021 gjorda
772 1936 834 2000 och
855 1937 893 1998 af
908 1939 1028 2001 Plfven
1050 1940 1227 2002 Gasoomus
1248 1937 1362 2020 gillade
1384 1939 1550 2020 imtttuing
1570 1941 1608 2002 af
1623 1941 1734 2003 Prost-
1754 1940 1816 2004 och
1833 1941 1903 2042 lle-
1930 1975 1932 1980 ·

238 2020 448 2084 nitembeten.

1628 2133 1667 2193 B..
1685 2137 1711 2192 3:
1729 2136 1772 2192 alt.

271 2268 543 2351 thrtocsurtus
573 2273 787 2380 episcopus
815 2298 957 2351 seruus
985 2299 1195 2353 seruorum
1223 2272 1302 2370 dei,
1330 2268 1486 2352 dilectis
1516 2268 1607 2350 liliis
1637 2272 1845 2381 preposito
1861 2279 1901 2353 8(

104 2381 314 2465 canonicis
356 2380 519 2460 ecclesie
562 2382 805 2490 lincopensis
848 2382 1015 2462 salutem
1059 2388 1099 2464 8(
1134 2383 1395 2490 apostolicam
1424 2380 1755 2464 benedictionem.
1813 2387 1900 2467 Hiis

91 2495 170 2606 'qui
201 2519 282 2600 pro
320 2491 447 2573 diuini
476 2493 590 2572 cultu
618 2495 789 2575 nominis
833 2492 1064 2602 ampliando
1108 2494 1280 2604 prouide
1309 2505 1556 2573 statuuntur.
1599 2493 1774 2574 libenter
1815 2495 1902 2578 adi·

101 2609 224 2686 cimus
254 2602 472 2711 apostolici
502 2606 732 2685 muniminis
761 2605 991 2685 firmitatem
1020 2634 1112 2686 cum
1141 2607 1266 2714 igitur
1294 2604 1397 2683 sicut
1425 2603 1648 2684 venerabili
1678 2605 1803 2686 fratre
1827 2637 1901 2690 no·

99 2733 182 2797 stro
214 2778 223 2796 .
257 2775 265 2792 .
298 2716 492 2822 episcopo
522 2715 744 2824 lincopensi
773 2717 891 2798 nobis
925 2718 1102 2799 innotuit
1130 2719 1349 2798 intimante.
1394 2713 1549 2796 dudum
1591 2717 1676 2823 ipse
1710 2729 1737 2796 e'
1775 2718 1901 2799 felicis

97 2825 405 2910 recordacionis
434 2827 621 2934 gregorio
651 2854 754 2936 papa
785 2826 1065 2936 predecessore
1094 2845 1235 2907 nostro
1262 2824 1428 2906 creandi
1457 2829 1673 2907 canonicos
1703 2829 1744 2906 in
1773 2830 1901 2910 eccle-

98 2943 152 3018 sia
197 2952 339 3016 vestra
383 2939 426 3015 in
455 2965 536 3046 qua
571 2937 672 3017 nulli
702 2955 830 3018 erant.
861 2938 1050 3021 facultate
1083 2955 1259 3047 accepta.
1291 2937 1506 3018 canonicos
1534 2940 1831 3046 preposituram
1860 2945 1901 3020 8(

96 3049 325 3158 dignitates
341 3047 438 3126 alias
467 3052 621 3129 creauit
648 3051 687 3127 in
719 3048 867 3128 eadem.
896 3079 971 3131 nos
1000 3050 1155 3131 deuotis
1185 3050 1327 3129 uestris
1357 3048 1545 3156 precibus
1574 3049 1755 3130 inclinati
1782 3049 1898 3160 quod

94 3162 141 3240 ab
171 3159 327 3240 eodem
355 3160 547 3266 episcopo
563 3159 735 3270 prouide
765 3158 916 3240 factum
945 3162 1075 3242 estin
1103 3160 1180 3240 hac
1208 3176 1324 3269 parte
1354 3175 1489 3239 ratum
1520 3158 1727 3241 habentes.
1756 3160 1799 3242 id
1828 3189 1898 3242 au-

94 3272 291 3352 ctoritate
325 3269 546 3378 apostolica
575 3273 854 3351 confirmamus
883 3290 923 3351 et
951 3272 1146 3380 presentis
1175 3272 1317 3380 scripti
1346 3271 1574 3379 patrocinio
1594 3274 1899 3353 communimus.
1973 3349 1982 3359 .

95 3383 204 3462 Nulli
238 3409 346 3490 ergo
377 3386 449 3461 &c
480 3398 617 3460 nostre
646 3373 961 3462 confirmationis
992 3389 1065 3463 &c
1109 3385 1256 3464 Datum
1285 3378 1479 3490 Lugduni
1508 3379 1663 3462 decimo
1693 3410 1805 3464 nono
1821 3383 1899 3466 kat.

90 3493 353 3603 septembris.
382 3492 643 3574 Pontificatus
671 3495 798 3574 nostri
828 3496 946 3575 Anno
975 3496 1114 3576 tercio.
1194 3503 1200 3510 '

92 3883 226 4032 329.
704 3888 854 4012 1245
902 3884 953 3990 d.
1002 3885 1072 3991 23
1121 3873 1243 3993 Dec.
1683 3883 1691 3894 ⁸
1731 3886 1895 4032 Lyon.

164 4105 263 4168 Pttv.
290 4104 492 4166 lintocmrus
520 4104 591 4168 [Vts
611 4104 690 4166 Bref
706 4105 753 4166 till
775 4103 998 4166 Stormiistaren
1020 4105 1079 4166 och
1102 4094 1279 4168 Provincial
1301 4109 1413 4170 Priorn
1435 4110 1484 4171 fiir
1504 4072 1800 4171 Predilrare-Orden
1822 4103 1895 4168 med

223 4186 383 4270 nppdr·ag
406 4197 451 4247 att
483 4187 563 4264 teta,
595 4207 648 4247 om
680 4186 761 4249 stn—
792 4186 852 4247 0ch
884 4187 1111 4270 Hb'gtidsdagnr
1132 4192 1172 4272 pai
1181 4191 1320 4333 lp'enlige
1342 4192 1466 4269 stillen,
1488 4192 1538 4252 fo'r
1558 4187 1640 4254 bede
1660 4187 1892 4271 Presterslapet

216 4269 288 4332 och
313 4268 516 4350 Menigbeten
537 4270 677 4349 kungdra
699 4269 751 4332 det
771 4277 854 4331 emot
876 4270 960 4331 lb'rre
981 4270 1150 4334 Romerske
1214 4274 1329 4354 ejsaren
1362 4273 1504 4335 Famam
1526 4273 1556 4334 ΙΙ
1575 4271 1629 4333 vid
1661 4270 1890 4352 kyrkomiiteti

217 4353 321 4436 Lyon
346 4351 465 4413 fattade
487 4352 595 4414 beslut.

1578 4466 1760 4537 modu

233 4605 521 4686 Juuocsnrtus
551 4603 764 4711 episeopus
792 4630 933 4682 seruus
963 4630 1172 4682 seruorum
1202 4601 1277 4683 dei.
1308 4603 1472 4684 Dilectis
1501 4601 1592 4709 filijs
1622 4664 1630 4682 .
1660 4661 1669 4680 .
1699 4601 1891 4708 Magistro

43 4779 44 4782 ,
81 4733 117 4798 ct
143 4713 367 4798 uniuersis
396 4712 603 4793 Prioribus
632 4713 950 4820 prouincialibus
979 4713 1133 4812 ordinis
1161 4712 1333 4795 fratrum
1360 4712 1673 4823 predicatorum.
1710 4713 1887 4793 Salutem

79 4826 430 4936 &apostolicam
459 4823 789 4906 benedictionem.
848 4825 921 4904 Dei
950 4823 1024 4930 filij
1058 4825 1131 4933 qui
1173 4853 1250 4933 pro
1286 4824 1480 4906 saluando
1522 4823 1699 4904 humano
1743 4849 1889 4930 genere

45 4969 46 4972 ’
81 4937 128 5020 de
157 4940 249 5021 alto
282 4935 475 5020 celorum
504 4935 553 5017 ad
570 4937 646 5014 ima
680 4925 788 5014 ter're
816 4934 1023 5016 deseendit
1046 4951 1092 5013 ut
1120 4962 1193 5016 suo
1225 4936 1416 5017 descensu
1446 4933 1600 5014 homini
1630 4933 1681 5013 ad
1711 4961 1887 5040 superna

47 5071 244 5160 ‚pararet
275 5073 504 5130 ascensum.
534 5045 686 5153 Vi'carij
718 5045 812 5126 licet
842 5046 1029 5125 immeriti
1058 5049 1265 5127 constituti
1294 5045 1412 5127 saluti
1455 5048 1633 5131 omnium
1669 5043 1886 5152 rugilanter
