4362 5946
1017 376 1430 486 ...ηδ-

283 559 384 684 ¹uhi
411 613 453 680 et
478 592 575 724 colu
584 565 915 706 progenitoribus
928 593 1077 677 nostris
1090 596 1307 709 munnere
1321 595 1401 682 deo
1413 593 1654 710 disponente
1674 539 2069 710 proponimus-diuino
2157 645 2158 730 ᾗ

311 707 596 795 retribucione·
624 709 788 791 intuitu.
816 705 1063 794 contulimus
1089 709 1338 791 mansionem
1378 726 1557 792 nostram
1600 727 1736 821 guum.
1761 715 1803 792 81
1831 709 1946 793 aliam
1964 713 1999 794 iu
2022 720 2070 800 in·

309 821 400 906 sula
439 817 623 912 visinsho
663 819 802 929 thorp.
831 833 1048 929 cetmque
1075 817 1120 898 in
1147 816 1288 900 eadem
1319 819 1462 904 insula.
1505 848 1586 933 que
1615 821 1745 904 nostri
1786 822 1887 904 iuris
1927 822 2071 911 fuerunt.

310 957 472 1048 queque
500 956 575 1044 nos
601 927 847 1014 hereditario
875 931 963 1011 lure
990 927 1241 1038 possedimus
1282 957 1357 1012 nee
1401 959 1488 1016 uon
1515 931 1766 1016 molendium
1794 933 1839 1016 in
1866 933 2073 1022 occidentali

310 1061 426 1156 parte
453 1047 495 1123 δι
523 1067 683 1123 amnem
710 1065 791 1151 que
819 1056 989 1124 vocatur
1002 1039 1153 1126 bornus.
1180 1061 1272 1123 cum
1292 1041 1394 1124 silus
1422 1041 1659 1127 horuohult.
1689 1042 1733 1126 id
1759 1045 2073 1132 annuentedoni·

309 1183 367 1240 no
394 1169 546 1240 nostro.
570 1181 603 1234 s.
632 1151 788 1234 fulconi
815 1149 932 1234 ducis
959 1150 1054 1234 lilio.
1083 1157 1123 1234 dt
1148 1150 1227 1234 hoc
1255 1154 1389 1262 ipsum
1415 1157 1479 1236 sui
1507 1153 1630 1266 sigilli
1669 1155 1932 1238 attestacione
1956 1159 2074 1241 coufir-

309 1283 455 1351 mnnte.
483 1263 554 1348 sed
581 1269 623 1346 u
651 1263 731 1345 {ilie
759 1278 908 1346 nostre.
951 1261 1074 1344 lu&
1102 1257 1142 1344 b.
1171 1267 1213 1346 in
1242 1265 1320 1349 boc
1359 1265 1368 1284 '
1418 1293 1487 1348 um
1520 1282 1820 1364 consenserunt.
1854 1265 1949 1350 huic
1973 1265 2076 1350 doua-

166 1395 170 1400 ’
309 1379 420 1464 cioni
445 1390 567 1458 testes
595 1373 770 1457 merant.
796 1372 986 1457 videlicet
1013 1373 1202 1458 dominus
1236 1379 1281 1460 ll.
1309 1375 1364 1458 ab
1418 1405 1438 1458 s
1470 1375 1647 1460 eiusdem
1681 1377 1773 1462 loci.
1801 1383 1842 1460 δι
1868 1377 1910 1460 lu
1939 1379 2077 1462 cellera-

159 1519 162 1528 ’
308 1492 405 1574 rius.
450 1488 655 1598 ceterique
684 1485 851 1570 comites
879 1511 1031 1569 eorum.
1059 1487 1234 1598 quodsi
1261 1489 1354 1601 quia
1395 1485 1622 1572 diminuere
1650 1488 1715 1573 rel
1750 1487 2009 1619 aliquomodo
2031 1507 2079 1574 at·

308 1601 567 1712 temptauerit
595 1597 809 1680 infirmare.
837 1599 938 1680 iram
966 1597 1256 1706 omnipotentis
1290 1598 1368 1683 dei.
1411 1597 1656 1682 &eiusdem
1703 1601 1825 1683 beate
1866 1607 2077 1709 vrrgmrs&

309 1715 448 1796 matris
490 1737 532 1793 se
568 1710 730 1790 nouerit
758 1709 1026 1793 incursurum.
1053 1707 1125 1791 sed
1153 1715 1194 1793 δι
1221 1729 1313 1794 ante
1342 1710 1534 1795 thronum
1562 1711 1759 1795 mmendi
1800 1707 1943 1795 iudicis
1970 1713 2009 1792 in
2032 1714 2079 1793 vl·

310 1827 409 1907 timo
436 1821 620 1903 examine
648 1823 893 1905 sentenciam
922 1837 1061 1904 eterne
1090 1818 1392 1934 dampnacicnis
1419 1821 1605 1933 accipiat.
1639 1826 1766 1906 Gesta
1792 1841 1889 1907 sunt
1921 1821 1992 1905 hec
2017 1851 2074 1904 an·
2157 1841 2158 1866 l

172 1973 175 1976 ·
307 1962 364 2015 no
390 1933 547 2017 domini
574 1933 860 2016 M·.CG⁰.XL'.

308 2079 355 2148 ra
375 2077 551 2146 masan:
571 2075 713 2174 furum
733 2075 851 2144 unu
871 2077 979 2144 aas
999 2077 1144 2228 pom
1159 2075 1476 2225 ww
1497 2095 1589 2166 ape
1619 2057 1791 2142 semem
1820 2095 1895 2161 μω
1927 2085 1997 2163 erp
2022 2073 2083 2138 ur-

231 2523 442 2636 'tot
563 2525 566 2532 ’
1125 2541 1296 2658 radi.
1402 2459 1406 2468 Ι

388 2747 519 2812 Msorus
540 2747 721 2811 lormssors
742 2743 938 2810 Testamente
958 2743 999 2834 pt
1020 2763 1059 2810 en
1079 2745 1158 2832 gara
1180 2749 1190 2810 i
1213 2745 1404 2834 Brendstmp
1424 2747 1473 2811 till
1495 2737 1662 2812 Nunnorne
1683 2746 1693 2810 i
1715 2746 1875 2812 Gudhems
1896 2747 2019 2814 kloster.

1753 2857 1971 2920 Attus

472 2994 682 3076 Vniuersis
710 2991 851 3078 christi
878 2994 1079 3080 fidelibus.
1106 3013 1189 3078 tam
1205 2997 1376 3108 posteris
1390 3023 1514 3110 quam
1542 2996 1812 3108 presentibus.
1824 3021 1993 3106 presens
2005 2993 2086 3075 scri·

305 3126 424 3300 ppum
451 3108 704 3216 inspecturis.
733 3105 785 3189 M.
800 3106 994 3190 Johannis
1009 3107 1125 3190 lilius.
1141 3108 1309 3192 salutem
1324 3111 1367 3190 iu
1380 3109 1562 3190 omnium
1576 3108 1789 3190 saluatore.
1820 3107 2025 3212 Quoniam
2038 3105 2086 3182 in·

356 3221 494 3300 mitate
522 3219 645 3299 nimia
673 3245 822 3327 corpus
850 3246 981 3300 meum
1004 3217 1266 3329 'aggrauaute
1294 3221 1470 3328 cognoui
1513 3245 1576 3302 me
1602 3221 1790 3302 uniuerse
1830 3217 1969 3299 carnis
1995 3217 2087 3296 uiam

305 3333 591 3441 ingressurum.
621 3328 789 3439 cupiens
816 3329 1125 3413 elemosinarum
1153 3327 1281 3412 deleri
1308 3330 1537 3440 largicione.
1565 3328 1678 3440 quod
1706 3330 1921 3412 temeraria
1950 3323 2087 3436 debari

304 3442 623 3551 transgressione
652 3441 773 3521 unius
801 3440 933 3522 incole
961 3439 1101 3551 predia
1131 3439 1183 3529 de
1212 3440 1465 3552 branzstorp.
1493 3442 1704 3523 sororibus
1731 3440 1784 3524 de
1813 3439 1983 3552 guthem
2009 3461 2086 3548 pre

305 3569 427 3636 sente.
461 3554 519 3636 th
553 3549 773 3634 sacerdote.
800 3555 851 3631 &.
882 3551 920 3633 S.
950 3553 1115 3636 rustico.
1147 3557 1189 3636 δι
1215 3552 1267 3636 Μ.
1295 3571 1469 3664 cognato
1497 3579 1598 3636 meo.
1618 3551 1795 3662 'aliisque
1824 3579 1948 3663 quarn
1975 3548 2088 3684 pluri·

305 3664 380 3746 mis
413 3662 583 3747 testibus
613 3661 767 3744 idoneis
799 3663 1036 3746 astantibus.
1066 3661 1348 3747 &heredibus
1376 3662 1730 3746 consentientibus.
1760 3663 1802 3742 in
1829 3663 2088 3744 remissionem

305 3803 487 3860 meorum
502 3773 659 3858 contuli
688 3770 939 3857 delictorum.
965 3774 1103 3885 Siquis
1129 3792 1267 3858 autem
1293 3774 1447 3859 donum
1477 3803 1620 3857 meum.
1649 3773 1760 3857 dicto
1788 3774 2021 3855 testimonio
2035 3795 2089 3850 ro·

304 3889 575 3971 heretum&
608 3883 823 3997 priuilegio
848 3885 1128 3969 confirmatum
1158 3886 1386 4004 calumpnia
1416 3887 1482 3970 uel
1511 3885 1608 3970 odio
1636 3887 1678 3967 in
1708 3912 1884 3973 uacuum
1905 3905 2088 3964 reuocare

337 4001 606 4112 resumpserit.
640 3996 967 4108 indignacionem
996 3995 1063 4078 dei
1084 3999 1225 4108 'patris
1253 4000 1543 4109 omnipotentis
1567 4026 1612 4080 se
1640 3997 1803 4078 nouerit
1832 3997 2089 4076 incursurum.

261 4120 265 4130 '
306 4029 455 4194 llatum
483 4131 542 4195 est
570 4139 678 4195 anno
707 4110 758 4192 ab
774 4107 1068 4195 ,incarnacione
1096 4109 1260 4192 domini.
1288 4110 1623 4195 M'.CC·.XL⁰.I·.
1652 4107 1794 4189 Valete
1823 4107 1864 4187 in
1893 4107 2071 4188 christo·

322 4251 372 4316 Pi
392 4251 568 4320 l'rdnsiduut
588 4253 652 4317 Pro
672 4255 735 4318 istis
754 4251 869 4340 prediis
889 4251 1061 4337 mepimus
1080 4249 1189 4338 predia
1209 4249 1434 4316 nesundicus
1455 4250 1592 4337 quodem
1620 4247 1746 4314 homine
1767 4250 1892 4312 nominc
1913 4245 2073 4330 gerberto·

1003 4365 1128 4452 Sissillat
1153 4368 1247 4452 ntgot
1267 4366 1406 4430 skadadt
