4398 5958
976 521 1046 574 Α*
1153 509 1236 604 m
1345 551 1404 574 ..

303 723 581 843 competentur
610 727 785 810 mutatis.
835 727 1038 833 Quocirca
1063 727 1331 820 Vniuersitati
1371 741 1514 818 restrae
1542 753 1617 838 per
1661 725 1896 838 Apostolioa
1942 733 2084 841 scripta
2190 789 2191 848 ἶ

300 843 553 939 mandamus,
582 856 782 952 quatenus
810 840 939 922 eidem
969 839 1109 922 Eleeto
1138 858 1331 950 tanquam
1359 840 1470 920 Patri
1496 844 1537 920 8(
1565 841 1722 922 Pastori
1757 843 1981 925 animarum
2023 872 2084 926 ve-

243 991 245 994 ·
300 973 477 1036 strar-um
503 951 710 1034 humiliter
739 949 1012 1048 intendentes,
1042 978 1097 1034 ac
1125 951 1362 1033 exhibentes
1389 954 1426 1031 el
1454 949 1796 1052 obedientiam&
1822 957 2084 1038 reuerentiam

298 1063 475 1147 debitam
503 1069 543 1144 &
572 1063 779 1163 deuotam,
807 1063 893 1144 eius
922 1051 1096 1144 salubria
1125 1061 1279 1144 monita
1308 1065 1348 1142 8(
1376 1059 1563 1153 mandata
1590 1064 1817 1172 suscipiatis
1844 1063 2086 1147 hilariter&

300 1177 515 1258 efficaciter
542 1175 762 1285 adimplere
790 1178 949 1256 curetis.
979 1172 1173 1283 Alioquin
1201 1175 1444 1254 sententiam
1471 1201 1593 1283 quam
1638 1174 1746 1256 idem
1765 1175 1852 1258 rite
1879 1175 2019 1256 tulerit
2046 1181 2085 1258 iu

158 1371 162 1378 ,
299 1287 485 1383 rebelles,
514 1304 640 1382 ratam
668 1286 904 1368 habebimus
933 1291 972 1368 8(
997 1282 1187 1374 faciemus
1215 1301 1381 1374 auctore
1411 1286 1587 1365 Domino
1615 1313 1740 1402 vsque
1769 1285 1823 1368 ad
1848 1286 2085 1374 satisfactio-

299 1427 391 1479 nem
419 1397 661 1509 condignam
689 1395 980 1490 inuiolabiliter
1008 1395 1237 1490 obseruari..
1259 1397 1410 1490 Datum
1437 1399 1490 1488 vt'
1509 1423 1644 1504 supra.

465 1511 513 1588 ln
543 1505 835 1593 eodemmodo
864 1506 983 1588 Clero
1014 1508 1200 1588 Ciuitatis
1228 1512 1268 1586 8(
1298 1508 1477 1588 Diocesis
1506 1505 1763 1614 Vpsallcnsisa

381 1711 385 1718 1
462 1621 511 1699 In
540 1618 682 1699 eodem
708 1619 829 1700 modo
857 1621 1053 1712 vniucrsis
1095 1618 1306 1727 Episcopis
1327 1615 1600 1727 'suffraganeis
1627 1617 1812 1699 Ecclesiae
1825 1617 2084 1726 Vpsallensis.

296 1739 345 1814 In
373 1759 569 1840 supremae
596 1735 670 1812 &c
698 1747 742 1813 vt
769 1731 812 1809 in
841 1732 1025 1838 proxima
1055 1757 1181 1840 vsque
1216 1731 1484 1830 incrementis
1512 1729 1716 1832 Quocirca
1744 1731 1996 1812 vniu'ersitati
2023 1761 2085 1815 ve-

295 1861 388 1926 strae
407 1870 490 1950 per
517 1839 751 1949 Apostolica
779 1843 929 1949 scripta
957 1840 1192 1922 mandamus
1220 1857 1420 1950 quatenus
1448 1837 1559 1920 dicto
1586 1841 1726 1920 Electo
1746 1857 1938 1952 tanquam
1968 1871 2085 1926 mem·

294 1957 371 2037 bra
399 1954 522 2060 capiti
551 1953 817 2062 obsequentes
845 1952 1068 2032 exhibeatis
1097 1955 1135 2032 ei
1163 1949 1437 2050 obedientiam
1470 1955 1509 2030 8(
1538 1954 1805 2032 reuerentiam
1839 1952 2022 2033 debitam
2050 1965 2094 2038 8(

297 2065 500 2148 deuotam.
529 2063 589 2155 Ita
618 2061 732 2172 quod
760 2079 899 2143 mutua
926 2065 1033 2158 inter
1071 2091 1144 2145 vos
1172 2069 1210 2143 8(
1240 2063 1354 2144 illum
1381 2063 1509 2172 gnatia
1539 2079 1675 2170 gratos
1703 2064 1895 2170 sortiatrm
1910 2063 2083 2162 effectus,

256 2177 257 2182 ‘
294 2183 335 2260 8(
364 2203 438 2256 nos
472 2174 728 2264 deuotionem
756 2190 929 2255 vestram
973 2176 1171 2283 possimus
1212 2190 1382 2282 propter
1409 2175 1487 2253 hoc
1518 2200 1606 2252 uon
1648 2175 1845 2256 immerito
1887 2202 2085 2260 commen·

293 2285 401 2373 dare.
431 2285 625 2395 Alioquin
653 2289 726 2384 &a
752 2300 798 2364 vt
820 2287 947 2380 inlll.
976 2287 1169 2394 proxima.
1226 2286 1375 2368 Datum
1408 2280 1603 2392 Lugduni
1644 2285 1752 2367 XVI.
1775 2285 1995 2367 .Calendas
2028 2317 2086 2369 se·

151 2428 162 2436 ‘
292 2399 489 2510 ptembris
518 2423 626 2486 anno
654 2395 787 2476 tertio.

459 2511 509 2588 ln
536 2507 678 2589 eodem
707 2506 828 2588 modo
863 2509 1018 2616 populo
1048 2507 1232 2590 Ciuitatis
1259 2513 1299 2588 8(
1327 2507 1505 2588 Diocesis
1535 2505 1793 2616 Vpsallensis.
1822 2509 1870 2590 In
1885 2538 2082 2618 supreme

244 2663 250 2672 ·
296 2627 370 2704 &a
399 2646 526 2731 vsque
554 2619 821 2715 incrementis.
851 2620 1054 2720 Quocirca
1083 2617 1348 2716 Vniuersitati
1378 2619 1532 2710 Vestrae
1561 2646 1634 2728 per
1662 2618 1897 2726 Apostolica
1932 2623 2082 2734 scripta

291 2732 546 2826 mandamns,
575 2745 785 2836 quatenus.
806 2730 881 2838 ipsi
910 2729 1049 2813 Electo
1077 2745 1271 2841 tanquam
1299 2729 1410 2808 Patri
1438 2735 1478 2809 8(
1508 2731 1662 2810 Pastori
1684 2729 1909 2822 animarum
1938 2753 2091 2816 vestras

219 2925 221 2932 ,
289 2870 383 2926 rum
412 2840 532 2950 plene
561 2867 608 2928 ac
636 2839 840 2937 humiliter
868 2840 1138 2942 intendentes,
1162 2839 1388 2923 'exhibeatis
1415 2837 1922 2924 eidem·²·hon0nflcentiam
1945 2849 1985 2926 8(
2024 2872 2083 2928 re·

291 2953 515 3035 uerentiam
543 2948 722 3031 debitam
751 2955 792 3031 8(
819 2949 1027 3056 deuotam,
1055 2954 1140 3058 eius
1168 2949 1347 3034 salubria
1376 2949 1528 3032 monita
1555 2955 1596 3034 8(
1623 2948 1812 3034 mandata
1826 2956 2082 3064 suscipiendo

289 3065 475 3145 hilariter
503 3067 542 3144 8(
573 3060 790 3156 efficaciter
818 3061 1084 3167 obseruando.
1112 3062 1278 3202 Aliquin
1306 3064 1546 3166 sententiam
1579 3063 1663 3146 siue
1692 3091 1857 3196 poenam
1886 3071 1963 3148 &c
2002 3069 2081 3148 Da.

242 3173 253 3185 ‘
291 3187 379 3264 tum
407 3187 451 3256 vt
480 3174 522 3254 in
548 3174 744 3302 proxima,
803 3213 807 3221 ·

296 3569 426 3676 580.
579 3589 582 3598 '
710 3552 767 3649 ⁸·
916 3568 1282 3718 meldad
1329 3572 1463 3718 Aug.
1921 3573 2084 3722 Lyco,

369 3793 460 3856 Pete.
480 3795 656 3864 Gnssoatus
677 3791 732 3854 tc·
752 3791 830 3868 Bref
845 3792 894 3857 till
915 3795 975 3858 den
995 3790 1140 3870 utntmde
1162 3790 1340 3870 iniebat,
1360 3795 1468 3872 ,FW
1479 3793 1551 3882 med
1572 3791 1852 3866 underrattelseatt
1873 3792 1958 3856 Bisk.
1980 3795 2084 3870 leurs

422 3878 611 3944 iWcsterds
631 3876 773 3940 lommcr
793 3884 838 3937 att
858 3877 986 3952 lb‘rrdtta
1006 3878 1212 3958 invigningen.
1787 3957 1816 4022 ι
1890 3957 1940 4018 ¹⁸⁵
2008 3955 2012 3962 ,

1818 3971 1868 4014 .c.
1942 3999 1949 4012 .

668 4095 888 4204 Gregoriss
916 4095 1036 4204 Papa
1063 4095 1119 4192 Χ.
1151 4095 1324 4204 Falconi
1348 4091 1485 4177 Electa
1512 4097 1736 4210 Vprolensia

429 4240 556 4324 xCum
584 4265 659 4321 nos
687 4233 921 4332 Venerabili
948 4233 1067 4336 lfflttl
1088 4223 1234 4330 ‚nostro
1264 4298 1273 4318 .
1302 4297 1315 4332 ,
1345 4299 1354 4320 .
1383 4229 1591 4332 Arusiemi
1619 4229 1820 4353 Episcopo
1847 4241 2004 4331 uostris
2018 4237 2087 4322 des

289 4352 466 4436 derimus
482 4351 627 4433 litteris
641 4350 682 4432 in
697 4345 966 4448 mandatis-vt
982 4347 1057 4428 tibi
1069 4375 1191 4457 quem
1207 4377 1339 4456 nuper
1353 4348 1565 4458 Vpsalensi
1585 4348 1770 4461 Egelesiaa
1777 4347 2037 4465 praefecimus
2045 4353 2087 4442 in

287 4464 645 4570 Archiepiscopnm
672 4464 713 4547 8(
743 4475 948 4569 pastorem
976 4459 1110 4550 ascitis
1136 4461 1218 4542 sibi.
1240 4459 1406 4544 ,duobus
1433 4459 1497 4550 rel
1527 4459 1658 4546 tribus
1694 4461 1906 4577 Episcopis
1937 4489 2087 4556 munos

288 4573 597 4660 consecrationis
625 4568 852 4678 impendat,
879 4597 931 4668 ue
960 4587 1000 4654 te
1024 4588 1216 4679 oporteat
1244 4569 1297 4664 ad
1330 4569 1506 4667 eandem
1535 4570 1670 4656 sedem
1698 4569 1980 4688 Apostolicam
2007 4603 2089 4694 pro

285 4681 508 4764 obtinendo
536 4683 589 4766 ab
617 4683 704 4792 ipsa
732 4681 888 4790 palleo;
911 4677 1026 4791 quod
1048 4698 1108 4771 est
1135 4683 1292 4790 insigne
1319 4681 1578 4776 Pontificialis
1605 4681 1730 4798 officij
1769 4681 1971 4773 accedere
2012 4712 2089 4766 seu

285 4793 476 4874 nuntium
503 4791 727 4889 destinare,
754 4820 801 4882 ac
826 4791 977 4880 ,exinde
1007 4791 1216 4896 laboribus
1247 4819 1318 4888 seu
1341 4793 1572 4902 sumptibus
1600 4791 1782 4908 fatigari,
1811 4796 1894 4877 tuis
1923 4795 2092 4906 suppli-

285 4901 513 4990 cationibus
526 4915 780 5002 annuentes,
809 4903 986 5012 palleum
1014 4903 1146 5012 ipsum
1174 4930 1247 5012 per
1272 4917 1315 4997 te
1341 4931 1436 5002 eum
1461 4932 1512 4992 ea
1541 4933 1623 5018 qua
1639 4904 1754 4990 decet
1781 4906 1977 4988 instantia
2007 4935 2091 5016 po·

285 5011 498 5110 stolatum,
527 5011 577 5103 de
606 5017 719 5108 Beati
744 5016 854 5108 Petri
881 5040 1054 5124 corpore
1081 5029 1310 5125 sumptumg
1335 5043 1410 5128 per
1439 5017 1659 5132 Rogerium
1673 5003 2093 5145 Canonieum'Eccle·

1806 5155 1876 5223 ,stae
