4362 5946
966 489 1025 517 n·
1132 451 1213 532 aso
1311 449 1380 518 ‘-

284 679 415 788 3522·
550 745 552 750 ·
907 693 1053 823 1247
1102 678 1151 785 d.
1206 626 1462 824 -1'70Dec
1746 683 2057 832 Skenuinge.

356 897 434 966 m
453 899 591 980 bagaten
611 896 691 959 aut,
711 896 879 998 Wunm
899 893 1069 996 afnsebinn
1089 901 1193 998 iippna
1219 899 1298 962 Brcf
1312 899 1472 982 agente
1492 901 1607 984 syratin
1628 899 1740 984 degaro
1759 901 2058 982 dlatldrdem,som

407 979 481 1046 med
501 980 613 1064 gilvus
632 977 841 1044 rmdermddc
860 979 1209 1046 Prcdrlate-Brbderne
1231 1003 1242 1044 1
1263 981 1398 1064 Srgtrmn
1543 1013 1551 1022 ·

1744 1097 1930 1168 neusa

439 1231 694 1311 thunuuus
722 1229 975 1308 miseratione
1002 1223 1142 1308 diuina
1170 1227 1399 1309 Sabinensis
1435 1231 1660 1339 Episcopus
1696 1233 1929 1340 Apostolicc
1958 1232 2060 1313 sedis

213 1352 219 1366 '
273 1341 447 1450 Legatus
476 1339 676 1420 Omnibus
705 1352 909 1445 presentes
938 1335 1112 1424 Litteras
1127 1339 1366 1447 inspecturis
1382 1339 1557 1420 Salutem
1579 1345 1623 1420 in
1638 1345 1800 1422 nomine
1827 1343 1943 1422 ihesu
1958 1344 2061 1423 chri·

273 1453 335 1536 sti.
365 1453 565 1555 Quoniam
594 1466 641 1530 ut
669 1450 726 1528 ait
757 1447 964 1556 apostolus
993 1453 1065 1528 &c
1094 1454 1223 1529 scisom
1250 1451 1333 1530 Nso
1366 1451 1442 1555 275
1472 1453 1538 1532 till
1564 1453 1689 1532 uitam
1717 1468 1906 1532 eternam.
1962 1455 2061 1533 Cum

273 1564 397 1672 igitur
424 1561 600 1669 religiosi
630 1559 709 1638 uiri
739 1618 747 1637 .
780 1617 788 1638 .
819 1559 934 1638 Prior
963 1573 1003 1637 ct
1031 1554 1175 1638 fratres
1205 1555 1255 1640 de
1284 1563 1452 1641 sictunia
1479 1561 1633 1641 ordinis
1648 1561 1953 1644 predicatorum
1979 1563 2064 1671 Vp·

269 1673 433 1754 salensis
462 1669 630 1750 diocesis
658 1686 827 1778 propter
855 1666 1062 1748 dominum
1092 1669 1246 1749 ihesum
1275 1669 1467 1751 christum
1496 1686 1672 1753 extreme
1703 1671 1836 1752 ferant
1866 1675 2062 1752 sarcinam

272 1783 525 1894 paupertatis
555 1795 725 1890 propter
752 1775 865 1888 quod
893 1778 1168 1886 temporaliter
1191 1781 1437 1860 substentari
1465 1809 1549 1862 non
1564 1799 1753 1890 possunt,
1768 1784 1846 1862 nisi
1861 1784 1974 1863 iuuet
1995 1808 2062 1861 eos

273 1888 442 1974 fidelitas
471 1889 725 1971 deuotorum.
757 1888 1070 1969 Vniuersitatem
1099 1904 1272 1969 uestram
1302 1897 1558 1999 rogamus&
1587 1918 1791 1974 monemus
1820 1909 1982 1973 attente.
2004 1909 2061 1970 at·

272 2031 353 2116 que
382 2004 424 2083 in
452 2003 750 2096 remissionem·
768 2000 886 2080 uobis
914 1999 1158 2108 iniungimus
1191 2016 1468 2108 peccatorum,
1503 2005 1695 2112 quatinus
1721 2003 1772 2084 de
1800 2002 1918 2083 bonis
1947 2003 2063 2084 uobis

273 2112 430 2197 collatis
450 2138 473 2190 a
491 2111 569 2192 deo
596 2113 683 2220 pias
712 2110 947 2192 elemosinas
976 2114 1015 2189 u
1043 2125 1157 2217 grata
1186 2112 1242 2190 eis
1270 2112 1445 2192 caritatis
1486 2112 1666 2194 subsidia
1695 2117 1883 2223 erogetis,
1911 2129 1958 2192 ut
1986 2114 2062 2221 ipsi

272 2225 416 2306 uestris
444 2220 635 2329 subsidijs
661 2220 928 2315 substantem,
965 2219 1130 2301 liberius
1174 2217 1340 2300 domino
1381 2219 1545 2304 ualeant
1587 2221 1790 2320 famulari,
1819 2231 1859 2304 St
1886 2252 1961 2303 uos
1990 2251 2062 2330 per

272 2336 348 2416 hcc
375 2339 415 2416 &
444 2331 522 2412 alia
549 2332 659 2416 bona
688 2359 769 2441 que
798 2329 965 2412 domino
994 2332 1215 2439 inspirante
1242 2329 1417 2412 feceritis
1446 2331 1498 2414 ad
1532 2349 1672 2415 eterne
1705 2337 1866 2443 possitis
1894 2333 2062 2413 felicita·

272 2447 324 2528 tis
352 2441 497 2553 gaudia
526 2444 750 2549 peruenire.
781 2443 865 2523 Nos
894 2441 1001 2522 enim
1029 2440 1080 2521 de
1109 2442 1397 2549 omnipotentis
1439 2442 1504 2525 dei
1554 2445 1826 2526 misericordia
1856 2449 1896 2524 &
1923 2447 2063 2526 beato-

237 2582 363 2638 ·rum
392 2554 499 2638 Petri
527 2559 568 2634 ἃ
596 2553 710 2636 Pauli
739 2549 1016 2662 apostolorum
1044 2551 1129 2630 eius
1159 2554 1398 2633 auctoritate
1426 2551 1584 2650 conlisi,
1613 2555 1800 2636 omnibus
1839 2583 1932 2636 uere
1948 2556 2063 2664 peni·

143 2667 151 2674 ’
274 2667 454 2750 tentibus
481 2667 521 2742 81
548 2663 738 2746 confessis
766 2663 838 2773 qui
867 2687 1030 2741 manum
1058 2661 1114 2740 eis
1142 2665 1398 2768 porrexerint
1425 2666 1614 2746 caritatis.
1652 2666 1931 2774 Quadraginta
1977 2664 2063 2747 dies

275 2775 340 2860 uel
369 2800 504 2855 unam·
518 2775 693 2854 carinam
722 2770 772 2855 de
800 2773 983 2861 iniuncta
1011 2769 1089 2851 sibi
1119 2775 1337 2882 penitentia
1367 2774 1678 2858 misericorditer
1705 2777 1943 2857 relaxamus.
1981 2777 2063 2854 Da·

274 2905 362 2969 tum
391 2883 628 2992 Scheninge.
671 2885 780 2966 XVI.
810 2881 901 2966 Kal.
938 2879 1131 2988 lanuarij,
1188 2883 1446 2966 Pontificatus
1491 2883 1644 2966 domini
1687 2885 1914 2991 innocentij
1957 2912 2063 2993 pape

274 2998 412 3108 quartj
442 3021 549 3076 anno
578 2996 743 3096 Quinto.

780 3134 899 3220 sigillet
919 3133 1098 3213 bortsnllet3
1125 3133 1445 3216 Pergamcntsremrcn
1466 3153 1552 3217 qm.

266 3498 410 3608 353.
900 3514 1047 3642 1247
1096 3494 1144 3600 d.
1199 3495 1265 3602 18
1312 3496 1433 3600 Dee.
1728 3493 2061 3641 'Skenninge

354 3715 432 3780 Pae.
452 3718 598 3799 Legaten,
631 3717 709 3778 Bisl.
731 3717 897 3780 Wrmmus
918 3717 956 3777 af
970 3715 1086 3777 Sabina
1108 3712 1400 3776 suanense-Bru
1415 3713 1434 3776 ἂ
1455 3713 1507 3774 det
1528 3713 1566 3774 el*
1583 3713 1734 3798 Bitkopcn
1755 3717 1766 3775 i
1788 3711 2064 3800 Linkb'pinggjor·

406 3800 446 3863 da
467 3798 677 3866 terordnnnde
697 3819 752 3862 orn
773 3799 898 3860 tionden
919 3797 956 3857 af
972 3797 1066 3858 Slaka
1088 3795 1217 3898 Socken.

1777 3873 1806 3930 a
1828 3874 1929 3944 3:1⁴6.

438 4016 693 4097 Wrnmuuus
721 4012 981 4093 miseracione
1009 4009 1147 4091 diuina
1175 4012 1395 4092 sabinensis
1438 4014 1652 4120 episcopus
1693 4009 1912 4118 apostolice
1957 4012 2063 4094 sedis

272 4127 427 4235 legatus
455 4126 605 4208 dilecto
632 4123 717 4204 filio
744 4123 947 4232 magistro.
977 4121 1025 4200 H.
1055 4123 1250 4201 canonico
1279 4122 1511 4230 lincopensi.
1540 4119 1709 4200 salutem
1738 4121 1782 4227 jn
1797 4122 1963 4202 nominc
1979 4125 2064 4204 ihe-

272 4261 318 4316 su
348 4235 488 4317 christi
516 4237 618 4316 Cum
647 4263 670 4313 a
700 4233 818 4315 nobis
847 4234 998 4340 petitur
1025 4231 1137 4340 quod
1166 4233 1316 4311 iustum
1358 4247 1419 4311 est
1460 4235 1501 4312 8r
1543 4231 1773 4326 honestum,
1817 4247 1898 4310 tam
1943 4236 2065 4340 uigor

162 4431 170 4436 ,
271 4349 459 4453 equitatis
473 4368 594 4457 quem
616 4343 719 4425 ordo
747 4345 874 4450 exigit
900 4340 1071 4428 racionis
1098 4358 1142 4421 vt
1169 4339 1212 4421 id
1239 4368 1313 4449 per
1340 4339 1652 4426 sollicitudinem
1693 4340 1818 4448 ollicij
1846 4347 1979 4424 nostri
2009 4345 2064 4424 ad

271 4453 452 4536 debitum
481 4454 729 4565 perducatur
757 4453 946 4536 effectum
975 4453 1074 4532 Cum
1106 4451 1228 4556 igitur
1266 4469 1380 4560 pater
1396 4511 1405 4530 .
1423 4511 1432 4530 .
1449 4450 1517 4558 dej
1531 4452 1665 4559 gracia
1679 4455 1893 4560 episcopus
1922 4455 2065 4562 lynco-

271 4565 403 4669 pensis
431 4591 562 4672 nuper
591 4562 762 4646 decimas
790 4589 911 4671 quem
941 4565 983 4642 in
1012 4560 1178 4643 ecclesia
1207 4556 1257 4638 de
1286 4559 1401 4638 slalm
1444 4553 1701 4669 lyncopensis
1748 4559 1934 4670 dyocesis
1977 4569 2065 4675 epi.

271 4689 460 4782 scopatus
486 4676 549 4782 suj
578 4675 738 4754 nomine
765 4671 977 4753 obtinebat
1005 4665 1210 4778 prebende
1237 4683 1307 4746 tue
1335 4669 1590 4782 lyncopensis
1624 4671 1788 4752 ecclesie
1817 4701 1899 4782 que
1943 4679 2065 4756 nimis

271 4781 405 4862 tenuis
433 4780 566 4864 fumat
595 4785 758 4864 duxerit
784 4783 888 4861 sicut
922 4781 1146 4887 accepimus
1181 4775 1468 4884 inperpetuum
1509 4777 1800 4866 annectendam
1830 4811 1905 4864 nos
1948 4785 2064 4896 quod

274 4892 326 4972 ab
354 4917 404 4974 eo
433 4893 624 4999 episcopo
650 4887 824 5000 prouida
853 4889 1090 4970 factumest
1117 4885 1164 4994 jn
1190 4886 1266 4965 hac
1285 4905 1398 4993 parte
1426 4907 1558 4971 ratum
1586 4890 1780 4975 hebentes
1808 4893 1851 4974 id
1881 4898 2062 4977 auctori·
