4362 5946
978 462 1397 544 ..286-

289 675 500 762 Lundensi
527 673 651 760 fuerit
677 677 730 760 ab
759 677 993 788 Apostolica
1024 679 1128 762 Sede
1155 707 1407 780 concessum,
1436 704 1482 766 ut
1510 718 1558 766 ‚a
1588 744 1597 765 .
1625 677 2051 794 Archiepiscopobun·

187 863 188 866 a
286 789 411 902 ¹densi
453 787 631 874 Palleum
666 815 689 869 a
718 789 821 876 Sede
849 787 1083 901 Apostolica
1110 794 1407 875 transmittatur
1442 793 1493 876 de
1530 821 1652 876 manu
1685 794 1773 904 ejus
1801 795 1855 875 ab
1883 857 1893 877 .
1921 859 1929 878 .
1955 859 1963 878 .
1986 799 2053 906 Vp

285 900 438 982 salensi
480 899 832 1012 Archiepiscopo‚-·
851 905 924 1095 gui
952 905 990 983 ei
1015 902 1106 1014 jure
1134 904 1320 986 Primatie
1349 907 1510 1004 subesse
1538 906 1761 989 dinoscitur
1787 905 2055 990 assumendum.

284 1005 377 1095 Nos
406 1009 567 1094 illorum
595 1015 858 1205 ppstulationi
889 1043 937 1097 us
965 1029 1186 1095 annuentes
1214 1043 1288 1125 per
1315 1043 1385 1098 eos
1413 1019 1544 1126 ipsum
1572 1018 1624 1099 de
1645 1019 1817 1126 corpore
1836 1017 1945 1099 Beati
1968 1020 2057 1100 Petri
2151 1011 2152 1063 ³

285 1132 496 1231 'sumptum
524 1123 601 1206 tibi
659 1127 840 1236 irigimus
869 1127 905 1208 ei
935 1128 1047 1206 iunta
1076 1122 1247 1206 formam
1276 1127 1581 1236 privilegiorum
1595 1127 1725 1209 eidem
1747 1129 1924 1210 Ecclesie
1941 1129 2059 1210 aSede

289 1235 525 1345 Apostolica
554 1263 835 1318 concessorum
863 1265 913 1319 ex
942 1253 1059 1346 parte
1086 1252 1227 1318 nostra
1255 1236 1425 1319 fideliter
1454 1237 1747 1370 assignandum.
1783 1241 1982 1343 Quocirca
1995 1239 2058 1320 ira·

288 1347 522 1428 ternitatem
549 1364 659 1427 tuam
686 1375 895 1429 monemus
923 1355 1078 1428 attente
1106 1374 1179 1455 per
1207 1349 1616 1459 apostolica'scrrpta‘
1640 1349 1893 1446 mandantes,
1939 1367 2061 1461 quate·

289 1485 366 1538 nus
394 1455 495 1538 illud
524 1458 700 1567 assignes
728 1458 859 1540 eidem
887 1457 962 1539 sub
991 1456 1196 1567 predicta,
1225 1479 1266 1563 et
1294 1487 1339 1540 ea
1368 1460 1516 1558 forma,
1543 1488 1668 1572 quam
1695 1460 1770 1542 sub
1798 1461 1912 1543 bulla
1944 1481 2063 1543 nostra

288 1569 366 1649 tibi
393 1567 586 1649 mittimus
616 1570 894 1667 interclusam,
923 1585 964 1648 et
993 1569 1044 1648 ab
1074 1569 1164 1676 ipso
1192 1571 1354 1649 nomine
1371 1587 1530 1666 nostro,
1557 1591 1599 1654 ct
1619 1571 1793 1652 Ecclesie
1815 1572 1988 1652 Romane
2001 1571 2063 1650 sub

2150 1611 2152 1674 l

288 1677 439 1790 forma,
459 1707 591 1789 quam
618 1680 696 1760 sub
724 1680 862 1762 eadem
891 1678 1002 1760 bulla
1031 1678 1241 1788 dirigimus
1271 1679 1473 1762 fidelitatis
1487 1684 1656 1790 recipias
1668 1681 1949 1791 juramentum
1981 1682 2065 1762 For·
2150 1737 2152 1798 2

288 1814 395 1870 mam
422 1807 556 1871 autem
584 1790 819 1899 juramenti,
847 1787 960 1899 quod
988 1791 1074 1898 ipse
1104 1788 1302 1897 prestabit
1331 1793 1448 1871 nobis
1477 1820 1551 1900 per
1579 1792 1756 1874 eiusdem
1791 1809 1974 1903 patentes
2012 1791 2064 1871 lit·
2150 1815 2152 1872 t

288 1916 397 1984 teras
427 1901 504 1982 sub
532 1899 665 2012 sigillo
694 1908 871 2010 signatas
900 1927 975 2008 per
1003 1901 1216 2010 proprium
1250 1903 1446 1990 Nuntium
1488 1903 1732 2012 quantocius
1774 1902 1938 1986 studeas
1965 1899 2067 1986 desti·
2151 1919 2152 1994 t

290 2037 424 2136 nare.¹
455 2012 546 2136 Dat.
563 2013 749 2125 ‘Viterbij
776 2012 886 2094 XVI.
915 2011 1006 2094 Kal.
1035 2012 1198 2096 ianuar.
1227 2019 1346 2094 Anno
1376 2013 1505 2095 Nono.

250 2401 425 2550 ²93
518 2371 523 2408 ⁴
940 2395 1089 2506 1236
1135 2391 1184 2501 d.
1241 2435 1304 2504 12
1354 2400 1463 2504 Jan.
1828 2393 2071 2507 ¹Viterbo.

369 2619 655 2765 mgb-emm
678 2617 747 2682 lXtt
767 2593 966 2700 Skyddsbrel'
990 2618 1041 2682 fair
1071 2619 1241 2682 Nunnorna
1273 2621 1284 2681 i
1315 2617 1486 2703 lliaaberga
1516 2630 1597 2682 samt
1626 2618 1734 2700 ajelfva
1766 2618 1895 2681 llostret
1924 2596 1989 2680 och
2017 2615 2072 2677 des

469 2723 552 2786 agor.

1759 2815 1796 2870 Α.
1816 2831 1838 2868 ιι
1860 2832 1886 2870 ιθ
1911 2816 1954 2869 13·

454 2940 684 3040 Gnsconus
713 2957 928 3068 episcopus
956 2983 1097 3037 seruus
1125 2980 1335 3037 seruorum
1349 2951 1426 3037 dei.
1456 2953 1621 3039 Dilectis
1636 2953 1679 3031 in
1701 2946 1854 3032 cbristo
1869 2949 2070 3032 filiabus..

285 3071 478 3164 Priorisse
507 3094 554 3148 ac
585 3068 821 3178 Conuentuj
849 3067 1082 3176 Monasterij
1110 3059 1246 3148 sancte
1269 3065 1394 3146 Maris
1423 3065 1474 3148 de
1504 3062 1691 3170 Risibcrg
1712 3061 1990 3143 Cisterciensis
2019 3083 2074 3136 or-

286 3177 392 3263 dinis
421 3181 728 3292 Strcngencnsis
756 3179 938 3262 diocesis.
994 3179 1173 3260 Salutem
1207 3194 1248 3257 et
1266 3185 1267 3190 '
1283 3178 1547 3286 apostolicam
1591 3172 1926 3258 benedictionem.
1984 3169 2075 3249 Cum

287 3318 311 3371 a
339 3291 457 3372 nobis
485 3294 637 3401 petitur
665 3291 779 3404 quod
808 3291 956 3370 iustum
985 3306 1045 3371 est
1073 3308 1114 3373 et
1141 3287 1357 3371 honestum
1385 3303 1468 3368 tam
1482 3288 1601 3396 uigor
1674 3285 1812 3365 uitatis
1827 3311 1954 3393 quam
1983 3275 2075 3361 ordo

288 3403 414 3510 exigit
442 3405 610 3483 rationis
638 3421 686 3484 ut
714 3403 757 3485 id
838 3397 1198 3484 rsollioitudinem
1225 3396 1350 3504 officij
1384 3398 1526 3507 nostrj,
1556 3398 1607 3479 ad
1665 3395 1818 3476 ebitum
1833 3394 2076 3503 perducatur

156 3534 161 3558 ⁸
287 3510 489 3594 effectum.
519 3515 748 3624 Eapropter
805 3512 919 3592 ilecte
948 3512 991 3592 in
1018 3509 1185 3592 domino
1214 3509 1292 3589 filie
1319 3511 1463 3590 uestris
1478 3509 1588 3590 iustis
1608 3505 1953 3698 postulationibus
1968 3514 2076 3624 grato

287 3641 573 3704 concurrentes
602 3651 775 3720 assensu,
804 3648 997 3734 personas
1011 3639 1165 3703 uestras
1193 3626 1233 3700 &
1261 3620 1395 3699 locum
1424 3621 1467 3700 in
1496 3642 1580 3731 quo
1637 3618 1751 3707 iuino
1772 3619 1865 3697 estis
1886 3617 2078 3721 obsequio

286 3729 534 3842 mehupas,
562 3761 655 3814 cum
683 3735 870 3816 omnibus
898 3733 1015 3814 bonis
1050 3759 1130 3846 quc
1173 3733 1226 3812 im
1258 3731 1523 3812 resentiarum
1565 3725 1860 3808 rationabiliter
1903 3718 2077 3835 possidet

286 3863 358 3928 aut
387 3847 430 3928 in
458 3841 643 3924 futurum
671 3847 786 3926 iustis
815 3842 944 3925 modis
973 3861 1179 3951 prestante
1208 3760 1376 3924 dtimino
1402 3842 1553 3950 poterit
1581 3837 1749 3948 adipisci
1776 3837 1854 3917 sub
1870 3837 1985 3920 beati
2011 3833 2078 3911 Pe·

284 3958 342 4066 trj
375 3974 417 4038 et
444 3971 584 4036 nostra
610 3957 865 4064 protectione
906 3955 1155 4062 suscipimus.
1212 3951 1446 4065 Specialiter
1473 3967 1609 4032 autem
1638 3948 1917 4057 possessiones.
1956 3959 2078 4058 prata.

287 4071 472 4168 Nemora.
507 4067 652 4146 atalia
682 4067 790 4148 bona
820 4081 953 4148 uestra
981 4065 1084 4147 sicut
1112 4094 1158 4146 ea
1186 4063 1321 4146 omnia
1352 4063 1455 4144 iuste
1482 4089 1529 4142 ac
1558 4059 1722 4170 pacifice
1756 4058 1977 4168 possidetis
2013 4080 2079 4133 uo·

285 4181 348 4262 bis
376 4197 417 4260 et
446 4206 519 4288 per
547 4205 621 4259 uos
645 4175 793 4260 'uestro'
817 4176 1061 4258 Monasterio
1090 4175 1330 4260 auctoritate
1359 4173 1578 4282 apostolica
1605 4168 1899 4252 confirmamus.
1932 4184 1978 4248 et
1994 4189 2080 4275 pre-

286 4293 409 4372 sentis
437 4291 579 4398 scripti
606 4290 835 4398 patrocinio
863 4289 1166 4368 communimus.
1196 4283 1308 4368 Nulli
1322 4309 1420 4390 ergo
1442 4288 1516 4368 &c
1544 4283 1679 4394 Siquis
1695 4285 1768 4362 dcc.
1806 4283 2076 4362 incursurum.

254 4425 260 4434 ·
286 4401 434 4482 Datum
462 4399 652 4508 Viterbij.
683 4401 731 4482 ll.
759 4399 865 4483 Idus.
896 4399 1086 4507 lanuarij.
1115 4394 1375 4478 pontificatus
1396 4392 1525 4500 uostrj
1554 4397 1679 4474 Anno
1712 4393 1847 4474 Nono.

880 4563 884 4572 ·
1001 4537 1169 4622 blybullan
1190 4531 1367 4599 bortsallen.

2150 2387 2152 2452 l
