4398 5958
1021 461 1095 535 ’-
1198 469 1285 564 '514
1391 513 1450 535 -
1538 529 1542 536 ·

346 697 408 788 ita
435 677 573 802 tanlen¹
594 676 714 799 quod
741 689 854 800 osma
881 687 1027 768 collata
1055 690 1226 772 canonis
1276 690 1395 775 nubis
1423 690 1624 800 upsalensi
1659 689 1823 772 eccesia
1856 691 2022 772 canemus
2042 723 2083 776 as

350 807 505 912 signate
534 819 734 912 perpetuo
770 800 825 880 sit
858 827 1029 882 annexa.
1062 802 1114 880 Ju
1150 805 1265 884 euius
1292 801 1353 882 rei
1380 801 1655 884 testimonium
1684 805 1723 879 8(
1750 815 1974 908 perpetuam
1996 801 2085 884 firmi

342 929 475 995 tatem
503 911 754 1022 presentibus
781 908 957 1019 sigillum
998 928 1183 991 nostrum
1217 909 1405 993 duximus
1442 908 1765 1020 appendendum.
1823 911 1963 988 Datum
1988 917 2085 995 arud

272 1056 280 1086 =
349 1052 459 1106 anno
484 1023 648 1106 domini.
677 1020 1053 1102 M⁰.CC⁰.LXXVII.
1084 1017 1292 1102 Vniuersis
1321 1023 1446 1102 eciam
1474 1039 1660 1103 constare
1677 1019 1876 1100 uolumus
1901 1025 1938 1099 8(
1962 1021 2087 1131 lucem

349 1132 463 1245 quod
493 1134 617 1214 Curia
643 1147 781 1214 nostra
815 1130 977 1211 ecclesie
1012 1132 1213 1239 upsalensi
1241 1131 1406 1228 collata,
1449 1133 1567 1214 nobis
1597 1130 1696 1214 dum
1723 1131 1937 1212 uixerirnus
1965 1136 2088 1214 attineat

321 1240 571 1327 'seeundum
600 1239 759 1322 libitum
787 1237 1023 1321 ordinanda.

391 1383 521 1469 Sigillet
543 1381 704 1467 hingande
724 1384 735 1444 i
756 1403 795 1444 en
815 1381 951 1468 uulippt
971 1401 1088 1462 remea,
1111 1391 1145 1442 tr
1154 1378 1450 1530 cpkrgdehfadffiostl.
1470 1383 1556 1446 Petri
1576 1381 1637 1444 och
1657 1328 1750 1444 Pauli
1769 1379 1882 1459 bilder,
1901 1401 1939 1444 m.
1957 1386 2002 1459 m.)
2018 1381 2064 1443 och
2146 1393 2147 1468 p

380 1513 382 1517 ,
1099 1485 1154 1547 my

354 1699 488 1808 621.
1168 1731 1335 1836 1277.

347 1935 353 1974 r
430 1916 628 1982 Fsrbenstte
648 1915 765 1978 Emere
786 1913 865 1976 Bref
880 1931 933 1974 om
954 1912 1204 1976 diverlemnmde
1224 1913 1263 1975 af
1279 1915 1504 1997 bagmanstorp
1524 1913 1573 1976 till
1594 1915 1734 1978 Barnous
1756 1914 1936 1979 samsone.

1795 2027 1832 2082 A.
1851 2027 1877 2080 s
1894 2044 1916 2079 a.
1935 2042 1956 2080 t:
1969 2044 1993 2096 9.

269 2149 272 2157 '
449 2151 455 2168 ·
516 2127 714 2208 Omnibus
742 2125 787 2233 jn
819 2124 972 2207 christo
1000 2124 1186 2207 fidelibus
1213 2123 1265 2206 ad
1298 2153 1402 2235 quos
1440 2126 1573 2208 littere
1617 2144 1823 2235 presentes
1865 2131 2088 2236 peruenerint
2131 2203 2134 2214 .

348 2237 585 2322 Benedictus
614 2237 741 2317 frater
769 2237 874 2345 regis
908 2262 1108 2316 sweorum
1137 2236 1317 2344 jllustris.
1360 2236 1529 2317 salutem
1563 2238 1608 2346 jn
1637 2237 1802 2319 domino
1846 2240 2088 2344 sempiternam

348 2353 553 2456 Quoniam
581 2352 761 2433 omnium
788 2345 939 2424 habere
967 2347 1197 2428 memoriam
1227 2354 1267 2448 8(
1295 2350 1336 2428 in
1364 2343 1479 2427 nullo
1509 2371 1643 2428 errare
1671 2349 1815 2456 pocius
1828 2365 1889 2430 est
1915 2349 2087 2430 diuinitatis

378 2487 471 2542 uam
499 2458 769 2539 humanitatis.
799 2459 898 2536 Cvrn
928 2453 1065 2536 diuino
1080 2485 1149 2567 res
1173 2458 1458 2565 perfectissime
1472 2460 1564 2538 sint.
1593 2458 1759 2542 humani
1782 2487 1882 2540 vero
1910 2458 2000 2565 juris
2020 2487 2087 2540 con·

348 2489 457 2655 dicio
484 2571 530 2679 jn
558 2569 756 2650 inlinitum
787 2567 974 2648 decurrit.
991 2573 1029 2646 8(
1044 2569 1085 2646 in
1100 2595 1149 2648 eo
1164 2569 1286 2649 nichil
1314 2585 1375 2650 est
1403 2570 1516 2678 quod
1532 2587 1729 2680 perpetuo
1744 2588 1852 2663 stare
1879 2572 2001 2676 possit
2014 2571 2087 2650 Hinc

261 2711 265 2718 ’
347 2711 398 2764 en
425 2676 722 2790 longinquitate
745 2680 943 2785 ¹temporis
971 2677 1117 2758 accidit
1146 2696 1190 2760 vt
1217 2681 1455 2787 regulariter
1477 2681 1638 2760 euenire
1665 2678 1776 2761 solet.
1807 2680 1919 2790 quod
1934 2709 2001 2790 que
2012 2681 2087 2759 clara

347 2800 389 2875 8(
415 2789 592 2874 dilucida
619 2805 714 2869 sunt
743 2787 1007 2897 presentibus.
1037 2789 1159 2870 dubia
1176 2789 1412 2898 frequenter
1440 2796 1479 2871 8(
1508 2792 1681 2872 obscura
1710 2811 1805 2873 suut
1832 2792 1980 2872 futuris
2004 2792 2087 2870 Juxta

347 2901 447 2986 illud
476 2899 719 3010 philosophi.
747 2899 896 3007 quein
924 2914 1105 3010 ternpore
1121 2900 1328 2980 fiuntcum
1356 2919 1537 3007 tempore
1565 2901 1770 2980 labefiunt.
1800 2901 1951 3010 quibus
1973 2927 2087 2980 excau-

346 3020 400 3098 sis
427 3028 536 3094 mota
565 3011 735 3118 diligens
756 3009 1015 3136 antiquorum
1045 3011 1305 3117 prouidencia
1347 3030 1489 3090 contra
1518 3012 1735 3092 obliuionis
1764 3011 2006 3120 dispendium
2021 3011 2086 3090 scri

348 3141 466 3232 pture
480 3119 701 3199 remedium
714 3118 929 3214 salubriter
949 3119 1166 3200 adinuenit.
1195 3140 1239 3202 vt
1265 3149 1345 3231 que
1360 3137 1561 3230 geruntur
1575 3124 1617 3200 in
1631 3125 1791 3228 scriptis
1820 3122 2085 3231 redigentesin

220 3285 223 3290 -
347 3233 506 3338 scriptis
519 3229 682 3310 redacta
695 3230 902 3309 hominum
924 3234 1111 3310 memorie
1125 3230 1456 3312 commendentur
1483 3230 1527 3338 jn
1558 3230 1739 3312 futurum
1768 3233 1821 3312 ad
1838 3229 2086 3337 omnemnegli·

348 3344 486 3451 gencie
516 3347 555 3419 8(
576 3340 834 3421 obscuritatis
849 3341 1055 3420 materiam
1070 3339 1356 3448 extirpandam.
1387 3339 1545 3421 Tenore
1560 3342 1684 3449 igitur
1714 3345 1964 3448 presencium
1989 3353 2086 3420 noscat

218 3507 226 3516 -
348 3469 431 3531 tam
460 3477 623 3556 presens
651 3466 734 3529 etas
762 3476 881 3558 quam
919 3447 1052 3527 futura
1083 3453 1308 3557 posteritas.
1351 3477 1426 3528 nos
1468 3450 1616 3531 dilecto
1651 3458 1951 3558 consanguineo
1987 3467 2114 3530 nostro¹

347 3559 601 3666 Briniulpho
638 3556 789 3637 domini
819 3559 943 3664 algoti
985 3559 1137 3665 legiferi
1174 3575 1430 3668 vesgotorum
1475 3560 1556 3638 filio
1585 3567 1624 3639 8(
1652 3561 1733 3640 suis
1775 3561 1987 3644 heredibus
2020 3559 2086 3640 duas

346 3672 479 3756 curias
506 3687 664 3750 nostras
692 3667 818 3748 dictas
847 3666 1152 3776 lagmanztborp
1180 3672 1274 3750 sitas
1303 3672 1343 3749 in
1374 3671 1563 3776 parocbia
1594 3668 1645 3749 de
1669 3669 1766 3778 lung
1781 3698 1874 3750 eum
1891 3673 1988 3779 agris
2011 3668 2085 3749 siluis

347 3783 475 3891 pratis
503 3779 672 3858 coloniis
730 3777 881 3855 iscariis
903 3777 1203 3858 &molendino
1232 3776 1342 3888 quod
1375 3795 1434 3857 est
1470 3779 1729 3886 bardhaetorp
1759 3783 1798 3858 8(
1827 3783 2004 3864 omnibus
2028 3778 2085 3857 aliis

348 3889 608 4001 pertinenciis
637 3806 854 3966 mobilibus
883 3891 922 3964 8(
950 3887 1222 3968 immobilibus
1248 3917 1299 3968 ex
1325 3915 1523 3999 consensu
1552 3889 1744 3971 heredum
1765 3907 1990 3970 nostrorum
2013 3911 2086 3968 mere

346 3999 539 4088 &libere
568 3998 656 4104 J'ure
685 4012 883 4106 perpetuo
911 3997 987 4074 rite
1017 4000 1057 4074 8(
1086 3997 1265 4105 legaliter
1307 3999 1524 4080 contulisse
1559 3999 1777 4082 secuudum
1826 4016 1933 4081 terre
1963 4023 2087 4078 consue

347 4109 508 4192 tudines
538 4107 796 4216 approbatas·
853 4108 1004 4186 Dentes
1032 4107 1171 4190 eidem.
1200 4111 1238 4190 b.
1269 4115 1308 4188 8(
1335 4111 1415 4188 suis
1448 4108 1663 4190 heredibus
1705 4109 1813 4189 bona
1860 4110 2085 4219 suprascripta

347 4237 438 4317 curn
467 4219 723 4327 pertinenciis
766 4218 975 4324 assignatis
1011 4215 1178 4298 liberam
1224 4218 1454 4300 facultatem
1484 4217 1664 4300 donandi
1692 4220 1896 4300 vendendi
1923 4213 2085 4329 obligandi

343 4358 416 4420 seu
443 4330 523 4411 alio
552 4355 808 4438 quocumque
837 4326 957 4408 modo
986 4327 1185 4409 alienandi
1214 4358 1291 4437 pro
1322 4356 1392 4408 sue
1414 4328 1531 4412 libito
1560 4329 1790 4412 voluntatis.
1812 4332 1889 4410 Jta-
1909 4333 2012 4440 quod
2033 4345 2085 4408 tan

345 4440 465 4522 nobis
492 4467 615 4550 quarn
642 4435 858 4517 heredibus
890 4439 1039 4518 nostris
1066 4437 1175 4518 hona
1218 4438 1399 4548 predicta
1440 4441 1523 4527 vllo
1559 4469 1735 4550 unquam
1776 4456 1957 4551 tempore
1982 4444 2018 4521 in
2039 4463 2084 4546 ps

346 4564 496 4631 sterum
523 4572 782 4658 quocumque
809 4548 970 4654 ingenio
999 4548 1221 4656 repetendi.
1253 4552 1383 4630 omnis
1409 4552 1577 4633 facultas
1605 4557 1645 4632 8(
1672 4553 1829 4632 occasio
1858 4553 2085 4633 subtrahatur.

346 4658 400 4737 ln
427 4660 540 4738 cuius
568 4661 626 4740 rei
654 4652 902 4762 euidenciam
937 4656 1168 4766 pleniorem.
1219 4661 1378 4766 litterasv
1412 4679 1614 4769 presentes
1648 4662 1782 4769 sigillo
1821 4681 1959 4744 nostro
1985 4656 2086 4741 &ln-
2144 4715 2147 4728 .

345 4785 456 4854 trum
483 4786 714 4849 nostrorum
743 4764 927 4850 duximus
956 4768 1198 4878 sigillandas.
1228 4787 1272 4852 vt
1301 4798 1422 4879 super
1444 4769 1667 4854 donacione
1695 4790 1775 4853 tarn
1792 4774 1868 4852 rite
1883 4764 2087 4854 factasunis

344 4876 591 4989 negligencie
619 4879 785 4958 materia
812 4877 1075 4962 subtrahatur
1117 4883 1200 4960 tam
1228 4882 1399 4991 posteris
1426 4910 1548 4993 quam
1590 4881 1804 4966 modernis.
1846 4886 1989 4966 Datum
2011 4897 2087 4962 anns

346 4985 498 5072 domini
529 4987 930 5067 Mrmcthxwrr.
1291 5037 1295 5045 .
1676 4999 1677 5004 '
2128 4995 2129 4998 ‘

368 5095 370 5099 ’
508 5093 647 5177 sigillent
668 5096 728 5157 Nto
753 5117 779 5174 r,
800 5096 1001 5177 Kooungens,
1018 5095 1178 5177 bengande
1198 5099 1209 5158 i
1230 5097 1301 5160 rddt
1321 5100 1408 5178 silla,
1429 5101 1555 5182 mychet
1573 5101 1713 5179 slsdsdt3
1735 5107 1793 5167 Nto
1815 5125 1833 5164 2
1853 5103 1968 5166 saknas.
