4404 5960
1021 443 1077 472 -
1186 379 1267 503 sss
1376 331 1576 546 ξ’

338 627 461 709 tuisse
488 620 593 706 vnde
613 620 779 736 firmiter
806 619 1053 707 &districte
1080 621 1339 733 prohibemus
1366 623 1428 706 Ne
1455 625 1547 736 quis
1561 625 1941 736 cuiuscunquesexus
1949 632 2053 718 condi·

338 736 467 818 oionis
493 736 579 814 siue
606 735 732 816 status
761 730 962 842 predictas
991 733 1173 815 dominas
1201 735 1245 844 jn
1274 736 1397 816 rebus
1424 752 1496 816 aut
1524 735 1705 845 personis
1719 746 1905 846 presumat
1917 737 2054 845 jndebitt'

337 841 560 926 molestare.
590 843 703 954 quod
730 845 765 922 si
792 846 884 954 quis
911 861 1051 924 contra
1078 844 1398 954 prohibicionem
1427 863 1606 928 nostram
1634 875 1734 929 ausu
1760 851 1948 928 temerario
1971 858 2057 932 attus·

278 1015 280 1020 .
334 952 473 1035 luerit*
489 970 727 1062 attemptare
740 953 958 1034 vindictam
971 957 1080 1064 regie
1094 957 1307 1036 maiestatis
1321 953 1599 1062 indubitanter
1614 984 1656 1037 se
1668 959 1824 1036 nouerit
1843 957 2054 1064 incursurum.

337 1067 498 1146 Datum.
526 1063 683 1174 etaeghi,
711 1066 832 1146 Anno
861 1063 1023 1147 domini.
1050 1065 1425 1146 M⁰.CC⁰.LXX·.I⁹.
1452 1066 1497 1174 jn
1524 1066 1724 1149 dominica
1752 1065 1962 1177 palmarum.

1076 1171 1198 1254 sigillet
1217 1169 1386 1238 tentatus
1487 1203 1489 1208 ,
1879 1193 1885 1206 ·

344 1373 476 1514 549
547 1385 562 1462 I
694 1311 698 1320 ι
992 1315 1138 1508 1n71
1189 1365 1518 1516 d.6·Apn·

420 1586 556 1666 Kooung
576 1585 776 1648 wonmms
797 1584 979 1670 belrttstelse
999 1584 1041 1668 ps
1062 1582 1122 1646 den
1148 1583 1280 1647 rdruude
1311 1561 1488 1668 uti-sstjning
1517 1584 1566 1648 till
1595 1585 1718 1668 kyrian
1739 1586 1777 1649 ul
1791 1605 1844 1662 en,
1864 1582 1923 1646 Fru
1940 1578 2037 1643 baaru
2057 1581 2065 1640 i

473 1686 603 1748 mongon
626 1665 699 1728 tua
719 1667 842 1746 turtum,
863 1667 942 1747 gdrd
962 1670 973 1728 i
993 1667 1171 1729 Kasterldsu
1198 1666 1313 1730 sledda
1333 1668 1501 1751 idulihning
1521 1665 1637 1730 mellan
1668 1669 1748 1730 Bisl.
1778 1667 1889 1730 Hmre
1906 1667 1916 1726 i
1934 1662 2065 1743 Liuliplnp

472 1747 533 1810 och
553 1769 592 1812 en
636 1749 1257 1829 ennesmans,81oors‚m·fvinge,som
1287 1749 1468 1816 struamus
1499 1750 1593 1836 liipet
1621 1750 1772 1834 olagtigt,
1802 1755 1872 1811 endu
1899 1741 2065 1828 guterius

469 1829 573 1891 blifvit
592 1838 742 1892 ntrmaste
760 1832 1019 1912 sltgtingarllirst
1038 1830 1234 1914 hembjuden.
1775 1914 1802 1968 A
1831 1912 1847 1966 3
1949 1908 1963 1960 5

1803 1949 1811 1965 .
1848 1927 1896 1964 .ο.
1914 1921 1935 1962 1:
1964 1944 1971 1959 .

503 1995 704 2080 Omnibus
730 2013 932 2105 presentes
967 1983 1121 2094 litteras
1163 1997 1413 2106 inspecturis.
1456 1985 1525 2078 W.
1554 1993 1619 2100 dei
1647 1998 1782 2106 gracia
1802 1997 1886 2078 Rex
1897 1989 2067 2082 sueorum,

341 2106 509 2190 salutern
552 2109 595 2190 iu
637 2107 802 2189 domino
844 2109 1126 2216 sempiternam
1151 2152 1169 2169 ·
1197 2108 1300 2188 Cum
1332 2109 1501 2188 honesta
1542 2109 1712 2200 mulier'
1730 2108 1900 2190 domina.
1938 2099 2068 2206 lngerig.
2137 2129 2139 2218 p

340 2218 493 2300 curiam
520 2242 633 2298 suam
659 2218 704 2295 in
731 2211 954 2308 hastarluso
982 2245 1104 2328 quam
1131 2213 1209 2300 sihi
1237 2215 1425 2298 dominus
1466 2212 1582 2326 siggo
1609 2220 1776 2299 maritus
1796 2241 1897 2308 ‚suus
1921 2212 1958 2290 in
1979 2207 2069 2288 doua-
2137 2247 2139 2334 p

340 2331 498 2409 cionem
523 2342 694 2436 propter
720 2326 889 2433 nupcias
918 2329 1154 2437 assignarat,
1183 2325 1360 2411 domino.
1389 2327 1438 2408 H.
1465 2329 1675 2436 preposito
1710 2325 1876 2419 olandia
1913 2314 2070 2401 uendidis-

339 2456 416 2534 set,
444 2440 612 2548 ipseque
640 2437 798 2518 emisset
826 2433 993 2518 eandem
1021 2439 1181 2517 nomine
1209 2438 1384 2518 Ecclesia
1418 2434 1673 2546 lincopensis,
1711 2439 1761 2518 G.
1792 2437 1894 2518 lilius
1920 2429 2001 2512 dieti
2021 2423 2070 2504 do·

339 2549 448 2627 mini.
478 2549 517 2629 S.
545 2576 596 2629 ex
623 2561 738 2656 parte
765 2543 837 2626 su'a
863 2543 904 2626 δὲ
934 2547 1104 2627 aliorum
1130 2549 1311 2626 omnium
1337 2545 1529 2628 heredum
1552 2548 1685 2657 ipsius.
1716 2547 1754 2628 S.
1784 2543 1990 2655 predictam
2001 2559 2068 2616 ven·
2137 2511 2139 2606 l

339 2657 537 2739 dicionem
565 2659 675 2736 nisus
703 2670 763 2735 est
791 2655 959 2737 irritare.
989 2683 1038 2737 eo
1066 2653 1177 2766 qu'od
1206 2657 1302 2762 ipsis
1329 2655 1476 2738 dietam
1509 2660 1660 2738 curiam
1689 2656 1849 2738 emendi
1882 2655 1938 2732 ius
1961 2667 2068 2750 conpt-

336 2765 461 2862 terel,
490 2793 582 2846 cum
610 2767 795 2875 primitus
823 2765 919 2874 ipsis
947 2765 1115 2846 emenda
1142 2763 1320 2846 exhibita
1347 2792 1431 2862 non
1461 2765 1604 2864 fuerat,
1632 2755 1998 2870 secundum'patrie
2006 2762 2072 2835 oon·
2138 2797 2139 2852 t

339 2877 595 2960 suetudinem
623 2875 901 2985 approbatam.
928 2879 1013 2958 Nos
1040 2890 1176 2954 autem
1202 2875 1337 2955 taliter
1365 2874 1690 2985 componendum
1706 2874 1897 2956 duximus
1910 2875 1996 2951 inter
2004 2887 2070 2971 par
2138 2853 2139 2894 ¹

339 3006 411 3068 tes.
442 2985 566 3090 Quod
594 2985 644 3066 ad
672 2984 991 3065 renunciandum
1019 2987 1098 3065 iuri
1126 2985 1306 3091 ipsorum
1341 2983 1460 3066 dicto.
1490 2987 1539 3066 G.
1568 2988 1714 3067 &suis
1754 2979 2000 3066 coheredibus
2018 2969 2072 3050 dt·

341 3100 474 3175 minus
502 3098 725 3204 Episcopus
754 3094 994 3202 lincopensis
1035 3095 1308 3198 Quatraginta
1351 3094 1533 3175 Marchas
1574 3096 1834 3182 denariorum
1863 3086 2075 3202 persolutus

341 3203 559 3286 duodecim
589 3195 762 3286 denariis
795 3205 838 3309 in
864 3205 1047 3313 quolibet
1073 3199 1204 3282 solido
1233 3207 1474 3310 computatis.
1506 3207 1608 3285 Cum
1635 3207 1763 3318 igitur
1796 3193 2076 3308 dietusdominus

341 3317 565 3426 Episcopus
594 3311 672 3395 hoc
701 3315 743 3392 in
772 3315 992 3394 continenti
1014 3312 1169 3393 studuit
1198 3308 1424 3416 adinplere,
1453 3316 1629 3425 ipseque.
1659 3317 1707 3394 G.
1736 3322 1775 3394 8ι
1805 3305 2027 3394 choheredes
2037 3323 2078 3376 ⁵11¹

341 3427 420 3505 iuri
449 3441 530 3504 'suo
559 3424 861 3505 renunciassent
888 3424 932 3502 in
959 3425 1034 3502 hac
1065 3437 1182 3529 parte
1209 3425 1370 3528 penitus
1412 3430 1450 3503 8<
1492 3451 1689 3532 expresse,
1717 3422 1799 3504 lide
1832 3425 1876 3502 in
1904 3441 2012 3500 manu
2031 3431 2079 3486 nu

340 3553 423 3616 stra
453 3538 619 3641 prestita
648 3533 867 3640 corporali,
894 3531 1173 3612 vendicionem
1203 3534 1596 3643 &composicionem
1627 3536 1684 3613 sic
1711 3533 1859 3628 factas,
1886 3521 2081 3632 auctoritate

339 3661 479 3725 nostra
509 3645 695 3726 duximus
723 3641 1027 3722 confirmandas.
1064 3643 1184 3750 atque
1211 3639 1368 3720 easdem
1404 3643 1583 3723 uolentes
1610 3649 1795 3738 ratas&
1824 3629 2081 3722 irreuocabilcn

340 3782 592 3863 permanere,
621 3757 827 3832 Presentss
857 3751 1009 3832 litteras
1038 3767 1177 3830 nostro
1208 3749 1338 3856 sigillo
1367 3753 1602 3860 sigillamus,
1630 3750 1680 3832 ad
1716 3751 1814 3832 faeti
1842 3748 2009 3832 eiusdem
2030 3762 2085 3816 me·

338 3867 508 3976 ,moriam
522 3871 561 3944 &
575 3861 824 3945 euidenciam
839 3861 1063 3942 Pleniorem
1081 3861 1227 3938 Datum
1244 3865 1283 3939 &
1298 3875 1430 3941 aetum
1445 3889 1551 3943 anno
1565 3861 1727 3944 domini.
1750 3847 2083 3949 tltccztxxtl.

341 3973 515 4059 secunda
544 3975 609 4056 die
637 3961 795 4082 pasche.
910 4003 912 4012 ¹

345 4199 476 4302 550.
597 4333 602 4342 ⁵
969 4195 1113 4336 1271
1165 4191 1335 4298 d.10
1382 4195 1506 4338 Apu

422 4416 556 4496 Konung
576 4414 775 4480 Wanoruans
796 4409 869 4474 dom
890 4423 934 4474 att
953 4410 1089 4490 tionden,
1110 4411 1236 4474 oahtadt
1256 4411 1315 4474 den
1336 4411 1450 4474 sledde
1460 4410 1856 4494 uttsndrtngenargrtnsen
1868 4399 2091 4484 meltanltjudns

473 4496 533 4558 och
553 4495 702 4571 Wlirend,
722 4493 801 4555 shall
821 4495 943 4558 tillfulla
963 4494 1044 4572 dem,
1066 4516 1131 4557 som
1151 4495 1235 4555 lb'rut
1255 4493 1348 4556 derel
1364 4515 1439 4556 voro
1459 4493 1666 4556 innehafsare.
1801 4551 1824 4628 ,Β
1853 4575 1870 4627 ³
1899 4555 1916 4644 ,⁴
1962 4570 1993 4640 ⁹)

1825 4612 1834 4628 .
1872 4594 1880 4628 ε
1916 4593 1945 4628 o.
2064 4631 2069 4644 ,
2138 4615 2139 4628 ,

506 4679 703 4761 Omnibus
730 4693 936 4788 presentes
965 4678 1119 4758 litteras
1148 4653 1385 4784 inspecturis
1413 4677 1482 4758 W.
1511 4674 1576 4758 dei
1591 4642 1823 4784 gracia'Rex
1847 4695 2046 4774 sweorum
2056 4689 2097 4744 st·

343 4789 463 4868 lutens
494 4790 535 4866 in
565 4787 728 4871 domino
758 4789 1039 4899 sempiternam
1069 4786 1263 4889 Quamuis
1291 4783 1341 4866 de
1370 4815 1479 4869 nouo
1509 4787 1650 4870 limites
1678 4795 1716 4870 ssr
1744 4787 1842 4868 lines
1865 4789 1976 4866 inter
2001 4795 2097 4863 terras

341 4983 665 5104 Μὴν
685 5023 802 5072 mu
821 5005 896 5070 bref
910 5003 982 5070 med
1002 5003 1138 5088 liiljonde
1159 4987 1319 5070 olilheter.
1810 4895 1931 4982 NUd·
