4404 5960
831 520 885 542 .-
997 474 1077 582 4¹9
1156 517 1246 585 Ι....

143 700 284 788 deliter
313 695 528 793 trucidari,
557 694 755 777 talliando
782 694 964 778 residuos
993 694 1174 802 ejusdem
1189 698 1310 807 Regis
1338 694 1538 790 homines,
1565 651 1734 808 ejusilue
1747 655 1933 778 Castrum
2040 663 2041 666 l

143 809 291 897 ibidem
334 806 517 889 funditus
554 806 819 902 destruendo,
855 825 896 890 et
923 805 1180 913 occupando,
1211 837 1257 888 ac
1285 803 1507 891 detinendo
1536 802 1668 888 adhuc
1694 823 1933 914 occupatam
2048 817 2056 822 '

143 919 307 1004 candem
335 918 510 1000 Insulam
538 920 753 1016 violenter,
782 919 825 996 in
855 916 1121 1025 plurimorum
1142 917 1396 1013 scandalum,
1424 933 1465 996 et
1480 918 1604 1024 Regia
1616 918 1823 1027 dignitatis
1840 942 1933 1028 pre·

142 1029 338 1142 judicium
365 1045 406 1110 et
435 1056 670 1137 gravamen,
688 1045 740 1115 ,et
769 1045 965 1140 tanquam
993 1027 1081 1126 ille,
1109 1030 1182 1139 qui
1210 1057 1302 1111 cum
1331 1027 1574 1110 malefecerit
1608 1029 1822 1136 gloriatur,
1856 1057 1932 1138 pu—

6 1207 16 1218 .
143 1143 245 1226 hlice
272 1168 357 1222 non
385 1141 536 1222 vereris
564 1168 763 1238 asserere,
787 1138 899 1250 quod
930 1138 981 1222 de
1010 1139 1201 1222 mandato
1234 1158 1308 1221 tuo
1336 1139 1489 1223 fuerint
1517 1137 1590 1220 hec
1619 1142 1753 1221 omnia
1789 1166 1933 1248 perpe·

144 1269 254 1338 nata.
285 1252 444 1333 Dicitur
472 1253 609 1348 etiam,
637 1249 750 1362 quod
776 1276 871 1336 eum
898 1259 945 1332 tu
973 1251 1237 1346 Carissimum¹
1259 1255 1301 1332 in
1329 1251 1491 1332 Christo
1506 1248 1632 1330 lilium
1647 1269 1829 1332 nostrum
1846 1252 1934 1334 Eri·

28 1385 34 1392 ·
144 1393 235 1446 cum
263 1361 460 1444 illustrem
483 1365 631 1472 Regem
660 1363 784 1443 Dacie
812 1359 986 1471 predicti
1015 1361 1258 1445 Christofori
1287 1363 1406 1470 Regis
1427 1361 1552 1459 lilium
1567 1389 1658 1446 cum
1673 1363 1816 1444 ceteris
1830 1361 1934 1470 ejus·

145 1477 232 1559 dem
261 1476 392 1581 Regni
420 1473 684 1582 optimatibus
712 1490 753 1554 et
781 1473 1020 1583 proceribus
1041 1474 1231 1582 'elegisses
1260 1477 1302 1554 in
1332 1475 1481 1582 Regem
1505 1473 1764 1582 postmodum
1790 1491 1934 1560 contra

145 1587 374 1694 homagium
401 1601 443 1669 et
471 1585 742 1693 juramentum
772 1584 993 1680 fidelitatis,
1022 1584 1134 1694 quod
1164 1584 1292 1668 eidem
1322 1585 1553 1692 prestiteras
1581 1599 1730 1666 temere
1757 1586 1933 1680 veniens,

146 1697 346 1778 hostiliter
380 1724 436 1804 op
467 1698 608 1778 osuisti
636 1715 675 1778 te
705 1696 782 1792 illi,
812 1694 985 1778 dicendo
1013 1698 1144 1803 ipsum
1171 1723 1257 1778 nou
1286 1724 1369 1777 esse
1396 1696 1564 1802 Regem,
1600 1724 1673 1777 nec
1702 1723 1785 1806 esse
1813 1695 1935 1778 debe·

145 1837 205 1904 re,
233 1835 281 1888 ac
310 1724 488 1889 nolendo
517 1807 604 1915 ejus
633 1815 839 1915 imponere
872 1807 1012 1914 capiti,
1054 1825 1180 1914 prout
1209 1807 1260 1890 ad
1289 1823 1329 1886 te
1358 1807 1552 1914 pertinet,
1585 1824 1626 1886 et
1653 1805 1811 1915 pridem
1840 1832 1935 1916 pro-

146 1921 306 2000 miseras
334 1919 504 2027 Regium
534 1917 735 2013 diadema,
764 1933 805 1998 et
832 1931 878 1996 ut
905 1918 1201 2024 promotionem
1229 1917 1316 2026 ejus
1345 1917 1603 2027 pernitiosius
1632 1916 1866 2026 impedires,
1895 1932 1936 1996 ct
2020 1953 2026 1960 ·

144 2031 275 2138 ipsum
303 2057 325 2108 a
355 2029 484 2136 Regni
510 2032 756 2111 successione
786 2029 953 2108 omnino
980 2027 1233 2125 excluderes,
1262 2031 1307 2108 in
1335 2055 1457 2136 grave
1484 2029 1611 2137 ipsius
1639 2030 1770 2137 Regis,
1804 2044 1845 2108 et
1873 2043 1935 2108 to-

143 2144 224 2220 tius
251 2140 380 2248 Regni
402 2138 640 2220 *scandalum
668 2140 871 2234 statuisse,
908 2167 955 2219 ac
984 2167 1057 2244 per
1087 2140 1508 2222 excommunicationis
1549 2140 1790 2220 sententiam
1831 2139 1936 2222 inhi-

144 2251 278 2332 buisse
307 2251 510 2347 assereris,
539 2278 591 2330 ne
619 2251 711 2360 quis
739 2277 830 2329 eum
860 2277 1073 2345 coronare,
1101 2267 1170 2331 aut
1198 2250 1454 2334 coronationi
1481 2248 1569 2358 ejus
1596 2267 1846 2357 presumeret
1874 2250 1934 2331 in·
2061 2343 2064 2355 ¹

144 2377 311 2456 teresse,
339 2388 391 2441 ne
418 2360 496 2440 hiis
544 2378 756 2442 contentus
783 2362 825 2440 in
854 2359 1026 2441 eundem
1069 2362 1230 2442 Ericum
1260 2363 1409 2471 Regem
1453 2380 1692 2444 coronatum
1722 2387 1795 2467 per
1823 2360 1934 2454 illos,

145 2474 214 2582 qui
243 2468 323 2551 hoc
351 2468 483 2551 facere
513 2488 756 2579 potuerunt,
775 2499 860 2566 ¹nec
890 2499 974 2551 non
1003 2490 1042 2552 et
1071 2490 1330 2554 coronatores
1360 2473 1485 2581 ipsius
1500 2486 1593 2580 post
1622 2470 1935 2580 appellationem

145 2583 358 2691 legitimam
389 2581 443 2671 ab
472 2582 529 2663 eis
557 2609 678 2691 super
708 2582 786 2662 hoc
816 2580 868 2662 ad
897 2581 1039 2663 Sedem
1067 2584 1331 2692 apostolicam
1359 2585 1627 2680 interiectam,
1660 2582 1935 2665 excommuni-

145 2692 319 2774 cationis
342 2691 393 2772 de
421 2692 529 2772 facto
572 2693 779 2801 protulisti
821 2694 1078 2790 sententiam,
1120 2710 1161 2774 et
1189 2694 1557 2776 excommunicatos
1598 2690 1730 2780 fecisti
1771 2691 1935 2802 publice
1992 2795 1996 2802 ¹

145 2803 333 2888 nuntiari.
364 2803 547 2913 Cumque
575 2803 782 2913 predictus
811 2804 951 2884 Erious
980 2805 1086 2899 Rex,
1115 2821 1156 2886 et
1184 2806 1396 2886 carissima
1425 2805 1468 2883 in
1497 2803 1660 2892 Christo
1687 2803 1766 2885 fllia
1796 2822 1935 2888 nostra

144 2915 360 3021 Margarita
390 2912 560 3000 illustris
589 2916 742 3024 Regina
773 2915 893 2994 Dacie
921 2915 1048 3002 Mater
1094 2931 1181 3012 tua,
1226 2945 1272 2998 ac
1317 2914 1571 2999 Venerabilis
1610 2913 1755 2995 Frater
1795 2927 1935 2995 noster

145 3025 414 3113 Sleswicensis
443 3021 668 3135 Episcopus
696 3025 862 3116 fuissent
891 3026 944 3106 ab
973 3053 1112 3107 eorum
1140 3027 1324 3119 hostibus
1350 3026 1561 3218 captivati,
1590 3042 1636 3106 tu
1661 3024 1714 3107 ad
1729 3025 1934 3119 Castrum,
2008 3021 2011 3028 ’

140 3139 187 3225 in
223 3165 306 3246 quo
342 3136 464 3218 iidem
491 3137 574 3216 Rex
612 3152 653 3217 et
696 3137 920 3246 Episcopus
956 3139 1041 3217 sine
1089 3137 1260 3218 vinculis
1302 3153 1548 3219 teneantur
1585 3152 1627 3217 te
1669 3135 1936 3246 personaliter

141 3247 374 3342 conferens,
406 3249 631 3355 procurasti
666 3251 819 3343 statim,
848 3245 958 3356 quod
988 3267 1027 3330 te
1055 3275 1140 3328 non
1183 3248 1336 3346 decuit,
1379 3246 1493 3359 quod
1533 3243 1668 3328 dictus
1709 3247 1936 3356 Episcopus

144 3357 323 3438 cathenis
354 3355 493 3444 ferreis
522 3356 734 3467 ligaretur,
763 3387 810 3438 ac
839 3357 1016 3439 nobilem
1052 3360 1258 3439 mulierem
1300 3356 1536 3456 Mathildam
1580 3357 1762 3439 relictam
1804 3383 1937 3468 quon·

143 3466 235 3548 dam
265 3466 388 3562 Abel,
418 3469 489 3577 qui
518 3497 595 3576 pro
625 3470 746 3551 Daeie
775 3469 883 3577 Rege
911 3497 952 3549 se
981 3471 1122 3578 gessit,
1151 3497 1232 3578 que
1255 3468 1330 3550 ,diu
1359 3489 1450 3550 ante
1479 3470 1522 3580 in
1551 3469 1736 3560 manibus
1757 3469 1936 3551 Venera-
1988 3520 1990 3528 ,

142 3579 236 3666 bilis
263 3579 416 3658 Fratris
426 3581 573 3689 ¹‚nostri
602 3643 610 3659 .
634 3641 667 3658 .,
691 3579 947 3675 Otheniensis
962 3581 1153 3688 Episcopi
1168 3597 1308 3674 votum
1324 3597 1520 3690 perpetue
1533 3580 1725 3670 castitatis
1739 3583 1935 3675 emiserat,
2052 3655 2058 3664 ,

143 3686 250 3769 adeo
264 3691 567 3786 circum-venire,
584 3719 630 3771 ac
645 3691 835 3784 iuducere
851 3718 988 3770 nones
1006 3691 1169 3786 veritus,
1185 3688 1297 3799 quod
1311 3693 1380 3785 illa
1397 3691 1526 3772 fracto
1541 3707 1581 3768 et
1596 3693 1827 3801 postposito
1839 3717 1936 3772 con·

143 3801 314 3881 tinentie
343 3818 451 3898 voto,
463 3829 466 3836 ·
480 3799 532 3879 ad
546 3798 658 3910 quod
674 3799 971 3886 observandum
984 3799 1073 3906 ejus
1088 3801 1353 3897 corroborare
1368 3803 1548 3882 animum
1565 3798 1785 3893 debuisses,
1805 3799 1936 3888 nobili

143 3911 246 3990 Viro
263 3969 272 3990 .
342 3910 446 3990 Duei
461 3911 598 4000 Svecie
611 3940 654 3991 se
670 3909 1015 3990 matrimonialiter
1030 3911 1254 4018 copulavit,
1267 3913 1378 4021 quod
1395 3939 1479 3992 non
1493 3912 1547 4006 cb
1558 3909 1672 3999 ¹aliud
1689 3910 1935 4019 procurasti,
1982 3991 1985 4000 ,

139 4021 221 4100 nisi
248 4038 296 4116 ut
325 4024 476 4100 Ducem
505 4023 635 4128 ipsum
664 4036 804 4103 contra
834 4021 1036 4129 predictos
1066 4021 1213 4130 Regem
1243 4039 1283 4103 et
1317 4025 1501 4132 Regnum
1531 4022 1654 4103 Dacie
1681 4047 1935 4130 provocares.

140 4131 235 4212 Alia
251 4157 420 4242 ¹quoqne
436 4134 643 4229 innumera
660 4133 985 4241 persecutionum.
999 4151 1148 4240 genera
1162 4151 1304 4213 contra
1321 4135 1535 4241 Reginam,
1551 4133 1716 4240 Regem„
1733 4133 1935 4241 Regnum?

139 4270 225 4352 que
254 4241 454 4352 predicta,
481 4272 594 4343 ,more
621 4244 829 4352 tyrampni
857 4247 1101 4352 attemptasti
1129 4244 1339 4338 hactenus,
1370 4263 1410 4324 et
1437 4259 1680 4350 attemptare
1720 4243 1803 4324 non
1831 4241 1935 4325 desi·

140 4355 226 4449 nis,
249 4363 333 4468 jque
362 4354 527 4462 longum
556 4371 658 4435 esset
686 4355 943 4464 singulariter
960 4382 1180 4449 ‚enarrare
1210 4371 1249 4434 et
1278 4381 1352 4463 per
1379 4383 1460 4464 que
1489 4380 1573 4434 non
1592 4355 1726 4446 solum
1753 4357 1934 4434 irameo·

140 4463 326 4563 rumdem
357 4467 509 4572 Regius
539 4466 659 4575 Regis
687 4483 727 4546 et
754 4467 902 4574 Regni,
930 4493 1067 4546 verum
1098 4467 1218 4545 etiam
1245 4463 1563 4574 indignationem
1577 4465 1651 4543 Dei
1678 4465 1935 4573 omnipoten-

140 4577 196 4655 tis
226 4573 444 4676 dinosceris
473 4578 705 4672 incurrisse,
734 4592 774 4656 et
801 4577 956 4656 utinam
985 4577 1281 4685 persecutiones
1317 4574 1559 4684 hujusmodi
1582 4577 1624 4663 in
1653 4591 1777 4683 caput
1820 4592 1935 4656 tuum

140 4685 444 4784 tantummodo,
474 4702 515 4765 et
543 4715 627 4768 non
670 4689 712 4769 in
757 4689 1040 4786 exterminium
1083 4685 1261 4795 predicte
1303 4687 1494 4783 Ecclesia,
1537 4714 1618 4796 que
1661 4687 1775 4795 gravi
1817 4688 1934 4768 ruine

141 4813 315 4906 propter
342 4798 420 4879 hoc
449 4796 628 4880 subiacet
657 4796 944 4890 redundarent,
980 4801 1164 4880 Preterea
1197 4799 1313 4908 quasi
1340 4827 1484 4906 parum
1514 4796 1960 4906 tibisufficeretquod'
2010 4893 2021 4910 ,

142 4910 315 4990 terrenis
344 4909 523 5020 Regibus
553 4936 594 4988 es
623 4911 830 5006 molestus,
875 4911 1098 5018 apposuisti
1127 4907 1245 4989 etiam
1273 4937 1358 4989 esse
1387 4910 1518 5018 gra-vis
1547 4909 1648 5019 Regi
1676 4908 1830 5005 celesti,
1860 4925 1933 5015 per

129 5023 265 5129 ,quem
294 5021 421 5127 Reges
450 5035 639 5125 regnant,
669 5038 709 5101 et
723 5023 928 5128 Principes
944 5021 1243 5129 principantur„
1260 5019 1357 5101 dum
1371 5022 1547 5102 orationi
1574 5020 1797 5116 Dominice,
1812 5045 1932 5130 quam
