<?xml version="1.0" encoding="UTF-8"?>
<!DOCTYPE html PUBLIC "-//W3C//DTD XHTML 1.0 Transitional//EN"
    "http://www.w3.org/TR/xhtml1/DTD/xhtml1-transitional.dtd">
<html xmlns="http://www.w3.org/1999/xhtml" xml:lang="en" lang="en">
 <head>
  <title>
</title>
<meta http-equiv="Content-Type" content="text/html;charset=utf-8" />
  <meta name='ocr-system' content='tesseract 3.04.00' />
  <meta name='ocr-capabilities' content='ocr_page ocr_carea ocr_par ocr_line ocrx_word'/>
</head>
<body>
  <div class='ocr_page' id='page_1' title='image "./svensktdiplomat00swegoog_0395.png"; bbox 0 0 4362 5946; ppageno 0'>
   <div class='ocr_carea' id='block_1_1' title="bbox 681 440 1230 527">
    <p class='ocr_par' dir='ltr' id='par_1_1' title="bbox 681 440 1230 527">
     <span class='ocr_line' id='line_1_1' title="bbox 681 440 1230 527; baseline -0.013 0"><span class='ocrx_word' id='word_1_1' title='bbox 681 440 1230 527; x_wconf 80' lang='lat'><strong>.-351-·-</strong></span> 
     </span>
    </p>
   </div>
   <div class='ocr_carea' id='block_1_2' title="bbox 152 653 1922 1432">
    <p class='ocr_par' dir='ltr' id='par_1_2' title="bbox 152 653 1922 1432">
     <span class='ocr_line' id='line_1_2' title="bbox 152 653 1921 768; baseline 0.002 -30"><span class='ocrx_word' id='word_1_2' title='bbox 152 657 333 738; x_wconf 86' lang='lat' dir='ltr'><strong>louerint</strong></span> <span class='ocrx_word' id='word_1_3' title='bbox 361 675 442 740; x_wconf 86' lang='lat' dir='ltr'><strong>tam</strong></span> <span class='ocrx_word' id='word_1_4' title='bbox 472 675 677 765; x_wconf 81' lang='lat' dir='ltr'><strong>presentes</strong></span> <span class='ocrx_word' id='word_1_5' title='bbox 704 666 833 767; x_wconf 86' lang='lat' dir='ltr'><strong>quam&#39;</strong></span> <span class='ocrx_word' id='word_1_6' title='bbox 854 659 1005 766; x_wconf 83' lang='lat' dir='ltr'><strong>posteri</strong></span> <span class='ocrx_word' id='word_1_7' title='bbox 1032 653 1145 767; x_wconf 91' lang='lat' dir='ltr'><strong>quod</strong></span> <span class='ocrx_word' id='word_1_8' title='bbox 1173 683 1249 762; x_wconf 83' lang='lat' dir='ltr'><strong>ego</strong></span> <span class='ocrx_word' id='word_1_9' title='bbox 1287 653 1470 736; x_wconf 84' lang='lat' dir='ltr'><strong>katerina</strong></span> <span class='ocrx_word' id='word_1_10' title='bbox 1509 683 1739 740; x_wconf 87' lang='lat' dir='ltr'><strong>swcuorum</strong></span> <span class='ocrx_word' id='word_1_11' title='bbox 1780 660 1921 768; x_wconf 81' lang='lat' dir='ltr'><strong>regina</strong></span> 
     </span>
     <span class='ocr_line' id='line_1_3' title="bbox 161 766 1922 875; baseline 0.003 -29"><span class='ocrx_word' id='word_1_12' title='bbox 161 795 227 847; x_wconf 90' lang='lat' dir='ltr'><strong>um</strong></span> <span class='ocrx_word' id='word_1_13' title='bbox 256 767 333 848; x_wconf 91' lang='lat' dir='ltr'><strong>deo</strong></span> <span class='ocrx_word' id='word_1_14' title='bbox 352 770 522 875; x_wconf 86' lang='lat' dir='ltr'><strong>placuit</strong></span> <span class='ocrx_word' id='word_1_15' title='bbox 555 769 731 850; x_wconf 86' lang='lat' dir='ltr'><strong>elaustro</strong></span> <span class='ocrx_word' id='word_1_16' title='bbox 759 768 951 875; x_wconf 84' lang='lat' dir='ltr'><strong>gutheym</strong></span> <span class='ocrx_word' id='word_1_17' title='bbox 980 766 1417 847; x_wconf 86' lang='lat' dir='ltr'><strong>&amp;sanctimonialibus</strong></span> <span class='ocrx_word' id='word_1_18' title='bbox 1460 767 1607 848; x_wconf 86' lang='lat' dir='ltr'><strong>ibidem</strong></span> <span class='ocrx_word' id='word_1_19' title='bbox 1637 767 1714 850; x_wconf 86' lang='lat' dir='ltr'><strong>deo</strong></span> <span class='ocrx_word' id='word_1_20' title='bbox 1742 773 1922 852; x_wconf 86' lang='lat' dir='ltr'><strong>seruien-</strong></span> 
     </span>
     <span class='ocr_line' id='line_1_4' title="bbox 165 875 1920 988; baseline 0.002 -29"><span class='ocrx_word' id='word_1_21' title='bbox 165 876 238 959; x_wconf 87' lang='lat' dir='ltr'><strong>bus</strong></span> <span class='ocrx_word' id='word_1_22' title='bbox 254 878 390 984; x_wconf 88' lang='lat' dir='ltr'><strong>predia</strong></span> <span class='ocrx_word' id='word_1_23' title='bbox 408 880 451 958; x_wconf 87' lang='lat' dir='ltr'><strong>in</strong></span> <span class='ocrx_word' id='word_1_24' title='bbox 465 877 535 958; x_wconf 86' lang='lat' dir='ltr'><strong>Kil</strong></span> <span class='ocrx_word' id='word_1_25' title='bbox 550 907 628 988; x_wconf 92' lang='lat' dir='ltr'><strong>que</strong></span> <span class='ocrx_word' id='word_1_26' title='bbox 642 878 725 959; x_wconf 88' lang='lat' dir='ltr'><strong>duo</strong></span> <span class='ocrx_word' id='word_1_27' title='bbox 738 877 868 958; x_wconf 87' lang='lat' dir='ltr'><strong>incole</strong></span> <span class='ocrx_word' id='word_1_28' title='bbox 889 876 1075 959; x_wconf 81' lang='lat' dir='ltr'><strong>incolunt</strong></span> <span class='ocrx_word' id='word_1_29' title='bbox 1090 905 1167 984; x_wconf 92' lang='lat' dir='ltr'><strong>pro</strong></span> <span class='ocrx_word' id='word_1_30' title='bbox 1183 875 1358 985; x_wconf 83' lang='lat' dir='ltr'><strong>quadam</strong></span> <span class='ocrx_word' id='word_1_31' title='bbox 1371 879 1518 956; x_wconf 87' lang='lat' dir='ltr'><strong>iuuene</strong></span> <span class='ocrx_word' id='word_1_32' title='bbox 1533 878 1678 984; x_wconf 87' lang='lat' dir='ltr'><strong>puella.</strong></span> <span class='ocrx_word' id='word_1_33' title='bbox 1709 882 1743 960; x_wconf 87' lang='lat' dir='ltr'><strong>J.</strong></span> <span class='ocrx_word' id='word_1_34' title='bbox 1755 882 1920 962; x_wconf 87' lang='lat' dir='ltr'><strong>nomine</strong></span> 
     </span>
     <span class='ocr_line' id='line_1_5' title="bbox 177 983 1921 1100; baseline 0.003 -32"><span class='ocrx_word' id='word_1_35' title='bbox 177 1015 211 1068; x_wconf 83' lang='lat' dir='ltr'><strong>te</strong></span> <span class='ocrx_word' id='word_1_36' title='bbox 239 986 290 1067; x_wconf 91' lang='lat' dir='ltr'><strong>ad</strong></span> <span class='ocrx_word' id='word_1_37' title='bbox 319 1017 385 1068; x_wconf 88' lang='lat' dir='ltr'><strong>eas</strong></span> <span class='ocrx_word' id='word_1_38' title='bbox 414 990 582 1069; x_wconf 90' lang='lat' dir='ltr'><strong>intrauit</strong></span> <span class='ocrx_word' id='word_1_39' title='bbox 609 989 807 1094; x_wconf 83' lang='lat' dir='ltr'><strong>assignaui</strong></span> <span class='ocrx_word' id='word_1_40' title='bbox 836 987 1096 1096; x_wconf 86' lang='lat' dir='ltr'><strong>perhenniter</strong></span> <span class='ocrx_word' id='word_1_41' title='bbox 1124 983 1374 1096; x_wconf 86' lang='lat' dir='ltr'><strong>possidenda.</strong></span> <span class='ocrx_word' id='word_1_42' title='bbox 1405 986 1462 1063; x_wconf 89' lang='lat' dir='ltr'><strong>Vt</strong></span> <span class='ocrx_word' id='word_1_43' title='bbox 1490 987 1616 1093; x_wconf 85' lang='lat' dir='ltr'><strong>igitur</strong></span> <span class='ocrx_word' id='word_1_44' title='bbox 1630 991 1760 1070; x_wconf 91' lang='lat' dir='ltr'><strong>omnis</strong></span> <span class='ocrx_word' id='word_1_45' title='bbox 1785 991 1827 1071; x_wconf 92' lang='lat' dir='ltr'><strong>in</strong></span> <span class='ocrx_word' id='word_1_46' title='bbox 1845 1019 1921 1100; x_wconf 88' lang='lat' dir='ltr'><strong>po·</strong></span> 
     </span>
     <span class='ocr_line' id='line_1_6' title="bbox 186 1096 1920 1206; baseline 0.004 -31"><span class='ocrx_word' id='word_1_47' title='bbox 186 1123 281 1176; x_wconf 83' lang='lat' dir='ltr'><strong>rum</strong></span> <span class='ocrx_word' id='word_1_48' title='bbox 309 1098 610 1205; x_wconf 82' lang='lat' dir='ltr'><strong>calumpniandi</strong></span> <span class='ocrx_word' id='word_1_49' title='bbox 641 1097 758 1178; x_wconf 91' lang='lat' dir='ltr'><strong>cedat</strong></span> <span class='ocrx_word' id='word_1_50' title='bbox 786 1099 944 1180; x_wconf 84' lang='lat' dir='ltr'><strong>occasio</strong></span> <span class='ocrx_word' id='word_1_51' title='bbox 971 1099 1223 1206; x_wconf 86' lang='lat' dir='ltr'><strong>presencium</strong></span> <span class='ocrx_word' id='word_1_52' title='bbox 1250 1098 1392 1176; x_wconf 90' lang='lat' dir='ltr'><strong>seriem</strong></span> <span class='ocrx_word' id='word_1_53' title='bbox 1412 1096 1545 1202; x_wconf 84' lang='lat' dir='ltr'><strong>sigillo</strong></span> <span class='ocrx_word' id='word_1_54' title='bbox 1559 1112 1701 1178; x_wconf 89' lang='lat' dir='ltr'><strong>nostro</strong></span> <span class='ocrx_word' id='word_1_55' title='bbox 1728 1126 1803 1180; x_wconf 90' lang='lat' dir='ltr'><strong>nec</strong></span> <span class='ocrx_word' id='word_1_56' title='bbox 1831 1127 1920 1182; x_wconf 87' lang='lat' dir='ltr'><strong>non</strong></span> 
     </span>
     <span class='ocr_line' id='line_1_7' title="bbox 211 1205 1920 1314; baseline 0.004 -29"><span class='ocrx_word' id='word_1_57' title='bbox 211 1207 251 1286; x_wconf 93' lang='grc' dir='ltr'><strong>Β.</strong></span> <span class='ocrx_word' id='word_1_58' title='bbox 280 1206 394 1288; x_wconf 91' lang='lat' dir='ltr'><strong>ducis</strong></span> <span class='ocrx_word' id='word_1_59' title='bbox 422 1209 544 1314; x_wconf 86' lang='lat' dir='ltr'><strong>sigilli</strong></span> <span class='ocrx_word' id='word_1_60' title='bbox 571 1210 790 1289; x_wconf 89' lang='lat' dir='ltr'><strong>munimine</strong></span> <span class='ocrx_word' id='word_1_61' title='bbox 819 1217 858 1289; x_wconf 82' lang='lat' dir='ltr'><strong>8r</strong></span> <span class='ocrx_word' id='word_1_62' title='bbox 886 1207 1050 1288; x_wconf 90' lang='lat' dir='ltr'><strong>domini.</strong></span> <span class='ocrx_word' id='word_1_63' title='bbox 1079 1210 1123 1287; x_wconf 90' lang='lat' dir='ltr'><strong>L.</strong></span> <span class='ocrx_word' id='word_1_64' title='bbox 1155 1208 1349 1288; x_wconf 89' lang='lat' dir='ltr'><strong>scarensis</strong></span> <span class='ocrx_word' id='word_1_65' title='bbox 1377 1205 1555 1285; x_wconf 84' lang='lat' dir='ltr'><strong>fecimus</strong></span> <span class='ocrx_word' id='word_1_66' title='bbox 1572 1206 1769 1290; x_wconf 84' lang='lat' dir='ltr'><strong>roborari.</strong></span> <span class='ocrx_word' id='word_1_67' title='bbox 1805 1209 1920 1294; x_wconf 90' lang='lat' dir='ltr'><strong>Nulli</strong></span> 
     </span>
     <span class='ocr_line' id='line_1_8' title="bbox 175 1316 1915 1432; baseline 0.001 -34"><span class='ocrx_word' id='word_1_68' title='bbox 175 1399 177 1404; x_wconf 80' lang='grc'><strong>,</strong></span> <span class='ocrx_word' id='word_1_69' title='bbox 206 1323 318 1399; x_wconf 74' lang='lat' dir='ltr'><strong>osscc.</strong></span> <span class='ocrx_word' id='word_1_70' title='bbox 346 1336 485 1398; x_wconf 88' lang='lat' dir='ltr'><strong>nostre</strong></span> <span class='ocrx_word' id='word_1_71' title='bbox 509 1319 738 1400; x_wconf 85' lang='lat' dir='ltr'><strong>donatianis</strong></span> <span class='ocrx_word' id='word_1_72' title='bbox 753 1326 826 1399; x_wconf 82' lang='lat' dir='ltr'><strong>&amp;c</strong></span> <span class='ocrx_word' id='word_1_73' title='bbox 856 1323 1005 1399; x_wconf 88' lang='lat' dir='ltr'><strong>Datum</strong></span> <span class='ocrx_word' id='word_1_74' title='bbox 1019 1321 1140 1398; x_wconf 85' lang='lat' dir='ltr'><strong>Anno</strong></span> <span class='ocrx_word' id='word_1_75' title='bbox 1155 1316 1394 1398; x_wconf 85' lang='lat' dir='ltr'><strong>dominiM⁰.</strong></span> <span class='ocrx_word' id='word_1_76' title='bbox 1414 1317 1526 1396; x_wconf 83' lang='lat' dir='ltr'><strong>.CC·.</strong></span> <span class='ocrx_word' id='word_1_77' title='bbox 1558 1319 1915 1432; x_wconf 84' lang='lat' dir='ltr'><strong>Quinquagesimo.</strong></span> 
     </span>
    </p>
   </div>
   <div class='ocr_carea' id='block_1_3' title="bbox 595 1458 1462 1544">
    <p class='ocr_par' dir='ltr' id='par_1_3' title="bbox 595 1458 1462 1544">
     <span class='ocr_line' id='line_1_9' title="bbox 595 1458 1462 1544; baseline -0.001 -23"><span class='ocrx_word' id='word_1_78' title='bbox 595 1459 734 1544; x_wconf 80' lang='lat' dir='ltr'><strong>Sigillen,</strong></span> <span class='ocrx_word' id='word_1_79' title='bbox 754 1483 820 1524; x_wconf 88' lang='lat' dir='ltr'><strong>som</strong></span> <span class='ocrx_word' id='word_1_80' title='bbox 841 1461 936 1542; x_wconf 71' lang='lat' dir='ltr'><strong>hdugt</strong></span> <span class='ocrx_word' id='word_1_81' title='bbox 956 1461 997 1544; x_wconf 80' lang='lat' dir='ltr'><strong>pai</strong></span> <span class='ocrx_word' id='word_1_82' title='bbox 1019 1459 1104 1522; x_wconf 88' lang='lat' dir='ltr'><strong>hvita</strong></span> <span class='ocrx_word' id='word_1_83' title='bbox 1124 1459 1325 1539; x_wconf 58' lang='lat' dir='ltr'><strong>ltirllstrddm</strong></span> <span class='ocrx_word' id='word_1_84' title='bbox 1346 1458 1462 1521; x_wconf 74' lang='lat' dir='ltr'><strong>saluas</strong></span> 
     </span>
    </p>
   </div>
   <div class='ocr_carea' id='block_1_4' title="bbox 135 1811 1243 1930">
    <p class='ocr_par' dir='ltr' id='par_1_4' title="bbox 135 1811 1243 1930">
     <span class='ocr_line' id='line_1_10' title="bbox 135 1811 1243 1930; baseline -0.005 -2"><span class='ocrx_word' id='word_1_85' title='bbox 135 1821 266 1928; x_wconf 84' lang='lat'><strong>386.</strong></span> <span class='ocrx_word' id='word_1_86' title='bbox 735 1818 739 1827; x_wconf 71' lang='grc'>’</span> <span class='ocrx_word' id='word_1_87' title='bbox 824 1811 1243 1930; x_wconf 70' lang='lat' dir='ltr'><strong>rabo-1251.</strong></span> 
     </span>
    </p>
   </div>
   <div class='ocr_carea' id='block_1_5' title="bbox 211 2012 1786 2227">
    <p class='ocr_par' dir='ltr' id='par_1_5' title="bbox 211 2012 1786 2227">
     <span class='ocr_line' id='line_1_11' title="bbox 211 2012 1786 2120; baseline 0.004 -21"><span class='ocrx_word' id='word_1_88' title='bbox 211 2037 371 2118; x_wconf 75' lang='lat' dir='ltr'><strong>Housman,</strong></span> <span class='ocrx_word' id='word_1_89' title='bbox 392 2039 499 2105; x_wconf 76' lang='lat' dir='ltr'><strong>Fotur</strong></span> <span class='ocrx_word' id='word_1_90' title='bbox 519 2043 611 2106; x_wconf 69' lang='lat' dir='ltr'><strong>ilaus</strong></span> <span class='ocrx_word' id='word_1_91' title='bbox 633 2063 686 2106; x_wconf 84' lang='lat' dir='ltr'><strong>son</strong></span> <span class='ocrx_word' id='word_1_92' title='bbox 707 2039 867 2102; x_wconf 78' lang='lat' dir='ltr'><strong>stadsastar</strong></span> <span class='ocrx_word' id='word_1_93' title='bbox 888 2012 1054 2120; x_wconf 80' lang='lat' dir='ltr'><strong>Drottning</strong></span> <span class='ocrx_word' id='word_1_94' title='bbox 1074 2040 1264 2103; x_wconf 71' lang='lat' dir='ltr'><strong>Csrnsmuts</strong></span> <span class='ocrx_word' id='word_1_95' title='bbox 1284 2038 1394 2120; x_wconf 74' lang='lat' dir='ltr'><strong>grisros·</strong></span> <span class='ocrx_word' id='word_1_96' title='bbox 1416 2037 1462 2101; x_wconf 89' lang='lat' dir='ltr'><strong>till</strong></span> <span class='ocrx_word' id='word_1_97' title='bbox 1484 2037 1642 2102; x_wconf 81' lang='lat' dir='ltr'><strong>Gudhems</strong></span> <span class='ocrx_word' id='word_1_98' title='bbox 1661 2037 1786 2108; x_wconf 80' lang='lat' dir='ltr'><strong>llosler.</strong></span> 
     </span>
     <span class='ocr_line' id='line_1_12' title="bbox 1543 2151 1757 2227; baseline 0.019 -21"><span class='ocrx_word' id='word_1_99' title='bbox 1543 2151 1578 2209; x_wconf 79' lang='lat' dir='ltr'><strong>t.</strong></span> <span class='ocrx_word' id='word_1_100' title='bbox 1596 2156 1621 2212; x_wconf 77' lang='lat' dir='ltr'><strong>a.</strong></span> <span class='ocrx_word' id='word_1_101' title='bbox 1639 2154 1665 2210; x_wconf 79' lang='grc' dir='ltr'><strong>ι.</strong></span> <span class='ocrx_word' id='word_1_102' title='bbox 1690 2171 1713 2211; x_wconf 66' lang='grc' dir='ltr'><strong>ιι</strong></span> <span class='ocrx_word' id='word_1_103' title='bbox 1731 2155 1757 2227; x_wconf 73' lang='lat'><strong>4.</strong></span> 
     </span>
    </p>
   </div>
   <div class='ocr_carea' id='block_1_6' title="bbox 32 2290 2001 3724">
    <p class='ocr_par' dir='ltr' id='par_1_6' title="bbox 32 2290 1950 2730">
     <span class='ocr_line' id='line_1_13' title="bbox 293 2290 1919 2400; baseline 0.004 -29"><span class='ocrx_word' id='word_1_104' title='bbox 293 2292 430 2372; x_wconf 91' lang='lat' dir='ltr'><strong>Nobili</strong></span> <span class='ocrx_word' id='word_1_105' title='bbox 458 2311 498 2374; x_wconf 89' lang='lat' dir='ltr'><strong>et</strong></span> <span class='ocrx_word' id='word_1_106' title='bbox 525 2292 603 2373; x_wconf 92' lang='lat' dir='ltr'><strong>deo</strong></span> <span class='ocrx_word' id='word_1_107' title='bbox 630 2292 778 2374; x_wconf 90' lang='lat' dir='ltr'><strong>deuote</strong></span> <span class='ocrx_word' id='word_1_108' title='bbox 807 2290 961 2372; x_wconf 89' lang='lat' dir='ltr'><strong>Dilecte</strong></span> <span class='ocrx_word' id='word_1_109' title='bbox 990 2293 1069 2374; x_wconf 87' lang='lat' dir='ltr'><strong>sibi</strong></span> <span class='ocrx_word' id='word_1_110' title='bbox 1096 2290 1280 2371; x_wconf 91' lang='lat' dir='ltr'><strong>Domine.</strong></span> <span class='ocrx_word' id='word_1_111' title='bbox 1313 2293 1365 2371; x_wconf 89' lang='lat' dir='ltr'><strong>K.</strong></span> <span class='ocrx_word' id='word_1_112' title='bbox 1396 2317 1583 2372; x_wconf 79' lang='lat' dir='ltr'><strong>sueorum</strong></span> <span class='ocrx_word' id='word_1_113' title='bbox 1619 2293 1755 2400; x_wconf 82' lang='lat' dir='ltr'><strong>regine</strong></span> <span class='ocrx_word' id='word_1_114' title='bbox 1782 2292 1919 2400; x_wconf 75' lang='lat' dir='ltr'><strong>fratris</strong></span> 
     </span>
     <span class='ocr_line' id='line_1_14' title="bbox 126 2399 1919 2512; baseline 0.002 -31"><span class='ocrx_word' id='word_1_115' title='bbox 126 2402 190 2481; x_wconf 88' lang='lat' dir='ltr'><strong>sui</strong></span> <span class='ocrx_word' id='word_1_116' title='bbox 218 2403 283 2509; x_wconf 88' lang='lat' dir='ltr'><strong>pie</strong></span> <span class='ocrx_word' id='word_1_117' title='bbox 314 2403 500 2496; x_wconf 90' lang='lat' dir='ltr'><strong>memorie</strong></span> <span class='ocrx_word' id='word_1_118' title='bbox 528 2404 700 2484; x_wconf 92' lang='lat' dir='ltr'><strong>Domini.</strong></span> <span class='ocrx_word' id='word_1_119' title='bbox 729 2403 905 2484; x_wconf 90' lang='lat' dir='ltr'><strong>Sunonis</strong></span> <span class='ocrx_word' id='word_1_120' title='bbox 933 2403 1141 2512; x_wconf 92' lang='lat' dir='ltr'><strong>quondam</strong></span> <span class='ocrx_word' id='word_1_121' title='bbox 1170 2401 1260 2481; x_wconf 90' lang='lat' dir='ltr'><strong>filie.</strong></span> <span class='ocrx_word' id='word_1_122' title='bbox 1308 2403 1359 2480; x_wconf 91' lang='lat' dir='ltr'><strong>Et</strong></span> <span class='ocrx_word' id='word_1_123' title='bbox 1388 2399 1640 2483; x_wconf 86' lang='lat' dir='ltr'><strong>dilectissime</strong></span> <span class='ocrx_word' id='word_1_124' title='bbox 1668 2402 1745 2484; x_wconf 90' lang='lat' dir='ltr'><strong>sibi</strong></span> <span class='ocrx_word' id='word_1_125' title='bbox 1786 2405 1919 2484; x_wconf 90' lang='lat' dir='ltr'><strong>sorori</strong></span> 
     </span>
     <span class='ocr_line' id='line_1_15' title="bbox 32 2509 1950 2622; baseline 0.002 -32"><span class='ocrx_word' id='word_1_126' title='bbox 32 2525 40 2541; x_wconf 89' lang='lat'>&#39;</span> <span class='ocrx_word' id='word_1_127' title='bbox 127 2539 209 2592; x_wconf 87' lang='lat' dir='ltr'><strong>sue.</strong></span> <span class='ocrx_word' id='word_1_128' title='bbox 239 2512 419 2592; x_wconf 91' lang='lat' dir='ltr'><strong>Domine.</strong></span> <span class='ocrx_word' id='word_1_129' title='bbox 450 2515 501 2592; x_wconf 90' lang='lat' dir='ltr'><strong>K.</strong></span> <span class='ocrx_word' id='word_1_130' title='bbox 533 2515 722 2620; x_wconf 90' lang='lat' dir='ltr'><strong>priorisse</strong></span> <span class='ocrx_word' id='word_1_131' title='bbox 757 2512 808 2593; x_wconf 92' lang='lat' dir='ltr'><strong>de</strong></span> <span class='ocrx_word' id='word_1_132' title='bbox 835 2509 1034 2594; x_wconf 93' lang='lat' dir='ltr'><strong>Gudhem.</strong></span> <span class='ocrx_word' id='word_1_133' title='bbox 1063 2529 1104 2594; x_wconf 92' lang='lat' dir='ltr'><strong>et</strong></span> <span class='ocrx_word' id='word_1_134' title='bbox 1129 2513 1320 2592; x_wconf 90' lang='lat' dir='ltr'><strong>omnibus</strong></span> <span class='ocrx_word' id='word_1_135' title='bbox 1356 2510 1726 2593; x_wconf 89' lang='lat' dir='ltr'><strong>sanctimonialibus</strong></span> <span class='ocrx_word' id='word_1_136' title='bbox 1747 2531 1918 2622; x_wconf 87' lang='lat' dir='ltr'><strong>totoque</strong></span> <span class='ocrx_word' id='word_1_137' title='bbox 1945 2541 1950 2548; x_wconf 76' lang='grc'><em>“</em></span> 
     </span>
     <span class='ocr_line' id='line_1_16' title="bbox 100 2615 1919 2730; baseline 0.001 -24"><span class='ocrx_word' id='word_1_138' title='bbox 100 2623 347 2730; x_wconf 87' lang='lat' dir='ltr'><strong>.oonuentuj</strong></span> <span class='ocrx_word' id='word_1_139' title='bbox 361 2622 535 2702; x_wconf 90' lang='lat' dir='ltr'><strong>eiusdem</strong></span> <span class='ocrx_word' id='word_1_140' title='bbox 565 2621 655 2704; x_wconf 92' lang='lat' dir='ltr'><strong>loci.</strong></span> <span class='ocrx_word' id='word_1_141' title='bbox 683 2624 733 2702; x_wconf 92' lang='lat' dir='ltr'><strong>H.</strong></span> <span class='ocrx_word' id='word_1_142' title='bbox 762 2625 926 2728; x_wconf 84' lang='lat' dir='ltr'><strong>Domini</strong></span> <span class='ocrx_word' id='word_1_143' title='bbox 941 2624 973 2702; x_wconf 90' lang='lat' dir='ltr'>F</span> <span class='ocrx_word' id='word_1_144' title='bbox 975 2624 1127 2706; x_wconf 90' lang='lat' dir='ltr'><strong>olconis</strong></span> <span class='ocrx_word' id='word_1_145' title='bbox 1155 2615 1361 2730; x_wconf 91' lang='lat' dir='ltr'><strong>quondam</strong></span> <span class='ocrx_word' id='word_1_146' title='bbox 1378 2623 1502 2702; x_wconf 92' lang='lat' dir='ltr'><strong>Ducis</strong></span> <span class='ocrx_word' id='word_1_147' title='bbox 1530 2622 1644 2703; x_wconf 89' lang='lat' dir='ltr'><strong>filius.</strong></span> <span class='ocrx_word' id='word_1_148' title='bbox 1674 2624 1919 2707; x_wconf 77' lang='lat' dir='ltr'><strong>salutemur</strong></span> 
     </span>
    </p>

    <p class='ocr_par' dir='ltr' id='par_1_7' title="bbox 128 2731 1918 2824">
     <span class='ocr_line' id='line_1_17' title="bbox 128 2731 1918 2824; baseline 0.002 -12"><span class='ocrx_word' id='word_1_149' title='bbox 128 2733 294 2812; x_wconf 90' lang='lat' dir='ltr'><strong>domino</strong></span> <span class='ocrx_word' id='word_1_150' title='bbox 323 2735 501 2812; x_wconf 87' lang='lat' dir='ltr'><strong>omniurn</strong></span> <span class='ocrx_word' id='word_1_151' title='bbox 520 2732 740 2824; x_wconf 81' lang='lat' dir='ltr'><strong>saluatore.</strong></span> <span class='ocrx_word' id='word_1_152' title='bbox 776 2735 864 2814; x_wconf 92' lang='lat' dir='ltr'><strong>Deo</strong></span> <span class='ocrx_word' id='word_1_153' title='bbox 892 2735 1148 2815; x_wconf 85' lang='lat' dir='ltr'><strong>testificamur</strong></span> <span class='ocrx_word' id='word_1_154' title='bbox 1176 2751 1216 2813; x_wconf 93' lang='lat' dir='ltr'><strong>et</strong></span> <span class='ocrx_word' id='word_1_155' title='bbox 1244 2732 1361 2812; x_wconf 88' lang='lat' dir='ltr'><strong>vobis</strong></span> <span class='ocrx_word' id='word_1_156' title='bbox 1390 2731 1650 2813; x_wconf 73' lang='lat' dir='ltr'><strong>Dilectissimo</strong></span> <span class='ocrx_word' id='word_1_157' title='bbox 1684 2735 1803 2816; x_wconf 86' lang='lat' dir='ltr'><strong>nobis</strong></span> <span class='ocrx_word' id='word_1_158' title='bbox 1833 2736 1918 2816; x_wconf 90' lang='lat' dir='ltr'><strong>Do·</strong></span> 
     </span>
    </p>

    <p class='ocr_par' dir='ltr' id='par_1_8' title="bbox 125 2840 2001 3173">
     <span class='ocr_line' id='line_1_18' title="bbox 127 2840 2001 2952; baseline 0.002 -30"><span class='ocrx_word' id='word_1_159' title='bbox 127 2843 246 2924; x_wconf 91' lang='lat' dir='ltr'><strong>mine.</strong></span> <span class='ocrx_word' id='word_1_160' title='bbox 262 2845 313 2922; x_wconf 88' lang='lat' dir='ltr'><strong>K.</strong></span> <span class='ocrx_word' id='word_1_161' title='bbox 344 2843 505 2950; x_wconf 81' lang='lat' dir='ltr'><strong>Regino.</strong></span> <span class='ocrx_word' id='word_1_162' title='bbox 534 2842 646 2951; x_wconf 90' lang='lat' dir='ltr'><strong>quod</strong></span> <span class='ocrx_word' id='word_1_163' title='bbox 674 2843 910 2924; x_wconf 90' lang='lat' dir='ltr'><strong>donationes</strong></span> <span class='ocrx_word' id='word_1_164' title='bbox 934 2872 1036 2952; x_wconf 87' lang='lat' dir='ltr'><strong>quas</strong></span> <span class='ocrx_word' id='word_1_165' title='bbox 1067 2845 1254 2924; x_wconf 89' lang='lat' dir='ltr'><strong>claustro.</strong></span> <span class='ocrx_word' id='word_1_166' title='bbox 1284 2841 1484 2923; x_wconf 89' lang='lat' dir='ltr'><strong>Gudhem.</strong></span> <span class='ocrx_word' id='word_1_167' title='bbox 1514 2840 1639 2924; x_wconf 83' lang='lat' dir='ltr'><strong>nobis</strong></span> <span class='ocrx_word' id='word_1_168' title='bbox 1661 2847 1708 2923; x_wconf 85' lang='lat'><strong>&amp;&#39;</strong></span> <span class='ocrx_word' id='word_1_169' title='bbox 1727 2845 1814 2925; x_wconf 88' lang='lat' dir='ltr'><strong>aliis</strong></span> <span class='ocrx_word' id='word_1_170' title='bbox 1841 2845 1917 2925; x_wconf 84' lang='lat' dir='ltr'><strong>bo·</strong></span> <span class='ocrx_word' id='word_1_171' title='bbox 1999 2863 2001 2869; x_wconf 84' lang='lat'>&#39;</span> 
     </span>
     <span class='ocr_line' id='line_1_19' title="bbox 125 2953 1943 3062; baseline 0 -30"><span class='ocrx_word' id='word_1_172' title='bbox 125 2956 189 3032; x_wconf 89' lang='lat' dir='ltr'><strong>nis</strong></span> <span class='ocrx_word' id='word_1_173' title='bbox 218 2954 523 3062; x_wconf 88' lang='lat' dir='ltr'><strong>quamplurimis</strong></span> <span class='ocrx_word' id='word_1_174' title='bbox 552 2953 807 3061; x_wconf 90' lang='lat' dir='ltr'><strong>presentibus</strong></span> <span class='ocrx_word' id='word_1_175' title='bbox 850 2955 901 3036; x_wconf 91' lang='lat' dir='ltr'><strong>de</strong></span> <span class='ocrx_word' id='word_1_176' title='bbox 937 2956 1178 3062; x_wconf 87' lang='lat' dir='ltr'><strong>patrimonio</strong></span> <span class='ocrx_word' id='word_1_177' title='bbox 1222 2957 1423 3035; x_wconf 87' lang='lat' dir='ltr'><strong>vestro&amp;</strong></span> <span class='ocrx_word' id='word_1_178' title='bbox 1453 2955 1707 3035; x_wconf 88' lang='lat' dir='ltr'><strong>matrimonio</strong></span> <span class='ocrx_word' id='word_1_179' title='bbox 1726 2954 1943 3062; x_wconf 58' lang='lat' dir='ltr'><strong>legitime!</strong></span> 
     </span>
     <span class='ocr_line' id='line_1_20' title="bbox 126 3062 1917 3173; baseline -0.002 -27"><span class='ocrx_word' id='word_1_180' title='bbox 126 3065 363 3173; x_wconf 84' lang='lat' dir='ltr'><strong>assignastis.</strong></span> <span class='ocrx_word' id='word_1_181' title='bbox 391 3091 614 3172; x_wconf 91' lang='lat' dir='ltr'><strong>numquam</strong></span> <span class='ocrx_word' id='word_1_182' title='bbox 641 3065 684 3141; x_wconf 91' lang='lat' dir='ltr'><strong>in</strong></span> <span class='ocrx_word' id='word_1_183' title='bbox 713 3065 808 3144; x_wconf 89' lang='lat' dir='ltr'><strong>meis</strong></span> <span class='ocrx_word' id='word_1_184' title='bbox 823 3065 1073 3171; x_wconf 86' lang='lat' dir='ltr'><strong>temporibus</strong></span> <span class='ocrx_word' id='word_1_185' title='bbox 1102 3062 1366 3171; x_wconf 82' lang='lat' dir='ltr'><strong>calumpniari</strong></span> <span class='ocrx_word' id='word_1_186' title='bbox 1393 3066 1457 3144; x_wconf 88' lang='lat' dir='ltr'><strong>vel</strong></span> <span class='ocrx_word' id='word_1_187' title='bbox 1481 3065 1729 3145; x_wconf 88' lang='lat' dir='ltr'><strong>Donationes</strong></span> <span class='ocrx_word' id='word_1_188' title='bbox 1756 3080 1840 3142; x_wconf 87' lang='lat' dir='ltr'><strong>tam</strong></span> <span class='ocrx_word' id='word_1_189' title='bbox 1859 3063 1917 3144; x_wconf 84' lang='lat' dir='ltr'><strong>le·</strong></span> 
     </span>
    </p>

    <p class='ocr_par' dir='ltr' id='par_1_9' title="bbox 126 3173 1917 3282">
     <span class='ocr_line' id='line_1_21' title="bbox 126 3173 1917 3282; baseline 0.001 -28"><span class='ocrx_word' id='word_1_190' title='bbox 126 3177 285 3282; x_wconf 88' lang='lat' dir='ltr'><strong>gitimas</strong></span> <span class='ocrx_word' id='word_1_191' title='bbox 314 3176 396 3253; x_wconf 85' lang='lat' dir='ltr'><strong>vita</strong></span> <span class='ocrx_word' id='word_1_192' title='bbox 425 3193 558 3254; x_wconf 88' lang='lat' dir='ltr'><strong>nostra</strong></span> <span class='ocrx_word' id='word_1_193' title='bbox 603 3177 785 3254; x_wconf 90' lang='lat' dir='ltr'><strong>commite</strong></span> <span class='ocrx_word' id='word_1_194' title='bbox 833 3174 1116 3256; x_wconf 88' lang='lat' dir='ltr'><strong>sustinebimus</strong></span> <span class='ocrx_word' id='word_1_195' title='bbox 1159 3177 1212 3255; x_wconf 88' lang='lat' dir='ltr'><strong>ab</strong></span> <span class='ocrx_word' id='word_1_196' title='bbox 1256 3173 1392 3282; x_wconf 89' lang='lat' dir='ltr'><strong>aliquo</strong></span> <span class='ocrx_word' id='word_1_197' title='bbox 1433 3174 1663 3254; x_wconf 87' lang='lat' dir='ltr'><strong>mortalium</strong></span> <span class='ocrx_word' id='word_1_198' title='bbox 1707 3175 1917 3256; x_wconf 89' lang='lat' dir='ltr'><strong>incausari.</strong></span> 
     </span>
    </p>

    <p class='ocr_par' dir='ltr' id='par_1_10' title="bbox 112 3283 1917 3395">
     <span class='ocr_line' id='line_1_22' title="bbox 112 3283 1917 3395; baseline 0.001 -29"><span class='ocrx_word' id='word_1_199' title='bbox 112 3284 209 3366; x_wconf 71' lang='lat' dir='ltr'><strong>Sed</strong></span> <span class='ocrx_word' id='word_1_200' title='bbox 237 3288 269 3363; x_wconf 90' lang='lat' dir='ltr'><strong>si</strong></span> <span class='ocrx_word' id='word_1_201' title='bbox 295 3287 354 3377; x_wconf 50' lang='lat' dir='ltr'><strong>,ita</strong></span> <span class='ocrx_word' id='word_1_202' title='bbox 383 3285 595 3390; x_wconf 83' lang='lat' dir='ltr'><strong>contigerit</strong></span> <span class='ocrx_word' id='word_1_203' title='bbox 624 3283 734 3390; x_wconf 89' lang='lat' dir='ltr'><strong>quod</strong></span> <span class='ocrx_word' id='word_1_204' title='bbox 764 3286 908 3395; x_wconf 90' lang='lat' dir='ltr'><strong>aliquis</strong></span> <span class='ocrx_word' id='word_1_205' title='bbox 936 3302 1036 3365; x_wconf 90' lang='lat' dir='ltr'><strong>ausu</strong></span> <span class='ocrx_word' id='word_1_206' title='bbox 1064 3285 1286 3363; x_wconf 87' lang='lat' dir='ltr'><strong>temerario.</strong></span> <span class='ocrx_word' id='word_1_207' title='bbox 1323 3283 1561 3365; x_wconf 89' lang='lat' dir='ltr'><strong>donationes</strong></span> <span class='ocrx_word' id='word_1_208' title='bbox 1596 3285 1691 3366; x_wconf 85' lang='lat' dir='ltr'><strong>istas</strong></span> <span class='ocrx_word' id='word_1_209' title='bbox 1726 3283 1788 3364; x_wconf 86' lang='lat' dir='ltr'><strong>vel</strong></span> <span class='ocrx_word' id='word_1_210' title='bbox 1818 3285 1917 3367; x_wconf 83' lang='lat' dir='ltr'><strong>alias</strong></span> 
     </span>
    </p>

    <p class='ocr_par' dir='ltr' id='par_1_11' title="bbox 100 3393 1916 3504">
     <span class='ocr_line' id='line_1_23' title="bbox 100 3393 1916 3504; baseline 0.001 -30"><span class='ocrx_word' id='word_1_211' title='bbox 100 3420 205 3504; x_wconf 77' lang='lat' dir='ltr'><strong>&#39;pro</strong></span> <span class='ocrx_word' id='word_1_212' title='bbox 233 3395 348 3475; x_wconf 86' lang='lat' dir='ltr'><strong>vobis</strong></span> <span class='ocrx_word' id='word_1_213' title='bbox 377 3421 541 3474; x_wconf 87' lang='lat' dir='ltr'><strong>cassare.</strong></span> <span class='ocrx_word' id='word_1_214' title='bbox 572 3393 635 3472; x_wconf 88' lang='lat' dir='ltr'><strong>vel</strong></span> <span class='ocrx_word' id='word_1_215' title='bbox 665 3396 868 3502; x_wconf 88' lang='lat' dir='ltr'><strong>aliquibus</strong></span> <span class='ocrx_word' id='word_1_216' title='bbox 902 3395 1031 3476; x_wconf 90' lang='lat' dir='ltr'><strong>modis</strong></span> <span class='ocrx_word' id='word_1_217' title='bbox 1075 3394 1190 3476; x_wconf 87' lang='lat' dir='ltr'><strong>vobis</strong></span> <span class='ocrx_word' id='word_1_218' title='bbox 1242 3394 1426 3476; x_wconf 86' lang='lat' dir='ltr'><strong>iniuriari</strong></span> <span class='ocrx_word' id='word_1_219' title='bbox 1468 3394 1664 3477; x_wconf 82' lang='lat' dir='ltr'><strong>voluerit.¹</strong></span> <span class='ocrx_word' id='word_1_220' title='bbox 1697 3397 1916 3486; x_wconf 86' lang='lat' dir='ltr'><strong>certissime</strong></span> 
     </span>
    </p>

    <p class='ocr_par' dir='ltr' id='par_1_12' title="bbox 126 3503 1914 3614">
     <span class='ocr_line' id='line_1_24' title="bbox 126 3503 1914 3614; baseline 0.001 -29"><span class='ocrx_word' id='word_1_221' title='bbox 126 3507 297 3588; x_wconf 87' lang='lat' dir='ltr'><strong>teneatis</strong></span> <span class='ocrx_word' id='word_1_222' title='bbox 326 3530 401 3584; x_wconf 93' lang='lat' dir='ltr'><strong>nos</strong></span> <span class='ocrx_word' id='word_1_223' title='bbox 428 3504 634 3584; x_wconf 89' lang='lat' dir='ltr'><strong>vobiscum</strong></span> <span class='ocrx_word' id='word_1_224' title='bbox 663 3505 778 3586; x_wconf 89' lang='lat' dir='ltr'><strong>firmo</strong></span> <span class='ocrx_word' id='word_1_225' title='bbox 807 3505 908 3614; x_wconf 90' lang='lat' dir='ltr'><strong>pede</strong></span> <span class='ocrx_word' id='word_1_226' title='bbox 926 3506 1027 3586; x_wconf 88' lang='lat' dir='ltr'><strong>velle</strong></span> <span class='ocrx_word' id='word_1_227' title='bbox 1042 3521 1148 3585; x_wconf 87' lang='lat' dir='ltr'><strong>stare</strong></span> <span class='ocrx_word' id='word_1_228' title='bbox 1162 3532 1239 3612; x_wconf 92' lang='lat' dir='ltr'><strong>pro</strong></span> <span class='ocrx_word' id='word_1_229' title='bbox 1255 3505 1403 3586; x_wconf 90' lang='lat' dir='ltr'><strong>nostris</strong></span> <span class='ocrx_word' id='word_1_230' title='bbox 1418 3505 1573 3586; x_wconf 89' lang='lat' dir='ltr'><strong>viribus</strong></span> <span class='ocrx_word' id='word_1_231' title='bbox 1593 3503 1645 3587; x_wconf 92' lang='lat' dir='ltr'><strong>ad</strong></span> <span class='ocrx_word' id='word_1_232' title='bbox 1660 3505 1914 3590; x_wconf 88' lang='lat' dir='ltr'><strong>vincendum.</strong></span> 
     </span>
    </p>

    <p class='ocr_par' dir='ltr' id='par_1_13' title="bbox 124 3615 1361 3724">
     <span class='ocr_line' id='line_1_25' title="bbox 124 3615 1361 3724; baseline 0.001 -31"><span class='ocrx_word' id='word_1_233' title='bbox 124 3618 271 3696; x_wconf 89' lang='lat' dir='ltr'><strong>Valete</strong></span> <span class='ocrx_word' id='word_1_234' title='bbox 301 3616 343 3693; x_wconf 89' lang='lat' dir='ltr'><strong>in</strong></span> <span class='ocrx_word' id='word_1_235' title='bbox 372 3615 522 3695; x_wconf 89' lang='lat' dir='ltr'><strong>cbristo</strong></span> <span class='ocrx_word' id='word_1_236' title='bbox 551 3615 673 3695; x_wconf 87' lang='lat' dir='ltr'><strong>ihesu.</strong></span> <span class='ocrx_word' id='word_1_237' title='bbox 701 3620 741 3692; x_wconf 85' lang='lat'>&amp;</span> <span class='ocrx_word' id='word_1_238' title='bbox 769 3644 844 3722; x_wconf 90' lang='lat' dir='ltr'><strong>pro</strong></span> <span class='ocrx_word' id='word_1_239' title='bbox 868 3630 936 3698; x_wconf 74' lang='lat' dir='ltr'><strong>&#39;me</strong></span> <span class='ocrx_word' id='word_1_240' title='bbox 963 3615 1158 3724; x_wconf 91' lang='lat' dir='ltr'><strong>deprecor</strong></span> <span class='ocrx_word' id='word_1_241' title='bbox 1187 3630 1361 3694; x_wconf 87' lang='lat' dir='ltr'><strong>exorate.</strong></span> 
     </span>
    </p>
   </div>
   <div class='ocr_carea' id='block_1_7' title="bbox 130 3917 2023 4062">
    <p class='ocr_par' dir='ltr' id='par_1_14' title="bbox 130 3917 2023 4062">
     <span class='ocr_line' id='line_1_26' title="bbox 130 3917 2023 4062; baseline -0.001 -36"><span class='ocrx_word' id='word_1_242' title='bbox 130 3920 263 4062; x_wconf 82' lang='lat'><strong>387.</strong></span> <span class='ocrx_word' id='word_1_243' title='bbox 440 4005 443 4010; x_wconf 86' lang='lat'><strong>.</strong></span> <span class='ocrx_word' id='word_1_244' title='bbox 770 3921 914 4024; x_wconf 85' lang='lat'>1251</span> <span class='ocrx_word' id='word_1_245' title='bbox 966 3917 1014 4022; x_wconf 91' lang='lat' dir='ltr'><strong>d.</strong></span> <span class='ocrx_word' id='word_1_246' title='bbox 1068 3957 1133 4059; x_wconf 85' lang='lat'><strong>¹7</strong></span> <span class='ocrx_word' id='word_1_247' title='bbox 1184 3919 1318 4046; x_wconf 64' lang='lat' dir='ltr'><strong>Jan„</strong></span> <span class='ocrx_word' id='word_1_248' title='bbox 1486 4029 1488 4040; x_wconf 66' lang='grc'><strong>,</strong></span> <span class='ocrx_word' id='word_1_249' title='bbox 1665 3917 1910 4026; x_wconf 89' lang='lat' dir='ltr'><strong>Wallum.</strong></span> <span class='ocrx_word' id='word_1_250' title='bbox 2020 3955 2023 3973; x_wconf 85' lang='grc'><strong><em>·</em></strong></span> 
     </span>
    </p>
   </div>
   <div class='ocr_carea' id='block_1_8' title="bbox 104 4124 1966 4302">
    <p class='ocr_par' dir='ltr' id='par_1_15' title="bbox 104 4124 1966 4302">
     <span class='ocr_line' id='line_1_27' title="bbox 104 4124 1966 4281; baseline 0.001 -83"><span class='ocrx_word' id='word_1_251' title='bbox 104 4124 111 4132; x_wconf 62' lang='grc'><strong><em>’</em></strong></span> <span class='ocrx_word' id='word_1_252' title='bbox 205 4137 290 4198; x_wconf 77' lang='lat' dir='ltr'><strong>lton.</strong></span> <span class='ocrx_word' id='word_1_253' title='bbox 311 4139 510 4281; x_wconf 53' lang='lat' dir='ltr'><strong>‹lvmmtls</strong></span> <span class='ocrx_word' id='word_1_254' title='bbox 532 4133 729 4198; x_wconf 67' lang='lat' dir='ltr'><strong>Stadlistelse</strong></span> <span class='ocrx_word' id='word_1_255' title='bbox 749 4137 790 4221; x_wconf 69' lang='lat' dir='ltr'><strong>pb</strong></span> <span class='ocrx_word' id='word_1_256' title='bbox 812 4138 934 4198; x_wconf 80' lang='lat' dir='ltr'><strong>Drottn.</strong></span> <span class='ocrx_word' id='word_1_257' title='bbox 956 4136 1143 4198; x_wconf 68' lang='lat' dir='ltr'><strong>Cassianus</strong></span> <span class='ocrx_word' id='word_1_258' title='bbox 1161 4137 1321 4201; x_wconf 85' lang='lat' dir='ltr'><strong>Donatiou</strong></span> <span class='ocrx_word' id='word_1_259' title='bbox 1343 4135 1392 4204; x_wconf 80' lang='lat' dir='ltr'><strong>till</strong></span> <span class='ocrx_word' id='word_1_260' title='bbox 1413 4132 1571 4198; x_wconf 78' lang='lat' dir='ltr'><strong>Gudhems</strong></span> <span class='ocrx_word' id='word_1_261' title='bbox 1591 4136 1706 4200; x_wconf 80' lang='lat' dir='ltr'><strong>kloster</strong></span> <span class='ocrx_word' id='word_1_262' title='bbox 1726 4136 1788 4200; x_wconf 86' lang='lat' dir='ltr'><strong>och</strong></span> <span class='ocrx_word' id='word_1_263' title='bbox 1822 4136 1912 4200; x_wconf 77' lang='lat' dir='ltr'><strong>stine</strong></span> <span class='ocrx_word' id='word_1_264' title='bbox 1963 4152 1966 4160; x_wconf 82' lang='grc'><strong>’</strong></span> 
     </span>
     <span class='ocr_line' id='line_1_28' title="bbox 140 4239 1328 4302; baseline 0 -21"><span class='ocrx_word' id='word_1_265' title='bbox 140 4253 146 4266; x_wconf 86' lang='grc'>·</span> <span class='ocrx_word' id='word_1_266' title='bbox 260 4241 310 4282; x_wconf 86' lang='lat' dir='ltr'><strong>me</strong></span> <span class='ocrx_word' id='word_1_267' title='bbox 353 4242 399 4282; x_wconf 78' lang='lat' dir='ltr'><strong>sin</strong></span> <span class='ocrx_word' id='word_1_268' title='bbox 419 4241 467 4302; x_wconf 86' lang='lat' dir='ltr'><strong>sys</strong></span> <span class='ocrx_word' id='word_1_269' title='bbox 481 4239 523 4280; x_wconf 86' lang='lat' dir='ltr'><strong>er.</strong></span> <span class='ocrx_word' id='word_1_270' title='bbox 686 4263 689 4270; x_wconf 81' lang='lat'>-</span> <span class='ocrx_word' id='word_1_271' title='bbox 1217 4249 1219 4256; x_wconf 55' lang='lat'>&gt;</span> <span class='ocrx_word' id='word_1_272' title='bbox 1326 4267 1328 4271; x_wconf 66' lang='lat'>,</span> 
     </span>
    </p>
   </div>
   <div class='ocr_carea' id='block_1_9' title="bbox 1519 4327 1855 4400">
    <p class='ocr_par' dir='ltr' id='par_1_16' title="bbox 1519 4327 1855 4400">
     <span class='ocr_line' id='line_1_29' title="bbox 1519 4327 1855 4400; baseline 0.003 -12"><span class='ocrx_word' id='word_1_273' title='bbox 1519 4327 1779 4400; x_wconf 43' lang='lat' dir='ltr'><strong>batum&amp;</strong></span> <span class='ocrx_word' id='word_1_274' title='bbox 1851 4353 1855 4365; x_wconf 90' lang='grc'><strong><em>·</em></strong></span> 
     </span>
    </p>
   </div>
   <div class='ocr_carea' id='block_1_10' title="bbox 292 4466 2031 4574">
    <p class='ocr_par' dir='ltr' id='par_1_17' title="bbox 292 4466 2031 4574">
     <span class='ocr_line' id='line_1_30' title="bbox 292 4466 2031 4574; baseline 0.002 -30"><span class='ocrx_word' id='word_1_275' title='bbox 292 4467 500 4548; x_wconf 88' lang='lat' dir='ltr'><strong>Vniuersis</strong></span> <span class='ocrx_word' id='word_1_276' title='bbox 543 4483 680 4552; x_wconf 84' lang='lat' dir='ltr'><strong>sancte</strong></span> <span class='ocrx_word' id='word_1_277' title='bbox 721 4467 860 4574; x_wconf 78' lang='lat' dir='ltr'><strong>matris</strong></span> <span class='ocrx_word' id='word_1_278' title='bbox 896 4466 1058 4546; x_wconf 88' lang='lat' dir='ltr'><strong>ecclesie</strong></span> <span class='ocrx_word' id='word_1_279' title='bbox 1099 4468 1188 4546; x_wconf 82' lang='lat' dir='ltr'><strong>filiis</strong></span> <span class='ocrx_word' id='word_1_280' title='bbox 1239 4485 1443 4574; x_wconf 86' lang='lat' dir='ltr'><strong>presentes</strong></span> <span class='ocrx_word' id='word_1_281' title='bbox 1486 4468 1642 4548; x_wconf 88' lang='lat' dir='ltr'><strong>litteras</strong></span> <span class='ocrx_word' id='word_1_282' title='bbox 1682 4467 1829 4547; x_wconf 86' lang='lat' dir='ltr'><strong>uisuris</strong></span> <span class='ocrx_word' id='word_1_283' title='bbox 1872 4469 1912 4547; x_wconf 84' lang='lat' dir='ltr'><strong>8r</strong></span> <span class='ocrx_word' id='word_1_284' title='bbox 2019 4471 2031 4496; x_wconf 85' lang='lat'><em>&#39;</em></span> 
     </span>
    </p>
   </div>
   <div class='ocr_carea' id='block_1_11' title="bbox 1 4576 1913 4685">
    <p class='ocr_par' dir='ltr' id='par_1_18' title="bbox 1 4576 1913 4685">
     <span class='ocr_line' id='line_1_31' title="bbox 1 4576 1913 4685; baseline -0.003 -23"><span class='ocrx_word' id='word_1_285' title='bbox 1 4619 2 4628; x_wconf 48' lang='lat'>¹</span> <span class='ocrx_word' id='word_1_286' title='bbox 41 4666 46 4676; x_wconf 66' lang='grc'><em>,</em></span> <span class='ocrx_word' id='word_1_287' title='bbox 120 4580 336 4662; x_wconf 83' lang='lat' dir='ltr'><strong>audituris.</strong></span> <span class='ocrx_word' id='word_1_288' title='bbox 365 4576 649 4658; x_wconf 83' lang='lat' dir='ltr'><strong>Waldemarus</strong></span> <span class='ocrx_word' id='word_1_289' title='bbox 668 4580 740 4658; x_wconf 88' lang='lat' dir='ltr'><strong>Dei</strong></span> <span class='ocrx_word' id='word_1_290' title='bbox 757 4578 891 4683; x_wconf 84' lang='lat' dir='ltr'><strong>gracia</strong></span> <span class='ocrx_word' id='word_1_291' title='bbox 920 4579 1005 4656; x_wconf 86' lang='lat' dir='ltr'><strong>Rex</strong></span> <span class='ocrx_word' id='word_1_292' title='bbox 1034 4577 1217 4662; x_wconf 85' lang='lat' dir='ltr'><strong>swechie.</strong></span> <span class='ocrx_word' id='word_1_293' title='bbox 1249 4578 1417 4658; x_wconf 88' lang='lat' dir='ltr'><strong>salutem</strong></span> <span class='ocrx_word' id='word_1_294' title='bbox 1432 4580 1512 4658; x_wconf 91' lang='lat' dir='ltr'><strong>vite</strong></span> <span class='ocrx_word' id='word_1_295' title='bbox 1542 4578 1737 4685; x_wconf 87' lang='lat' dir='ltr'><strong>presentis</strong></span> <span class='ocrx_word' id='word_1_296' title='bbox 1756 4577 1913 4685; x_wconf 87' lang='lat' dir='ltr'><strong>pariter</strong></span> 
     </span>
    </p>
   </div>
   <div class='ocr_carea' id='block_1_12' title="bbox 114 4683 2035 5018">
    <p class='ocr_par' dir='ltr' id='par_1_19' title="bbox 114 4683 2035 5018">
     <span class='ocr_line' id='line_1_32' title="bbox 116 4683 1941 4796; baseline -0.003 -23"><span class='ocrx_word' id='word_1_297' title='bbox 116 4701 162 4774; x_wconf 80' lang='grc' dir='ltr'><strong>8ι</strong></span> <span class='ocrx_word' id='word_1_298' title='bbox 191 4689 338 4770; x_wconf 84' lang='lat' dir='ltr'><strong>future.</strong></span> <span class='ocrx_word' id='word_1_299' title='bbox 368 4688 541 4768; x_wconf 90' lang='lat' dir='ltr'><strong>Cautum</strong></span> <span class='ocrx_word' id='word_1_300' title='bbox 571 4715 654 4766; x_wconf 89' lang='lat' dir='ltr'><strong>esse</strong></span> <span class='ocrx_word' id='word_1_301' title='bbox 687 4686 865 4768; x_wconf 90' lang='lat' dir='ltr'><strong>ereditur</strong></span> <span class='ocrx_word' id='word_1_302' title='bbox 893 4691 1180 4767; x_wconf 82' lang='lat' dir='ltr'><strong>&amp;consonum</strong></span> <span class='ocrx_word' id='word_1_303' title='bbox 1208 4688 1375 4795; x_wconf 87' lang='lat' dir='ltr'><strong>racionj.</strong></span> <span class='ocrx_word' id='word_1_304' title='bbox 1411 4703 1455 4767; x_wconf 88' lang='lat' dir='ltr'><strong>vt</strong></span> <span class='ocrx_word' id='word_1_305' title='bbox 1485 4716 1531 4778; x_wconf 83' lang='lat' dir='ltr'><strong>ea</strong></span> <span class='ocrx_word' id='word_1_306' title='bbox 1572 4713 1653 4796; x_wconf 89' lang='lat' dir='ltr'><strong>que</strong></span> <span class='ocrx_word' id='word_1_307' title='bbox 1695 4684 1745 4768; x_wconf 89' lang='lat' dir='ltr'><strong>de</strong></span> <span class='ocrx_word' id='word_1_308' title='bbox 1789 4683 1941 4795; x_wconf 77' lang='lat' dir='ltr'><strong>plena¹</strong></span> 
     </span>
     <span class='ocr_line' id='line_1_33' title="bbox 114 4796 2035 4887; baseline -0.001 -7"><span class='ocrx_word' id='word_1_309' title='bbox 114 4799 418 4887; x_wconf 89' lang='lat' dir='ltr'><strong>deliberacione</strong></span> <span class='ocrx_word' id='word_1_310' title='bbox 447 4798 549 4878; x_wconf 82' lang='lat' dir='ltr'><strong>liunt</strong></span> <span class='ocrx_word' id='word_1_311' title='bbox 577 4803 616 4875; x_wconf 86' lang='lat'>&amp;</span> <span class='ocrx_word' id='word_1_312' title='bbox 644 4827 735 4877; x_wconf 93' lang='lat' dir='ltr'><strong>cum</strong></span> <span class='ocrx_word' id='word_1_313' title='bbox 763 4798 964 4877; x_wconf 91' lang='lat' dir='ltr'><strong>bonorum</strong></span> <span class='ocrx_word' id='word_1_314' title='bbox 993 4823 1039 4875; x_wconf 90' lang='lat' dir='ltr'><strong>ac</strong></span> <span class='ocrx_word' id='word_1_315' title='bbox 1068 4796 1332 4879; x_wconf 87' lang='lat' dir='ltr'><strong>discretorum</strong></span> <span class='ocrx_word' id='word_1_316' title='bbox 1362 4800 1543 4879; x_wconf 87' lang='lat' dir='ltr'><strong>uirorum</strong></span> <span class='ocrx_word' id='word_1_317' title='bbox 1578 4797 1748 4877; x_wconf 91' lang='lat' dir='ltr'><strong>consilio</strong></span> <span class='ocrx_word' id='word_1_318' title='bbox 1783 4812 1912 4878; x_wconf 87' lang='lat' dir='ltr'><strong>statu·</strong></span> <span class='ocrx_word' id='word_1_319' title='bbox 2034 4823 2035 4828; x_wconf 73' lang='grc'>’</span> 
     </span>
     <span class='ocr_line' id='line_1_34' title="bbox 115 4906 1912 5018; baseline -0.001 -23"><span class='ocrx_word' id='word_1_320' title='bbox 115 4931 251 4994; x_wconf 90' lang='lat' dir='ltr'><strong>untur</strong></span> <span class='ocrx_word' id='word_1_321' title='bbox 279 4907 476 5016; x_wconf 86' lang='lat' dir='ltr'><strong>scripture</strong></span> <span class='ocrx_word' id='word_1_322' title='bbox 505 4909 744 4989; x_wconf 89' lang='lat' dir='ltr'><strong>testimonio.</strong></span> <span class='ocrx_word' id='word_1_323' title='bbox 774 4935 854 5018; x_wconf 89' lang='lat' dir='ltr'><strong>que</strong></span> <span class='ocrx_word' id='word_1_324' title='bbox 877 4906 927 4986; x_wconf 87' lang='lat' dir='ltr'><strong>de</strong></span> <span class='ocrx_word' id='word_1_325' title='bbox 943 4923 1171 5015; x_wconf 89' lang='lat' dir='ltr'><strong>temporum</strong></span> <span class='ocrx_word' id='word_1_326' title='bbox 1186 4910 1449 4991; x_wconf 85' lang='lat' dir='ltr'><strong>uarietatibus</strong></span> <span class='ocrx_word' id='word_1_327' title='bbox 1464 4907 1782 5016; x_wconf 84' lang='lat' dir='ltr'><strong>incommutabilj</strong></span> <span class='ocrx_word' id='word_1_328' title='bbox 1809 4935 1912 4993; x_wconf 84' lang='lat' dir='ltr'><strong>sem·</strong></span> 
     </span>
    </p>
   </div>
   <div class='ocr_carea' id='block_1_13' title="bbox 170 5101 1829 5206">
    <p class='ocr_par' dir='ltr' id='par_1_20' title="bbox 170 5101 1829 5206">
     <span class='ocr_line' id='line_1_35' title="bbox 170 5101 1829 5206; baseline 0.003 -25"><span class='ocrx_word' id='word_1_329' title='bbox 170 5125 195 5197; x_wconf 74' lang='lat' dir='ltr'><strong>*l</strong></span> <span class='ocrx_word' id='word_1_330' title='bbox 218 5119 332 5181; x_wconf 85' lang='lat' dir='ltr'><strong>Finnes</strong></span> <span class='ocrx_word' id='word_1_331' title='bbox 347 5117 436 5182; x_wconf 79' lang='lat' dir='ltr'><strong>stvea</strong></span> <span class='ocrx_word' id='word_1_332' title='bbox 457 5117 493 5181; x_wconf 70' lang='lat' dir='ltr'><strong>A.</strong></span> <span class='ocrx_word' id='word_1_333' title='bbox 512 5115 592 5181; x_wconf 64' lang='lat' dir='ltr'><strong>ts.</strong></span> <span class='ocrx_word' id='word_1_334' title='bbox 612 5115 642 5179; x_wconf 78' lang='lat'><strong>5:</strong></span> <span class='ocrx_word' id='word_1_335' title='bbox 669 5137 692 5182; x_wconf 87' lang='lat' dir='ltr'><strong>t.</strong></span> <span class='ocrx_word' id='word_1_336' title='bbox 714 5118 725 5178; x_wconf 88' lang='lat' dir='ltr'><strong>i</strong></span> <span class='ocrx_word' id='word_1_337' title='bbox 745 5137 783 5178; x_wconf 88' lang='lat' dir='ltr'><strong>eu</strong></span> <span class='ocrx_word' id='word_1_338' title='bbox 803 5114 985 5182; x_wconf 69' lang='lat' dir='ltr'><strong>vidiacum</strong></span> <span class='ocrx_word' id='word_1_339' title='bbox 1005 5116 1043 5180; x_wconf 74' lang='lat' dir='ltr'><strong>el</strong></span> <span class='ocrx_word' id='word_1_340' title='bbox 1057 5112 1236 5184; x_wconf 67' lang='lat' dir='ltr'><strong>Dte-Birt</strong></span> <span class='ocrx_word' id='word_1_341' title='bbox 1256 5116 1342 5186; x_wconf 76' lang='grc' dir='ltr'><strong>Οιοῐ</strong></span> <span class='ocrx_word' id='word_1_342' title='bbox 1363 5115 1511 5206; x_wconf 71' lang='lat' dir='ltr'><strong>ilipula</strong></span> <span class='ocrx_word' id='word_1_343' title='bbox 1532 5117 1563 5184; x_wconf 82' lang='lat' dir='ltr'><strong>d.</strong></span> <span class='ocrx_word' id='word_1_344' title='bbox 1583 5101 1717 5188; x_wconf 69' lang='lat' dir='ltr'><strong>t-Febr.</strong></span> <span class='ocrx_word' id='word_1_345' title='bbox 1741 5115 1829 5197; x_wconf 71' lang='lat'><strong>1320·</strong></span> 
     </span>
    </p>
   </div>
   <div class='ocr_carea' id='block_1_14' title="bbox 0 0 2186 5941">
    <p class='ocr_par' dir='ltr' id='par_1_21' title="bbox 0 0 2186 5941">
     <span class='ocr_line' id='line_1_36' title="bbox 0 0 2186 5941; baseline 0 0"><span class='ocrx_word' id='word_1_346' title='bbox 0 0 2186 5941; x_wconf 95' lang='lat' dir='ltr'><strong> </strong></span> 
     </span>
    </p>
   </div>
  </div>
 </body>
</html>
