<?xml version="1.0" encoding="UTF-8"?>
<!DOCTYPE html PUBLIC "-//W3C//DTD XHTML 1.0 Transitional//EN"
    "http://www.w3.org/TR/xhtml1/DTD/xhtml1-transitional.dtd">
<html xmlns="http://www.w3.org/1999/xhtml" xml:lang="en" lang="en">
 <head>
  <title>
</title>
<meta http-equiv="Content-Type" content="text/html;charset=utf-8" />
  <meta name='ocr-system' content='tesseract 3.04.00' />
  <meta name='ocr-capabilities' content='ocr_page ocr_carea ocr_par ocr_line ocrx_word'/>
</head>
<body>
  <div class='ocr_page' id='page_1' title='image "./svensktdiplomat00swegoog/svensktdiplomat00swegoog_0287.png"; bbox 0 0 4368 5950; ppageno 0'>
   <div class='ocr_carea' id='block_1_1' title="bbox 682 447 1227 622">
    <p class='ocr_par' dir='ltr' id='par_1_1' title="bbox 682 447 1227 622">
     <span class='ocr_line' id='line_1_1' title="bbox 682 447 1227 622; baseline 0.022 -28"><span class='ocrx_word' id='word_1_1' title='bbox 682 447 867 576; x_wconf 18' lang='lat'><strong>⁴-</strong></span> <span class='ocrx_word' id='word_1_2' title='bbox 958 475 1059 622; x_wconf 71' lang='lat' dir='ltr'><strong>¹add</strong></span> <span class='ocrx_word' id='word_1_3' title='bbox 1167 559 1227 606; x_wconf 63' lang='grc' dir='ltr'><strong>τε.</strong></span> 
     </span>
    </p>
   </div>
   <div class='ocr_carea' id='block_1_2' title="bbox 10 728 1954 1724">
    <p class='ocr_par' dir='ltr' id='par_1_2' title="bbox 10 728 1954 1724">
     <span class='ocr_line' id='line_1_2' title="bbox 10 728 1902 840; baseline 0.007 -25"><span class='ocrx_word' id='word_1_4' title='bbox 10 817 14 828; x_wconf 72' lang='grc'>,</span> <span class='ocrx_word' id='word_1_5' title='bbox 119 728 202 816; x_wconf 83' lang='lat' dir='ltr'><strong>bilis</strong></span> <span class='ocrx_word' id='word_1_6' title='bbox 229 731 410 840; x_wconf 82' lang='lat' dir='ltr'><strong>episcopi</strong></span> <span class='ocrx_word' id='word_1_7' title='bbox 438 730 656 839; x_wconf 79' lang='lat' dir='ltr'><strong>petitiones</strong></span> <span class='ocrx_word' id='word_1_8' title='bbox 684 756 778 812; x_wconf 89' lang='lat' dir='ltr'><strong>oum</strong></span> <span class='ocrx_word' id='word_1_9' title='bbox 804 755 881 810; x_wconf 86' lang='lat' dir='ltr'><strong>nec</strong></span> <span class='ocrx_word' id='word_1_10' title='bbox 908 730 990 812; x_wconf 90' lang='lat' dir='ltr'><strong>iuri</strong></span> <span class='ocrx_word' id='word_1_11' title='bbox 1018 731 1190 834; x_wconf 84' lang='lat' dir='ltr'><strong>obuieut</strong></span> <span class='ocrx_word' id='word_1_12' title='bbox 1217 759 1294 818; x_wconf 89' lang='lat' dir='ltr'><strong>nec</strong></span> <span class='ocrx_word' id='word_1_13' title='bbox 1322 730 1529 825; x_wconf 79' lang='lat' dir='ltr'><strong>dissonent</strong></span> <span class='ocrx_word' id='word_1_14' title='bbox 1552 728 1716 834; x_wconf 84' lang='lat' dir='ltr'><strong>raeioui</strong></span> <span class='ocrx_word' id='word_1_15' title='bbox 1745 739 1902 828; x_wconf 67' lang='lat' dir='ltr'><strong>fauoras</strong></span> 
     </span>
     <span class='ocr_line' id='line_1_3' title="bbox 121 840 1914 952; baseline 0.009 -29"><span class='ocrx_word' id='word_1_16' title='bbox 121 841 249 924; x_wconf 84' lang='lat' dir='ltr'><strong>biliter</strong></span> <span class='ocrx_word' id='word_1_17' title='bbox 278 840 468 926; x_wconf 71' lang='lat' dir='ltr'><strong>duximus</strong></span> <span class='ocrx_word' id='word_1_18' title='bbox 497 841 853 942; x_wconf 77' lang='lat' dir='ltr'><strong>admittendas-</strong></span> <span class='ocrx_word' id='word_1_19' title='bbox 878 887 936 906; x_wconf 90' lang='lat'><em>-</em></span> <span class='ocrx_word' id='word_1_20' title='bbox 961 845 1210 944; x_wconf 75' lang='lat' dir='ltr'><strong>-ecclesia</strong></span> <span class='ocrx_word' id='word_1_21' title='bbox 1255 845 1482 930; x_wconf 84' lang='lat' dir='ltr'><strong>libertatem</strong></span> <span class='ocrx_word' id='word_1_22' title='bbox 1523 848 1671 934; x_wconf 78' lang='lat' dir='ltr'><strong>babeat</strong></span> <span class='ocrx_word' id='word_1_23' title='bbox 1712 853 1757 936; x_wconf 88' lang='lat' dir='ltr'><strong>in</strong></span> <span class='ocrx_word' id='word_1_24' title='bbox 1783 854 1914 952; x_wconf 80' lang='lat' dir='ltr'><strong>scolis·</strong></span> 
     </span>
     <span class='ocr_line' id='line_1_4' title="bbox 116 953 1904 1075; baseline 0.009 -41"><span class='ocrx_word' id='word_1_25' title='bbox 116 953 190 1034; x_wconf 93' lang='lat' dir='ltr'><strong>suis</strong></span> <span class='ocrx_word' id='word_1_26' title='bbox 239 953 453 1035; x_wconf 88' lang='lat' dir='ltr'><strong>erudiendi</strong></span> <span class='ocrx_word' id='word_1_27' title='bbox 488 959 776 1064; x_wconf 86' lang='lat' dir='ltr'><strong>cuiuscumque</strong></span> <span class='ocrx_word' id='word_1_28' title='bbox 818 955 995 1037; x_wconf 88' lang='lat' dir='ltr'><strong>nationis</strong></span> <span class='ocrx_word' id='word_1_29' title='bbox 1043 956 1215 1039; x_wconf 88' lang='lat' dir='ltr'><strong>scolares</strong></span> <span class='ocrx_word' id='word_1_30' title='bbox 1256 957 1434 1067; x_wconf 85' lang='lat' dir='ltr'><strong>hospites</strong></span> <span class='ocrx_word' id='word_1_31' title='bbox 1475 989 1663 1073; x_wconf 87' lang='lat' dir='ltr'><strong>quoque=</strong></span> <span class='ocrx_word' id='word_1_32' title='bbox 1680 965 1904 1075; x_wconf 83' lang='lat' dir='ltr'><strong>recipiendi</strong></span> 
     </span>
     <span class='ocr_line' id='line_1_5' title="bbox 116 1064 1901 1187; baseline 0.01 -45"><span class='ocrx_word' id='word_1_33' title='bbox 116 1111 167 1128; x_wconf 91' lang='lat'>-</span> <span class='ocrx_word' id='word_1_34' title='bbox 190 1109 248 1174; x_wconf 65' lang='lat'><strong>7-</strong></span> <span class='ocrx_word' id='word_1_35' title='bbox 273 1112 331 1128; x_wconf 94' lang='lat'>—</span> <span class='ocrx_word' id='word_1_36' title='bbox 359 1067 606 1148; x_wconf 87' lang='lat' dir='ltr'><strong>invenientes</strong></span> <span class='ocrx_word' id='word_1_37' title='bbox 649 1068 692 1145; x_wconf 91' lang='lat' dir='ltr'><strong>in</strong></span> <span class='ocrx_word' id='word_1_38' title='bbox 719 1064 848 1144; x_wconf 92' lang='lat' dir='ltr'><strong>uerbo</strong></span> <span class='ocrx_word' id='word_1_39' title='bbox 890 1064 1175 1172; x_wconf 81' lang='lat' dir='ltr'><strong>predicationis</strong></span> <span class='ocrx_word' id='word_1_40' title='bbox 1211 1070 1486 1152; x_wconf 83' lang='lat' dir='ltr'><strong>oblationibus</strong></span> <span class='ocrx_word' id='word_1_41' title='bbox 1510 1066 1568 1136; x_wconf 61' lang='lat'><strong>-&#39;-</strong></span> <span class='ocrx_word' id='word_1_42' title='bbox 1592 1120 1649 1140; x_wconf 88' lang='lat'><strong>-·-</strong></span> <span class='ocrx_word' id='word_1_43' title='bbox 1675 1121 1731 1140; x_wconf 90' lang='lat'><em>-</em></span> <span class='ocrx_word' id='word_1_44' title='bbox 1756 1124 1814 1143; x_wconf 91' lang='lat'><em>-</em></span> <span class='ocrx_word' id='word_1_45' title='bbox 1841 1080 1901 1187; x_wconf 87' lang='lat' dir='ltr'><strong>ijs.</strong></span> 
     </span>
     <span class='ocr_line' id='line_1_6' title="bbox 117 1173 1901 1285; baseline 0.01 -32"><span class='ocrx_word' id='word_1_46' title='bbox 117 1173 365 1257; x_wconf 84' lang='lat' dir='ltr'><strong>&amp;sacerdos</strong></span> <span class='ocrx_word' id='word_1_47' title='bbox 393 1177 522 1259; x_wconf 89' lang='lat' dir='ltr'><strong>eidem</strong></span> <span class='ocrx_word' id='word_1_48' title='bbox 550 1177 716 1259; x_wconf 89' lang='lat' dir='ltr'><strong>ecclesie</strong></span> <span class='ocrx_word' id='word_1_49' title='bbox 745 1202 819 1284; x_wconf 93' lang='lat' dir='ltr'><strong>per</strong></span> <span class='ocrx_word' id='word_1_50' title='bbox 846 1189 1032 1285; x_wconf 90' lang='lat' dir='ltr'><strong>tempora</strong></span> <span class='ocrx_word' id='word_1_51' title='bbox 1060 1178 1292 1262; x_wconf 89' lang='lat' dir='ltr'><strong>deseruiens</strong></span> <span class='ocrx_word' id='word_1_52' title='bbox 1320 1182 1510 1263; x_wconf 84' lang='lat' dir='ltr'><strong>omnibus</strong></span> <span class='ocrx_word' id='word_1_53' title='bbox 1552 1184 1725 1266; x_wconf 88' lang='lat' dir='ltr'><strong>aduenis</strong></span> <span class='ocrx_word' id='word_1_54' title='bbox 1759 1188 1901 1270; x_wconf 89' lang='lat' dir='ltr'><strong>uolen-</strong></span> 
     </span>
     <span class='ocr_line' id='line_1_7' title="bbox 115 1283 1899 1400; baseline 0.009 -34"><span class='ocrx_word' id='word_1_55' title='bbox 115 1283 219 1366; x_wconf 81' lang='lat' dir='ltr'><strong>tibus</strong></span> <span class='ocrx_word' id='word_1_56' title='bbox 248 1285 301 1364; x_wconf 90' lang='lat' dir='ltr'><strong>ab</strong></span> <span class='ocrx_word' id='word_1_57' title='bbox 329 1289 419 1396; x_wconf 86' lang='lat' dir='ltr'><strong>ipso</strong></span> <span class='ocrx_word' id='word_1_58' title='bbox 447 1287 742 1369; x_wconf 82' lang='lat' dir='ltr'><strong>communionis</strong></span> <span class='ocrx_word' id='word_1_59' title='bbox 770 1286 1043 1394; x_wconf 82' lang='lat' dir='ltr'><strong>&amp;sepulture</strong></span> <span class='ocrx_word' id='word_1_60' title='bbox 1077 1308 1326 1372; x_wconf 89' lang='lat' dir='ltr'><strong>sacramenta</strong></span> <span class='ocrx_word' id='word_1_61' title='bbox 1354 1294 1481 1400; x_wconf 84' lang='lat' dir='ltr'><strong>possit</strong></span> <span class='ocrx_word' id='word_1_62' title='bbox 1510 1293 1634 1375; x_wconf 92' lang='lat' dir='ltr'><strong>libere</strong></span> <span class='ocrx_word' id='word_1_63' title='bbox 1662 1297 1899 1384; x_wconf 88' lang='lat' dir='ltr'><strong>ministrare.</strong></span> 
     </span>
     <span class='ocr_line' id='line_1_8' title="bbox 111 1394 1954 1518; baseline 0.004 -42"><span class='ocrx_word' id='word_1_64' title='bbox 111 1395 155 1476; x_wconf 83' lang='lat' dir='ltr'><strong>si</strong></span> <span class='ocrx_word' id='word_1_65' title='bbox 179 1395 271 1504; x_wconf 84' lang='lat' dir='ltr'><strong>quis</strong></span> <span class='ocrx_word' id='word_1_66' title='bbox 300 1417 432 1480; x_wconf 89' lang='lat' dir='ltr'><strong>antem</strong></span> <span class='ocrx_word' id='word_1_67' title='bbox 460 1399 566 1479; x_wconf 90' lang='lat' dir='ltr'><strong>hanc</strong></span> <span class='ocrx_word' id='word_1_68' title='bbox 592 1446 650 1463; x_wconf 93' lang='lat'><em>-</em></span> <span class='ocrx_word' id='word_1_69' title='bbox 676 1445 733 1461; x_wconf 92' lang='lat'><em>-</em></span> <span class='ocrx_word' id='word_1_70' title='bbox 759 1441 817 1460; x_wconf 90' lang='lat'><strong>-·</strong></span> <span class='ocrx_word' id='word_1_71' title='bbox 844 1394 1066 1507; x_wconf 87' lang='lat' dir='ltr'><strong>infringere</strong></span> <span class='ocrx_word' id='word_1_72' title='bbox 1102 1421 1179 1483; x_wconf 89' lang='lat' dir='ltr'><strong>aut·</strong></span> <span class='ocrx_word' id='word_1_73' title='bbox 1200 1403 1243 1482; x_wconf 88' lang='lat' dir='ltr'><strong>ei</strong></span> <span class='ocrx_word' id='word_1_74' title='bbox 1266 1429 1367 1483; x_wconf 88' lang='lat' dir='ltr'><strong>ausu</strong></span> <span class='ocrx_word' id='word_1_75' title='bbox 1389 1408 1600 1486; x_wconf 86' lang='lat' dir='ltr'><strong>temerario</strong></span> <span class='ocrx_word' id='word_1_76' title='bbox 1614 1413 1905 1518; x_wconf 77' lang='lat' dir='ltr'><strong>presumpserit</strong></span> <span class='ocrx_word' id='word_1_77' title='bbox 1948 1471 1954 1484; x_wconf 82' lang='grc'><em>,</em></span> 
     </span>
     <span class='ocr_line' id='line_1_9' title="bbox 112 1507 1898 1630; baseline 0.007 -43"><span class='ocrx_word' id='word_1_78' title='bbox 112 1507 310 1587; x_wconf 90' lang='lat' dir='ltr'><strong>contraire</strong></span> <span class='ocrx_word' id='word_1_79' title='bbox 345 1507 664 1618; x_wconf 86' lang='lat' dir='ltr'><strong>indignationem</strong></span> <span class='ocrx_word' id='word_1_80' title='bbox 706 1509 997 1616; x_wconf 88' lang='lat' dir='ltr'><strong>omnipotentis</strong></span> <span class='ocrx_word' id='word_1_81' title='bbox 1031 1509 1098 1593; x_wconf 88' lang='lat' dir='ltr'><strong>dei</strong></span> <span class='ocrx_word' id='word_1_82' title='bbox 1124 1518 1163 1594; x_wconf 69' lang='lat'><strong>8&lt;</strong></span> <span class='ocrx_word' id='word_1_83' title='bbox 1191 1512 1402 1593; x_wconf 89' lang='lat' dir='ltr'><strong>beatorum</strong></span> <span class='ocrx_word' id='word_1_84' title='bbox 1442 1515 1615 1623; x_wconf 88' lang='lat' dir='ltr'><strong>petri&amp;</strong></span> <span class='ocrx_word' id='word_1_85' title='bbox 1648 1519 1760 1630; x_wconf 85' lang='lat' dir='ltr'><strong>pauli</strong></span> <span class='ocrx_word' id='word_1_86' title='bbox 1800 1547 1898 1630; x_wconf 92' lang='lat' dir='ltr'><strong>apo·</strong></span> 
     </span>
     <span class='ocr_line' id='line_1_10' title="bbox 47 1617 1740 1724; baseline 0.01 -29"><span class='ocrx_word' id='word_1_87' title='bbox 47 1643 53 1653; x_wconf 94' lang='lat'><strong>·</strong></span> <span class='ocrx_word' id='word_1_88' title='bbox 112 1617 306 1698; x_wconf 90' lang='lat' dir='ltr'><strong>stolorum</strong></span> <span class='ocrx_word' id='word_1_89' title='bbox 323 1645 374 1704; x_wconf 79' lang='lat' dir='ltr'><strong>se</strong></span> <span class='ocrx_word' id='word_1_90' title='bbox 404 1622 568 1702; x_wconf 90' lang='lat' dir='ltr'><strong>nouerit</strong></span> <span class='ocrx_word' id='word_1_91' title='bbox 596 1623 864 1701; x_wconf 90' lang='lat' dir='ltr'><strong>incursurum.</strong></span> <span class='ocrx_word' id='word_1_92' title='bbox 920 1619 1070 1702; x_wconf 88' lang='lat' dir='ltr'><strong>Datum</strong></span> <span class='ocrx_word' id='word_1_93' title='bbox 1098 1624 1141 1705; x_wconf 92' lang='lat' dir='ltr'><strong>iu</strong></span> <span class='ocrx_word' id='word_1_94' title='bbox 1170 1623 1331 1724; x_wconf 73' lang='lat' dir='ltr'><strong>Wisbir.</strong></span> <span class='ocrx_word' id='word_1_95' title='bbox 1362 1625 1405 1705; x_wconf 92' lang='grc' dir='ltr'><strong><em>Π</em></strong></span> <span class='ocrx_word' id='word_1_96' title='bbox 1431 1627 1536 1711; x_wconf 89' lang='lat' dir='ltr'><strong>Non.</strong></span> <span class='ocrx_word' id='word_1_97' title='bbox 1563 1627 1740 1711; x_wconf 71' lang='grc'><strong>-’-.</strong></span> 
     </span>
    </p>
   </div>
   <div class='ocr_carea' id='block_1_3' title="bbox 27 2054 1898 2274">
    <p class='ocr_par' dir='ltr' id='par_1_3' title="bbox 27 2054 1898 2274">
     <span class='ocr_line' id='line_1_11' title="bbox 27 2054 1898 2274; baseline 0.009 -53"><span class='ocrx_word' id='word_1_98' title='bbox 27 2115 241 2267; x_wconf 60' lang='lat' dir='ltr'><strong>sta.</strong></span> <span class='ocrx_word' id='word_1_99' title='bbox 426 2199 429 2206; x_wconf 90' lang='lat'>.</span> <span class='ocrx_word' id='word_1_100' title='bbox 620 2054 624 2066; x_wconf 10' lang='grc' dir='ltr'><em>Λ</em></span> <span class='ocrx_word' id='word_1_101' title='bbox 734 2128 1284 2274; x_wconf 51' lang='lat' dir='ltr'><strong>2225a1onug.</strong></span> <span class='ocrx_word' id='word_1_102' title='bbox 1491 2245 1495 2250; x_wconf 65' lang='grc'><strong>,</strong></span> <span class='ocrx_word' id='word_1_103' title='bbox 1752 2131 1898 2238; x_wconf 70' lang='lat' dir='ltr'><strong>aiau.</strong></span> 
     </span>
    </p>
   </div>
   <div class='ocr_carea' id='block_1_4' title="bbox 99 2339 1965 2602">
    <p class='ocr_par' dir='ltr' id='par_1_4' title="bbox 99 2303 1965 2602">
     <span class='ocr_line' id='line_1_12' title="bbox 181 2339 1899 2441; baseline 0.01 -41"><span class='ocrx_word' id='word_1_104' title='bbox 181 2339 279 2412; x_wconf 74' lang='lat' dir='ltr'><strong>Pdfv.</strong></span> <span class='ocrx_word' id='word_1_105' title='bbox 302 2341 461 2406; x_wconf 75' lang='lat' dir='ltr'><strong>Honorius</strong></span> <span class='ocrx_word' id='word_1_106' title='bbox 483 2345 552 2406; x_wconf 74' lang='lat' dir='ltr'><strong>lits</strong></span> <span class='ocrx_word' id='word_1_107' title='bbox 572 2367 646 2409; x_wconf 80' lang='lat' dir='ltr'><strong>svar</strong></span> <span class='ocrx_word' id='word_1_108' title='bbox 667 2350 718 2416; x_wconf 88' lang='lat' dir='ltr'><strong>till</strong></span> <span class='ocrx_word' id='word_1_109' title='bbox 752 2346 928 2414; x_wconf 77' lang='lat' dir='ltr'><strong>ilrlie-Bisl</strong></span> <span class='ocrx_word' id='word_1_110' title='bbox 988 2373 1009 2412; x_wconf 96' lang='lat' dir='ltr'><strong>n</strong></span> <span class='ocrx_word' id='word_1_111' title='bbox 1036 2348 1161 2414; x_wconf 88' lang='lat' dir='ltr'><strong>iLund</strong></span> <span class='ocrx_word' id='word_1_112' title='bbox 1182 2349 1222 2432; x_wconf 79' lang='lat' dir='ltr'><strong>pt</strong></span> <span class='ocrx_word' id='word_1_113' title='bbox 1244 2349 1321 2411; x_wconf 87' lang='lat' dir='ltr'><strong>hans</strong></span> <span class='ocrx_word' id='word_1_114' title='bbox 1341 2349 1570 2434; x_wconf 65' lang='lat' dir='ltr'><strong>forbdgningar</strong></span> <span class='ocrx_word' id='word_1_115' title='bbox 1590 2350 1722 2414; x_wconf 81' lang='lat' dir='ltr'><strong>riirande</strong></span> <span class='ocrx_word' id='word_1_116' title='bbox 1743 2351 1899 2441; x_wconf 67' lang='lat' dir='ltr'><strong>sulptu-</strong></span> 
     </span>
     <span class='ocr_line' id='line_1_13' title="bbox 233 2424 1965 2516; baseline 0.008 -32"><span class='ocrx_word' id='word_1_117' title='bbox 233 2444 276 2506; x_wconf 80' lang='lat' dir='ltr'><strong>ga</strong></span> <span class='ocrx_word' id='word_1_118' title='bbox 297 2424 379 2488; x_wconf 82' lang='lat' dir='ltr'><strong>bruk</strong></span> <span class='ocrx_word' id='word_1_119' title='bbox 400 2426 454 2490; x_wconf 81' lang='lat' dir='ltr'><strong>rid</strong></span> <span class='ocrx_word' id='word_1_120' title='bbox 476 2424 608 2492; x_wconf 62' lang='lat' dir='ltr'><strong>Meosne</strong></span> <span class='ocrx_word' id='word_1_121' title='bbox 629 2430 839 2510; x_wconf 76' lang='lat' dir='ltr'><strong>ffirrtttande3</strong></span> <span class='ocrx_word' id='word_1_122' title='bbox 860 2428 946 2496; x_wconf 80' lang='lat' dir='ltr'><strong>Fiirh</strong></span> <span class='ocrx_word' id='word_1_123' title='bbox 970 2433 1089 2497; x_wconf 84' lang='lat' dir='ltr'><strong>llendet</strong></span> <span class='ocrx_word' id='word_1_124' title='bbox 1119 2433 1242 2496; x_wconf 88' lang='lat' dir='ltr'><strong>mellan·</strong></span> <span class='ocrx_word' id='word_1_125' title='bbox 1268 2435 1414 2511; x_wconf 86' lang='lat' dir='ltr'><strong>Munkar,</strong></span> <span class='ocrx_word' id='word_1_126' title='bbox 1448 2454 1513 2496; x_wconf 87' lang='lat' dir='ltr'><strong>som</strong></span> <span class='ocrx_word' id='word_1_127' title='bbox 1540 2444 1616 2496; x_wconf 81' lang='lat' dir='ltr'><strong>utar</strong></span> <span class='ocrx_word' id='word_1_128' title='bbox 1652 2434 1901 2510; x_wconf 65' lang='lat' dir='ltr'><strong>abbonessum</strong></span> <span class='ocrx_word' id='word_1_129' title='bbox 1961 2509 1965 2516; x_wconf 25' lang='lat'><strong><em>¹</em></strong></span> 
     </span>
     <span class='ocr_line' id='line_1_14' title="bbox 99 2507 1628 2602; baseline 0.009 -36"><span class='ocrx_word' id='word_1_130' title='bbox 99 2565 100 2573; x_wconf 69' lang='grc'>,</span> <span class='ocrx_word' id='word_1_131' title='bbox 229 2507 323 2569; x_wconf 71' lang='lat' dir='ltr'><strong>suad</strong></span> <span class='ocrx_word' id='word_1_132' title='bbox 344 2509 453 2572; x_wconf 81' lang='lat' dir='ltr'><strong>blifvit</strong></span> <span class='ocrx_word' id='word_1_133' title='bbox 475 2510 670 2596; x_wconf 71' lang='lat' dir='ltr'><strong>Prmtrigda,</strong></span> <span class='ocrx_word' id='word_1_134' title='bbox 689 2527 771 2581; x_wconf 77' lang='lat' dir='ltr'><strong>sumt</strong></span> <span class='ocrx_word' id='word_1_135' title='bbox 790 2517 967 2602; x_wconf 85' lang='lat' dir='ltr'><strong>nyttjandet</strong></span> <span class='ocrx_word' id='word_1_136' title='bbox 986 2517 1025 2578; x_wconf 80' lang='lat' dir='ltr'><strong>ai</strong></span> <span class='ocrx_word' id='word_1_137' title='bbox 1042 2517 1182 2581; x_wconf 88' lang='lat' dir='ltr'><strong>Pallium</strong></span> <span class='ocrx_word' id='word_1_138' title='bbox 1202 2518 1250 2578; x_wconf 79' lang='lat' dir='ltr'><strong>uti</strong></span> <span class='ocrx_word' id='word_1_139' title='bbox 1274 2527 1321 2579; x_wconf 86' lang='lat' dir='ltr'><strong>ett</strong></span> <span class='ocrx_word' id='word_1_140' title='bbox 1338 2517 1530 2581; x_wconf 68' lang='lat' dir='ltr'><strong>frammude</strong></span> <span class='ocrx_word' id='word_1_141' title='bbox 1550 2518 1628 2580; x_wconf 72' lang='lat' dir='ltr'><strong>tritt.</strong></span> 
     </span>
    </p>
   </div>
   <div class='ocr_carea' id='block_1_5' title="bbox 612 2611 1764 2850">
    <p class='ocr_par' dir='ltr' id='par_1_5' title="bbox 612 2611 1764 2850">
     <span class='ocr_line' id='line_1_15' title="bbox 1275 2611 1764 2701; baseline 0 -15"><span class='ocrx_word' id='word_1_142' title='bbox 1275 2643 1282 2652; x_wconf 85' lang='lat'><strong>·</strong></span> <span class='ocrx_word' id='word_1_143' title='bbox 1337 2630 1479 2700; x_wconf 76' lang='lat' dir='ltr'><strong>F.1:92.</strong></span> <span class='ocrx_word' id='word_1_144' title='bbox 1508 2611 1569 2686; x_wconf 58' lang='lat' dir='ltr'><strong>du.</strong></span> <span class='ocrx_word' id='word_1_145' title='bbox 1589 2648 1632 2685; x_wconf 87' lang='lat' dir='ltr'><strong>ro.</strong></span> <span class='ocrx_word' id='word_1_146' title='bbox 1650 2628 1703 2701; x_wconf 78' lang='lat' dir='ltr'><strong>Ep.</strong></span> <span class='ocrx_word' id='word_1_147' title='bbox 1723 2633 1764 2688; x_wconf 80' lang='lat'><strong>16.</strong></span> 
     </span>
     <span class='ocr_line' id='line_1_16' title="bbox 612 2753 1237 2850; baseline 0.005 -5"><span class='ocrx_word' id='word_1_148' title='bbox 612 2753 614 2766; x_wconf 52' lang='lat'>¹</span> <span class='ocrx_word' id='word_1_149' title='bbox 744 2765 949 2849; x_wconf 81' lang='lat' dir='ltr'><strong>Honorius</strong></span> <span class='ocrx_word' id='word_1_150' title='bbox 977 2773 1049 2849; x_wconf 74' lang='lat' dir='ltr'><strong>&amp;u</strong></span> <span class='ocrx_word' id='word_1_151' title='bbox 1085 2766 1237 2850; x_wconf 70' lang='lat' dir='ltr'><strong>Eidem.</strong></span> 
     </span>
    </p>
   </div>
   <div class='ocr_carea' id='block_1_6' title="bbox 96 2935 1897 3164">
    <p class='ocr_par' dir='ltr' id='par_1_6' title="bbox 96 2935 1897 3164">
     <span class='ocr_line' id='line_1_17' title="bbox 158 2935 1897 3054; baseline 0.008 -44"><span class='ocrx_word' id='word_1_152' title='bbox 158 3000 162 3010; x_wconf 90' lang='lat'>.</span> <span class='ocrx_word' id='word_1_153' title='bbox 271 2935 363 3016; x_wconf 89' lang='lat' dir='ltr'><strong>Tua</strong></span> <span class='ocrx_word' id='word_1_154' title='bbox 387 2964 464 3040; x_wconf 87' lang='lat' dir='ltr'><strong>nos</strong></span> <span class='ocrx_word' id='word_1_155' title='bbox 494 2937 610 3020; x_wconf 87' lang='lat' dir='ltr'><strong>duxit</strong></span> <span class='ocrx_word' id='word_1_156' title='bbox 637 2940 885 3022; x_wconf 88' lang='lat' dir='ltr'><strong>Fraternitas</strong></span> <span class='ocrx_word' id='word_1_157' title='bbox 912 2943 1201 3041; x_wconf 86' lang='lat' dir='ltr'><strong>consulendos,</strong></span> <span class='ocrx_word' id='word_1_158' title='bbox 1229 2960 1277 3023; x_wconf 92' lang='lat' dir='ltr'><strong>ut</strong></span> <span class='ocrx_word' id='word_1_159' title='bbox 1304 2971 1396 3024; x_wconf 91' lang='lat' dir='ltr'><strong>cum</strong></span> <span class='ocrx_word' id='word_1_160' title='bbox 1423 2942 1590 3054; x_wconf 91' lang='lat' dir='ltr'><strong>quidam</strong></span> <span class='ocrx_word' id='word_1_161' title='bbox 1603 2943 1819 3026; x_wconf 87' lang='lat' dir='ltr'><strong>Presbitcri</strong></span> <span class='ocrx_word' id='word_1_162' title='bbox 1832 2971 1897 3026; x_wconf 87' lang='lat' dir='ltr'><strong>oe·</strong></span> 
     </span>
     <span class='ocr_line' id='line_1_18' title="bbox 96 3043 1896 3164; baseline 0.007 -42"><span class='ocrx_word' id='word_1_163' title='bbox 96 3043 310 3126; x_wconf 88' lang='lat' dir='ltr'><strong>lebrantcs</strong></span> <span class='ocrx_word' id='word_1_164' title='bbox 338 3049 549 3128; x_wconf 80' lang='lat' dir='ltr'><strong>Missurum</strong></span> <span class='ocrx_word' id='word_1_165' title='bbox 575 3051 782 3131; x_wconf 87' lang='lat' dir='ltr'><strong>sollemnia</strong></span> <span class='ocrx_word' id='word_1_166' title='bbox 815 3070 969 3162; x_wconf 91' lang='lat' dir='ltr'><strong>ponant</strong></span> <span class='ocrx_word' id='word_1_167' title='bbox 996 3055 1167 3134; x_wconf 86' lang='lat' dir='ltr'><strong>hostiam</strong></span> <span class='ocrx_word' id='word_1_168' title='bbox 1183 3072 1288 3133; x_wconf 84' lang='lat' dir='ltr'><strong>-ante</strong></span> <span class='ocrx_word' id='word_1_169' title='bbox 1316 3054 1498 3151; x_wconf 86' lang='lat' dir='ltr'><strong>calicem,</strong></span> <span class='ocrx_word' id='word_1_170' title='bbox 1533 3053 1701 3164; x_wconf 90' lang='lat' dir='ltr'><strong>quidam</strong></span> <span class='ocrx_word' id='word_1_171' title='bbox 1727 3056 1771 3133; x_wconf 88' lang='lat' dir='ltr'><strong>in</strong></span> <span class='ocrx_word' id='word_1_172' title='bbox 1799 3055 1896 3135; x_wconf 90' lang='lat' dir='ltr'><strong>sini-</strong></span> 
     </span>
    </p>
   </div>
   <div class='ocr_carea' id='block_1_7' title="bbox 89 3158 2120 3385">
    <p class='ocr_par' dir='ltr' id='par_1_7' title="bbox 89 3158 2120 3385">
     <span class='ocr_line' id='line_1_19' title="bbox 90 3158 2098 3277; baseline 0.003 -43"><span class='ocrx_word' id='word_1_173' title='bbox 90 3171 177 3236; x_wconf 90' lang='lat' dir='ltr'><strong>stro</strong></span> <span class='ocrx_word' id='word_1_174' title='bbox 209 3158 342 3240; x_wconf 89' lang='lat' dir='ltr'><strong>latere</strong></span> <span class='ocrx_word' id='word_1_175' title='bbox 364 3159 519 3257; x_wconf 89' lang='lat' dir='ltr'><strong>calicis,</strong></span> <span class='ocrx_word' id='word_1_176' title='bbox 548 3178 589 3240; x_wconf 90' lang='lat' dir='ltr'><strong>et</strong></span> <span class='ocrx_word' id='word_1_177' title='bbox 603 3161 770 3272; x_wconf 90' lang='lat' dir='ltr'><strong>quidam</strong></span> <span class='ocrx_word' id='word_1_178' title='bbox 784 3163 918 3246; x_wconf 89' lang='lat' dir='ltr'><strong>levent</strong></span> <span class='ocrx_word' id='word_1_179' title='bbox 935 3165 1101 3246; x_wconf 86' lang='lat' dir='ltr'><strong>calicem</strong></span> <span class='ocrx_word' id='word_1_180' title='bbox 1116 3165 1321 3274; x_wconf 86' lang='lat' dir='ltr'><strong>corporali</strong></span> <span class='ocrx_word' id='word_1_181' title='bbox 1335 3180 1589 3261; x_wconf 88' lang='lat' dir='ltr'><strong>contectum,</strong></span> <span class='ocrx_word' id='word_1_182' title='bbox 1605 3163 1897 3277; x_wconf 85' lang='lat' dir='ltr'><strong>deponantque</strong></span> <span class='ocrx_word' id='word_1_183' title='bbox 2004 3213 2010 3222; x_wconf 89' lang='lat'><strong>·</strong></span> <span class='ocrx_word' id='word_1_184' title='bbox 2058 3210 2061 3218; x_wconf 77' lang='lat'><strong>,</strong></span> <span class='ocrx_word' id='word_1_185' title='bbox 2096 3233 2098 3240; x_wconf 87' lang='grc'><em>,</em></span> 
     </span>
     <span class='ocr_line' id='line_1_20' title="bbox 89 3265 2120 3385; baseline 0.006 -38"><span class='ocrx_word' id='word_1_186' title='bbox 89 3265 187 3348; x_wconf 87' lang='lat' dir='ltr'><strong>dum</strong></span> <span class='ocrx_word' id='word_1_187' title='bbox 204 3269 393 3378; x_wconf 83' lang='lat' dir='ltr'><strong>signant,</strong></span> <span class='ocrx_word' id='word_1_188' title='bbox 408 3288 449 3350; x_wconf 92' lang='lat' dir='ltr'><strong>et</strong></span> <span class='ocrx_word' id='word_1_189' title='bbox 469 3272 617 3352; x_wconf 87' lang='lat' dir='ltr'><strong>iterum</strong></span> <span class='ocrx_word' id='word_1_190' title='bbox 636 3272 771 3354; x_wconf 90' lang='lat' dir='ltr'><strong>levent</strong></span> <span class='ocrx_word' id='word_1_191' title='bbox 794 3291 965 3372; x_wconf 89' lang='lat' dir='ltr'><strong>tectum,</strong></span> <span class='ocrx_word' id='word_1_192' title='bbox 981 3276 1147 3385; x_wconf 90' lang='lat' dir='ltr'><strong>quidam</strong></span> <span class='ocrx_word' id='word_1_193' title='bbox 1161 3303 1259 3358; x_wconf 89' lang='lat' dir='ltr'><strong>vero</strong></span> <span class='ocrx_word' id='word_1_194' title='bbox 1274 3273 1573 3384; x_wconf 90' lang='lat' dir='ltr'><strong>discoopertum</strong></span> <span class='ocrx_word' id='word_1_195' title='bbox 1589 3276 1742 3372; x_wconf 85' lang='lat' dir='ltr'><strong>levent,</strong></span> <span class='ocrx_word' id='word_1_196' title='bbox 1758 3292 1799 3355; x_wconf 90' lang='lat' dir='ltr'><strong>et</strong></span> <span class='ocrx_word' id='word_1_197' title='bbox 1814 3305 1898 3357; x_wconf 88' lang='lat' dir='ltr'><strong>una</strong></span> <span class='ocrx_word' id='word_1_198' title='bbox 2016 3287 2034 3346; x_wconf 64' lang='lat'><strong>‘-</strong></span> <span class='ocrx_word' id='word_1_199' title='bbox 2115 3326 2120 3334; x_wconf 93' lang='lat'>·</span> 
     </span>
    </p>
   </div>
   <div class='ocr_carea' id='block_1_8' title="bbox 65 3381 1968 5161">
    <p class='ocr_par' dir='ltr' id='par_1_8' title="bbox 65 3381 1968 5161">
     <span class='ocr_line' id='line_1_21' title="bbox 89 3381 1907 3499; baseline 0.007 -42"><span class='ocrx_word' id='word_1_200' title='bbox 89 3405 212 3458; x_wconf 91' lang='lat' dir='ltr'><strong>manu</strong></span> <span class='ocrx_word' id='word_1_201' title='bbox 238 3395 430 3462; x_wconf 90' lang='lat' dir='ltr'><strong>tenentes</strong></span> <span class='ocrx_word' id='word_1_202' title='bbox 446 3381 645 3463; x_wconf 87' lang='lat' dir='ltr'><strong>elevatum</strong></span> <span class='ocrx_word' id='word_1_203' title='bbox 660 3383 787 3465; x_wconf 90' lang='lat' dir='ltr'><strong>altera</strong></span> <span class='ocrx_word' id='word_1_204' title='bbox 803 3413 925 3466; x_wconf 90' lang='lat' dir='ltr'><strong>manu</strong></span> <span class='ocrx_word' id='word_1_205' title='bbox 938 3387 1113 3494; x_wconf 82' lang='lat' dir='ltr'><strong>signent,</strong></span> <span class='ocrx_word' id='word_1_206' title='bbox 1128 3386 1376 3496; x_wconf 88' lang='lat' dir='ltr'><strong>quidamque</strong></span> <span class='ocrx_word' id='word_1_207' title='bbox 1391 3387 1443 3468; x_wconf 91' lang='lat' dir='ltr'><strong>de</strong></span> <span class='ocrx_word' id='word_1_208' title='bbox 1458 3387 1590 3493; x_wconf 85' lang='lat' dir='ltr'><strong>tribus</strong></span> <span class='ocrx_word' id='word_1_209' title='bbox 1604 3390 1802 3496; x_wconf 88' lang='lat' dir='ltr'><strong>partibus,</strong></span> <span class='ocrx_word' id='word_1_210' title='bbox 1816 3416 1907 3499; x_wconf 78' lang='lat' dir='ltr'><strong>que</strong></span> 
     </span>
     <span class='ocr_line' id='line_1_22' title="bbox 86 3489 1898 3609; baseline 0.007 -41"><span class='ocrx_word' id='word_1_211' title='bbox 86 3489 192 3570; x_wconf 87' lang='lat' dir='ltr'><strong>fiunt</strong></span> <span class='ocrx_word' id='word_1_212' title='bbox 207 3518 265 3569; x_wconf 85' lang='lat' dir='ltr'><strong>ex</strong></span> <span class='ocrx_word' id='word_1_213' title='bbox 283 3491 415 3574; x_wconf 87' lang='lat' dir='ltr'><strong>hostia</strong></span> <span class='ocrx_word' id='word_1_214' title='bbox 431 3492 530 3574; x_wconf 90' lang='lat' dir='ltr'><strong>duas</strong></span> <span class='ocrx_word' id='word_1_215' title='bbox 545 3521 667 3603; x_wconf 90' lang='lat' dir='ltr'><strong>super</strong></span> <span class='ocrx_word' id='word_1_216' title='bbox 687 3511 877 3605; x_wconf 89' lang='lat' dir='ltr'><strong>patenam</strong></span> <span class='ocrx_word' id='word_1_217' title='bbox 908 3513 1084 3605; x_wconf 87' lang='lat' dir='ltr'><strong>ponant,</strong></span> <span class='ocrx_word' id='word_1_218' title='bbox 1113 3513 1154 3577; x_wconf 88' lang='lat' dir='ltr'><strong>et</strong></span> <span class='ocrx_word' id='word_1_219' title='bbox 1183 3498 1349 3609; x_wconf 90' lang='lat' dir='ltr'><strong>quidam</strong></span> <span class='ocrx_word' id='word_1_220' title='bbox 1378 3498 1466 3578; x_wconf 91' lang='lat' dir='ltr'><strong>illas</strong></span> <span class='ocrx_word' id='word_1_221' title='bbox 1494 3514 1676 3579; x_wconf 87' lang='lat' dir='ltr'><strong>tenentes</strong></span> <span class='ocrx_word' id='word_1_222' title='bbox 1704 3500 1746 3578; x_wconf 94' lang='lat' dir='ltr'><strong>in</strong></span> <span class='ocrx_word' id='word_1_223' title='bbox 1776 3526 1898 3581; x_wconf 94' lang='lat' dir='ltr'><strong>manu</strong></span> 
     </span>
     <span class='ocr_line' id='line_1_23' title="bbox 87 3603 1897 3721; baseline 0.007 -41"><span class='ocrx_word' id='word_1_224' title='bbox 87 3603 397 3683; x_wconf 84' lang='lat' dir='ltr'><strong>communicent</strong></span> <span class='ocrx_word' id='word_1_225' title='bbox 425 3632 546 3712; x_wconf 87' lang='lat' dir='ltr'><strong>super</strong></span> <span class='ocrx_word' id='word_1_226' title='bbox 574 3605 739 3686; x_wconf 87' lang='lat' dir='ltr'><strong>calicem</strong></span> <span class='ocrx_word' id='word_1_227' title='bbox 753 3607 840 3687; x_wconf 91' lang='lat' dir='ltr'><strong>illas</strong></span> <span class='ocrx_word' id='word_1_228' title='bbox 855 3635 1114 3718; x_wconf 86' lang='lat' dir='ltr'><strong>nequaqnam</strong></span> <span class='ocrx_word' id='word_1_229' title='bbox 1129 3610 1173 3688; x_wconf 86' lang='lat' dir='ltr'><strong>iu</strong></span> <span class='ocrx_word' id='word_1_230' title='bbox 1187 3617 1333 3717; x_wconf 86' lang='lat' dir='ltr'><strong>patena</strong></span> <span class='ocrx_word' id='word_1_231' title='bbox 1350 3603 1565 3718; x_wconf 77' lang='lat' dir='ltr'><strong>poneirteS,</strong></span> <span class='ocrx_word' id='word_1_232' title='bbox 1581 3608 1682 3721; x_wconf 86' lang='lat' dir='ltr'><strong>quid</strong></span> <span class='ocrx_word' id='word_1_233' title='bbox 1696 3610 1772 3689; x_wconf 90' lang='lat' dir='ltr'><strong>t1b1</strong></span> <span class='ocrx_word' id='word_1_234' title='bbox 1786 3627 1838 3690; x_wconf 82' lang='lat' dir='ltr'><strong>sit</strong></span> <span class='ocrx_word' id='word_1_235' title='bbox 1853 3640 1897 3692; x_wconf 87' lang='grc' dir='ltr'><strong>ιιι</strong></span> 
     </span>
     <span class='ocr_line' id='line_1_24' title="bbox 84 3712 1895 3829; baseline 0.006 -37"><span class='ocrx_word' id='word_1_236' title='bbox 84 3712 330 3795; x_wconf 89' lang='lat' dir='ltr'><strong>huiusmodi</strong></span> <span class='ocrx_word' id='word_1_237' title='bbox 344 3718 538 3796; x_wconf 83' lang='lat' dir='ltr'><strong>varietate</strong></span> <span class='ocrx_word' id='word_1_238' title='bbox 552 3717 783 3798; x_wconf 87' lang='lat' dir='ltr'><strong>tenendum.</strong></span> <span class='ocrx_word' id='word_1_239' title='bbox 814 3716 879 3800; x_wconf 87' lang='lat' dir='ltr'><strong>Ad</strong></span> <span class='ocrx_word' id='word_1_240' title='bbox 895 3717 1006 3827; x_wconf 90' lang='lat' dir='ltr'><strong>quod</strong></span> <span class='ocrx_word' id='word_1_241' title='bbox 1021 3735 1157 3826; x_wconf 90' lang='lat' dir='ltr'><strong>potest</strong></span> <span class='ocrx_word' id='word_1_242' title='bbox 1171 3744 1256 3798; x_wconf 91' lang='lat' dir='ltr'><strong>non</strong></span> <span class='ocrx_word' id='word_1_243' title='bbox 1272 3719 1494 3827; x_wconf 85' lang='lat' dir='ltr'><strong>incongrue</strong></span> <span class='ocrx_word' id='word_1_244' title='bbox 1508 3717 1750 3829; x_wconf 90' lang='lat' dir='ltr'><strong>responderi</strong></span> <span class='ocrx_word' id='word_1_245' title='bbox 1761 3721 1895 3804; x_wconf 90' lang='lat' dir='ltr'><strong>verbis</strong></span> 
     </span>
     <span class='ocr_line' id='line_1_25' title="bbox 83 3823 1895 3940; baseline 0.003 -36"><span class='ocrx_word' id='word_1_246' title='bbox 83 3823 254 3904; x_wconf 90' lang='lat' dir='ltr'><strong>Nicolai</strong></span> <span class='ocrx_word' id='word_1_247' title='bbox 270 3827 381 3936; x_wconf 89' lang='lat' dir='ltr'><strong>Pape</strong></span> <span class='ocrx_word' id='word_1_248' title='bbox 411 3825 592 3909; x_wconf 88' lang='lat' dir='ltr'><strong>dicentis.</strong></span> <span class='ocrx_word' id='word_1_249' title='bbox 622 3827 756 3908; x_wconf 92' lang='lat' dir='ltr'><strong>Nichil</strong></span> <span class='ocrx_word' id='word_1_250' title='bbox 785 3829 935 3909; x_wconf 91' lang='lat' dir='ltr'><strong>obsunt</strong></span> <span class='ocrx_word' id='word_1_251' title='bbox 962 3830 1082 3908; x_wconf 92' lang='lat' dir='ltr'><strong>saluti</strong></span> <span class='ocrx_word' id='word_1_252' title='bbox 1096 3827 1349 3910; x_wconf 90' lang='lat' dir='ltr'><strong>credentium</strong></span> <span class='ocrx_word' id='word_1_253' title='bbox 1372 3828 1528 3912; x_wconf 85' lang='lat' dir='ltr'><strong>diverse</strong></span> <span class='ocrx_word' id='word_1_254' title='bbox 1544 3857 1620 3940; x_wconf 92' lang='lat' dir='ltr'><strong>pro</strong></span> <span class='ocrx_word' id='word_1_255' title='bbox 1635 3832 1726 3912; x_wconf 91' lang='lat' dir='ltr'><strong>loco</strong></span> <span class='ocrx_word' id='word_1_256' title='bbox 1741 3847 1782 3910; x_wconf 88' lang='lat' dir='ltr'><strong>et</strong></span> <span class='ocrx_word' id='word_1_257' title='bbox 1795 3848 1895 3910; x_wconf 91' lang='lat' dir='ltr'><strong>tem·</strong></span> 
     </span>
     <span class='ocr_line' id='line_1_26' title="bbox 81 3936 1895 4056; baseline 0.006 -44"><span class='ocrx_word' id='word_1_258' title='bbox 81 3959 188 4045; x_wconf 89' lang='lat' dir='ltr'><strong>pore</strong></span> <span class='ocrx_word' id='word_1_259' title='bbox 218 3936 538 4019; x_wconf 87' lang='lat' dir='ltr'><strong>eonsuetudines</strong></span> <span class='ocrx_word' id='word_1_260' title='bbox 566 3937 784 4021; x_wconf 92' lang='lat' dir='ltr'><strong>dummodo</strong></span> <span class='ocrx_word' id='word_1_261' title='bbox 815 3939 893 4019; x_wconf 91' lang='lat' dir='ltr'><strong>illis</strong></span> <span class='ocrx_word' id='word_1_262' title='bbox 922 3941 1117 4021; x_wconf 85' lang='lat' dir='ltr'><strong>canonica</strong></span> <span class='ocrx_word' id='word_1_263' title='bbox 1148 3967 1231 4021; x_wconf 90' lang='lat' dir='ltr'><strong>non</strong></span> <span class='ocrx_word' id='word_1_264' title='bbox 1259 3941 1428 4021; x_wconf 89' lang='lat' dir='ltr'><strong>obsistat</strong></span> <span class='ocrx_word' id='word_1_265' title='bbox 1456 3944 1694 4040; x_wconf 88' lang='lat' dir='ltr'><strong>auctoritas,</strong></span> <span class='ocrx_word' id='word_1_266' title='bbox 1725 3959 1895 4056; x_wconf 89' lang='lat' dir='ltr'><strong>propter</strong></span> 
     </span>
     <span class='ocr_line' id='line_1_27' title="bbox 78 4047 1895 4161; baseline 0.006 -37"><span class='ocrx_word' id='word_1_267' title='bbox 78 4071 209 4152; x_wconf 88' lang='lat' dir='ltr'><strong>quam</strong></span> <span class='ocrx_word' id='word_1_268' title='bbox 235 4049 298 4126; x_wconf 89' lang='lat' dir='ltr'><strong>eis</strong></span> <span class='ocrx_word' id='word_1_269' title='bbox 327 4047 475 4130; x_wconf 88' lang='lat' dir='ltr'><strong>debeat</strong></span> <span class='ocrx_word' id='word_1_270' title='bbox 500 4049 671 4133; x_wconf 88' lang='lat' dir='ltr'><strong>obviari.</strong></span> <span class='ocrx_word' id='word_1_271' title='bbox 701 4048 815 4152; x_wconf 86' lang='lat' dir='ltr'><strong>Quid</strong></span> <span class='ocrx_word' id='word_1_272' title='bbox 842 4067 979 4132; x_wconf 85' lang='lat' dir='ltr'><strong>autern</strong></span> <span class='ocrx_word' id='word_1_273' title='bbox 1006 4052 1049 4129; x_wconf 92' lang='lat' dir='ltr'><strong>in</strong></span> <span class='ocrx_word' id='word_1_274' title='bbox 1078 4053 1154 4133; x_wconf 91' lang='lat' dir='ltr'><strong>hiis</strong></span> <span class='ocrx_word' id='word_1_275' title='bbox 1183 4054 1365 4132; x_wconf 86' lang='lat' dir='ltr'><strong>Romana</strong></span> <span class='ocrx_word' id='word_1_276' title='bbox 1398 4067 1532 4133; x_wconf 85' lang='lat' dir='ltr'><strong>servet</strong></span> <span class='ocrx_word' id='word_1_277' title='bbox 1560 4051 1725 4134; x_wconf 82' lang='lat' dir='ltr'><strong>ecclesia</strong></span> <span class='ocrx_word' id='word_1_278' title='bbox 1754 4070 1795 4132; x_wconf 93' lang='lat' dir='ltr'><strong>et</strong></span> <span class='ocrx_word' id='word_1_279' title='bbox 1808 4054 1895 4161; x_wconf 88' lang='lat' dir='ltr'><strong>ipse</strong></span> 
     </span>
     <span class='ocr_line' id='line_1_28' title="bbox 77 4153 1894 4273; baseline 0.006 -40"><span class='ocrx_word' id='word_1_280' title='bbox 77 4153 265 4238; x_wconf 82' lang='lat' dir='ltr'><strong>forsitan</strong></span> <span class='ocrx_word' id='word_1_281' title='bbox 295 4159 455 4256; x_wconf 87' lang='lat' dir='ltr'><strong>recolis,</strong></span> <span class='ocrx_word' id='word_1_282' title='bbox 485 4162 557 4272; x_wconf 90' lang='lat' dir='ltr'><strong>qui</strong></span> <span class='ocrx_word' id='word_1_283' title='bbox 585 4187 674 4239; x_wconf 88' lang='lat' dir='ltr'><strong>eam</strong></span> <span class='ocrx_word' id='word_1_284' title='bbox 701 4159 922 4272; x_wconf 84' lang='lat' dir='ltr'><strong>aliquando</strong></span> <span class='ocrx_word' id='word_1_285' title='bbox 949 4160 1124 4259; x_wconf 83' lang='lat' dir='ltr'><strong>adivisti,</strong></span> <span class='ocrx_word' id='word_1_286' title='bbox 1154 4179 1194 4242; x_wconf 91' lang='lat' dir='ltr'><strong>et</strong></span> <span class='ocrx_word' id='word_1_287' title='bbox 1223 4164 1370 4245; x_wconf 88' lang='lat' dir='ltr'><strong>latores</strong></span> <span class='ocrx_word' id='word_1_288' title='bbox 1399 4167 1659 4272; x_wconf 88' lang='lat' dir='ltr'><strong>presentium,</strong></span> <span class='ocrx_word' id='word_1_289' title='bbox 1676 4165 1748 4273; x_wconf 92' lang='lat' dir='ltr'><strong>qui</strong></span> <span class='ocrx_word' id='word_1_290' title='bbox 1763 4192 1894 4273; x_wconf 88' lang='lat' dir='ltr'><strong>nuper</strong></span> 
     </span>
     <span class='ocr_line' id='line_1_29' title="bbox 76 4267 1892 4382; baseline 0.004 -36"><span class='ocrx_word' id='word_1_291' title='bbox 76 4267 170 4374; x_wconf 85' lang='lat' dir='ltr'><strong>ejus</strong></span> <span class='ocrx_word' id='word_1_292' title='bbox 202 4268 551 4351; x_wconf 90' lang='lat' dir='ltr'><strong>consuetudinem</strong></span> <span class='ocrx_word' id='word_1_293' title='bbox 578 4271 621 4350; x_wconf 92' lang='lat' dir='ltr'><strong>in</strong></span> <span class='ocrx_word' id='word_1_294' title='bbox 649 4270 725 4351; x_wconf 90' lang='lat' dir='ltr'><strong>hac</strong></span> <span class='ocrx_word' id='word_1_295' title='bbox 755 4286 873 4382; x_wconf 90' lang='lat' dir='ltr'><strong>parte</strong></span> <span class='ocrx_word' id='word_1_296' title='bbox 901 4272 1090 4353; x_wconf 88' lang='lat' dir='ltr'><strong>viderunt</strong></span> <span class='ocrx_word' id='word_1_297' title='bbox 1117 4292 1161 4354; x_wconf 91' lang='lat' dir='ltr'><strong>ct</strong></span> <span class='ocrx_word' id='word_1_298' title='bbox 1188 4290 1452 4371; x_wconf 88' lang='lat' dir='ltr'><strong>notaverunt,</strong></span> <span class='ocrx_word' id='word_1_299' title='bbox 1480 4291 1527 4352; x_wconf 94' lang='lat' dir='ltr'><strong>ut</strong></span> <span class='ocrx_word' id='word_1_300' title='bbox 1555 4274 1771 4371; x_wconf 86' lang='lat' dir='ltr'><strong>credimus,</strong></span> <span class='ocrx_word' id='word_1_301' title='bbox 1801 4274 1892 4356; x_wconf 94' lang='lat' dir='ltr'><strong>dili·</strong></span> 
     </span>
     <span class='ocr_line' id='line_1_30' title="bbox 73 4379 1895 4490; baseline 0.005 -32"><span class='ocrx_word' id='word_1_302' title='bbox 73 4395 231 4486; x_wconf 84' lang='lat' dir='ltr'><strong>genter</strong></span> <span class='ocrx_word' id='word_1_303' title='bbox 264 4381 346 4462; x_wconf 91' lang='lat' dir='ltr'><strong>tibi</strong></span> <span class='ocrx_word' id='word_1_304' title='bbox 373 4379 526 4464; x_wconf 80' lang='lat' dir='ltr'><strong>referre</strong></span> <span class='ocrx_word' id='word_1_305' title='bbox 546 4398 751 4490; x_wconf 85' lang='lat' dir='ltr'><strong>poterunt</strong></span> <span class='ocrx_word' id='word_1_306' title='bbox 792 4384 884 4461; x_wconf 87' lang='lat' dir='ltr'><strong>viva</strong></span> <span class='ocrx_word' id='word_1_307' title='bbox 925 4409 1036 4463; x_wconf 87' lang='lat' dir='ltr'><strong>voce.</strong></span> <span class='ocrx_word' id='word_1_308' title='bbox 1068 4385 1131 4467; x_wconf 84' lang='lat' dir='ltr'><strong>Ad</strong></span> <span class='ocrx_word' id='word_1_309' title='bbox 1160 4386 1278 4487; x_wconf 89' lang='lat' dir='ltr'><strong>aliam</strong></span> <span class='ocrx_word' id='word_1_310' title='bbox 1304 4411 1402 4466; x_wconf 86' lang='lat' dir='ltr'><strong>vero</strong></span> <span class='ocrx_word' id='word_1_311' title='bbox 1431 4385 1768 4466; x_wconf 87' lang='lat' dir='ltr'><strong>consultationem</strong></span> <span class='ocrx_word' id='word_1_312' title='bbox 1783 4404 1895 4467; x_wconf 85' lang='lat' dir='ltr'><strong>tuam</strong></span> 
     </span>
     <span class='ocr_line' id='line_1_31' title="bbox 72 4490 1928 4606; baseline 0.005 -38"><span class='ocrx_word' id='word_1_313' title='bbox 72 4491 274 4574; x_wconf 86' lang='lat' dir='ltr'><strong>breviter</strong></span> <span class='ocrx_word' id='word_1_314' title='bbox 304 4492 612 4601; x_wconf 88' lang='lat' dir='ltr'><strong>respondemus,</strong></span> <span class='ocrx_word' id='word_1_315' title='bbox 635 4490 755 4602; x_wconf 54' lang='lat' dir='ltr'><strong>‘quod</strong></span> <span class='ocrx_word' id='word_1_316' title='bbox 783 4493 1005 4574; x_wconf 88' lang='lat' dir='ltr'><strong>Monachus</strong></span> <span class='ocrx_word' id='word_1_317' title='bbox 1034 4497 1208 4606; x_wconf 89' lang='lat' dir='ltr'><strong>aliquem</strong></span> <span class='ocrx_word' id='word_1_318' title='bbox 1236 4524 1394 4577; x_wconf 85' lang='lat' dir='ltr'><strong>sacrum</strong></span> <span class='ocrx_word' id='word_1_319' title='bbox 1408 4495 1592 4578; x_wconf 90' lang='lat' dir='ltr'><strong>ordinem</strong></span> <span class='ocrx_word' id='word_1_320' title='bbox 1621 4497 1665 4577; x_wconf 91' lang='lat' dir='ltr'><strong>in</strong></span> <span class='ocrx_word' id='word_1_321' title='bbox 1692 4499 1928 4605; x_wconf 75' lang='lat' dir='ltr'><strong>apostasia·</strong></span> 
     </span>
     <span class='ocr_line' id='line_1_32' title="bbox 71 4603 1900 4717; baseline 0.005 -37"><span class='ocrx_word' id='word_1_322' title='bbox 71 4603 297 4710; x_wconf 88' lang='lat' dir='ltr'><strong>recipiens</strong></span> <span class='ocrx_word' id='word_1_323' title='bbox 325 4603 626 4712; x_wconf 88' lang='lat' dir='ltr'><strong>quantumlibet</strong></span> <span class='ocrx_word' id='word_1_324' title='bbox 652 4632 727 4687; x_wconf 89' lang='lat' dir='ltr'><strong>sno</strong></span> <span class='ocrx_word' id='word_1_325' title='bbox 756 4603 889 4714; x_wconf 85' lang='lat' dir='ltr'><strong>fuerit.</strong></span> <span class='ocrx_word' id='word_1_326' title='bbox 908 4607 1190 4688; x_wconf 86' lang='lat' dir='ltr'><strong>reconciliatus</strong></span> <span class='ocrx_word' id='word_1_327' title='bbox 1219 4607 1389 4702; x_wconf 85' lang='lat' dir='ltr'><strong>Abbati,</strong></span> <span class='ocrx_word' id='word_1_328' title='bbox 1417 4625 1459 4686; x_wconf 91' lang='lat' dir='ltr'><strong>et</strong></span> <span class='ocrx_word' id='word_1_329' title='bbox 1480 4608 1683 4715; x_wconf 85' lang='lat' dir='ltr'><strong>receperit</strong></span> <span class='ocrx_word' id='word_1_330' title='bbox 1707 4609 1900 4717; x_wconf 71' lang='lat' dir='ltr'><strong>penitem·</strong></span> 
     </span>
     <span class='ocr_line' id='line_1_33' title="bbox 71 4713 1892 4826; baseline 0.004 -34"><span class='ocrx_word' id='word_1_331' title='bbox 71 4715 178 4793; x_wconf 84' lang='lat' dir='ltr'><strong>tiam</strong></span> <span class='ocrx_word' id='word_1_332' title='bbox 214 4715 379 4822; x_wconf 91' lang='lat' dir='ltr'><strong>absque</strong></span> <span class='ocrx_word' id='word_1_333' title='bbox 407 4729 551 4796; x_wconf 87' lang='lat' dir='ltr'><strong>tamen.</strong></span> <span class='ocrx_word' id='word_1_334' title='bbox 571 4713 872 4825; x_wconf 88' lang='lat' dir='ltr'><strong>dispensatione</strong></span> <span class='ocrx_word' id='word_1_335' title='bbox 901 4716 1071 4797; x_wconf 88' lang='lat' dir='ltr'><strong>Romani</strong></span> <span class='ocrx_word' id='word_1_336' title='bbox 1100 4719 1304 4801; x_wconf 85' lang='lat' dir='ltr'><strong>Pontifiois</strong></span> <span class='ocrx_word' id='word_1_337' title='bbox 1331 4714 1559 4798; x_wconf 90' lang='lat' dir='ltr'><strong>ministrare</strong></span> <span class='ocrx_word' id='word_1_338' title='bbox 1586 4745 1671 4798; x_wconf 93' lang='lat' dir='ltr'><strong>non</strong></span> <span class='ocrx_word' id='word_1_339' title='bbox 1700 4737 1834 4826; x_wconf 83' lang='lat' dir='ltr'><strong>potest</strong></span> <span class='ocrx_word' id='word_1_340' title='bbox 1845 4721 1892 4802; x_wconf 90' lang='lat' dir='ltr'><strong>in</strong></span> 
     </span>
     <span class='ocr_line' id='line_1_34' title="bbox 70 4824 1968 4939; baseline 0.006 -37"><span class='ocrx_word' id='word_1_341' title='bbox 70 4825 232 4906; x_wconf 91' lang='lat' dir='ltr'><strong>ordine</strong></span> <span class='ocrx_word' id='word_1_342' title='bbox 266 4824 328 4904; x_wconf 88' lang='lat' dir='ltr'><strong>sic</strong></span> <span class='ocrx_word' id='word_1_343' title='bbox 356 4841 556 4934; x_wconf 87' lang='lat' dir='ltr'><strong>suscepto.</strong></span> <span class='ocrx_word' id='word_1_344' title='bbox 586 4827 847 4936; x_wconf 83' lang='lat' dir='ltr'><strong>inquisitioni</strong></span> <span class='ocrx_word' id='word_1_345' title='bbox 880 4855 1044 4938; x_wconf 87' lang='lat' dir='ltr'><strong>quoque</strong></span> <span class='ocrx_word' id='word_1_346' title='bbox 1089 4831 1207 4910; x_wconf 89' lang='lat' dir='ltr'><strong>tertie</strong></span> <span class='ocrx_word' id='word_1_347' title='bbox 1251 4828 1556 4938; x_wconf 87' lang='lat' dir='ltr'><strong>respondemus,</strong></span> <span class='ocrx_word' id='word_1_348' title='bbox 1598 4826 1712 4939; x_wconf 91' lang='lat' dir='ltr'><strong>quod</strong></span> <span class='ocrx_word' id='word_1_349' title='bbox 1738 4847 1821 4913; x_wconf 91' lang='lat' dir='ltr'><strong>tam</strong></span> <span class='ocrx_word' id='word_1_350' title='bbox 1850 4834 1893 4912; x_wconf 85' lang='lat' dir='ltr'><strong>in</strong></span> <span class='ocrx_word' id='word_1_351' title='bbox 1959 4879 1968 4890; x_wconf 73' lang='lat'>=</span> 
     </span>
     <span class='ocr_line' id='line_1_35' title="bbox 66 4936 1894 5050; baseline 0.003 -35"><span class='ocrx_word' id='word_1_352' title='bbox 66 4953 164 5032; x_wconf 91' lang='lat' dir='ltr'><strong>tua,</strong></span> <span class='ocrx_word' id='word_1_353' title='bbox 199 4962 339 5045; x_wconf 88' lang='lat' dir='ltr'><strong>quam</strong></span> <span class='ocrx_word' id='word_1_354' title='bbox 368 4937 409 5015; x_wconf 91' lang='lat' dir='ltr'><strong>in</strong></span> <span class='ocrx_word' id='word_1_355' title='bbox 438 4936 568 5017; x_wconf 90' lang='lat' dir='ltr'><strong>aliena</strong></span> <span class='ocrx_word' id='word_1_356' title='bbox 598 4938 756 5020; x_wconf 87' lang='lat' dir='ltr'><strong>Diocesi</strong></span> <span class='ocrx_word' id='word_1_357' title='bbox 784 4956 897 5046; x_wconf 91' lang='lat' dir='ltr'><strong>potes</strong></span> <span class='ocrx_word' id='word_1_358' title='bbox 927 4938 1079 5049; x_wconf 89' lang='lat' dir='ltr'><strong>absque</strong></span> <span class='ocrx_word' id='word_1_359' title='bbox 1107 4941 1238 5050; x_wconf 89' lang='lat' dir='ltr'><strong>palleo</strong></span> <span class='ocrx_word' id='word_1_360' title='bbox 1268 4960 1308 5022; x_wconf 84' lang='lat' dir='ltr'><strong>ct</strong></span> <span class='ocrx_word' id='word_1_361' title='bbox 1336 4939 1534 5021; x_wconf 86' lang='lat' dir='ltr'><strong>Sandaliis</strong></span> <span class='ocrx_word' id='word_1_362' title='bbox 1562 4941 1766 5023; x_wconf 84' lang='lat' dir='ltr'><strong>celebrare</strong></span> <span class='ocrx_word' id='word_1_363' title='bbox 1801 4970 1894 5024; x_wconf 86' lang='lat' dir='ltr'><strong>curn</strong></span> 
     </span>
     <span class='ocr_line' id='line_1_36' title="bbox 65 5048 1897 5161; baseline 0.003 -34"><span class='ocrx_word' id='word_1_364' title='bbox 65 5051 200 5128; x_wconf 90' lang='lat' dir='ltr'><strong>etiam</strong></span> <span class='ocrx_word' id='word_1_365' title='bbox 236 5048 288 5126; x_wconf 91' lang='lat' dir='ltr'><strong>in</strong></span> <span class='ocrx_word' id='word_1_366' title='bbox 320 5064 388 5128; x_wconf 91' lang='lat' dir='ltr'><strong>tua</strong></span> <span class='ocrx_word' id='word_1_367' title='bbox 417 5048 577 5129; x_wconf 83' lang='lat' dir='ltr'><strong>Dioccsi</strong></span> <span class='ocrx_word' id='word_1_368' title='bbox 608 5077 693 5131; x_wconf 89' lang='lat' dir='ltr'><strong>uon</strong></span> <span class='ocrx_word' id='word_1_369' title='bbox 720 5075 887 5154; x_wconf 88' lang='lat' dir='ltr'><strong>semper</strong></span> <span class='ocrx_word' id='word_1_370' title='bbox 903 5048 1051 5132; x_wconf 89' lang='lat' dir='ltr'><strong>debeas</strong></span> <span class='ocrx_word' id='word_1_371' title='bbox 1080 5052 1282 5134; x_wconf 87' lang='lat' dir='ltr'><strong>celebrare</strong></span> <span class='ocrx_word' id='word_1_372' title='bbox 1317 5078 1409 5133; x_wconf 89' lang='lat' dir='ltr'><strong>cum</strong></span> <span class='ocrx_word' id='word_1_373' title='bbox 1450 5052 1602 5161; x_wconf 84' lang='lat' dir='ltr'><strong>palleo,</strong></span> <span class='ocrx_word' id='word_1_374' title='bbox 1620 5091 1626 5110; x_wconf 46' lang='lat'><strong>·1</strong></span> <span class='ocrx_word' id='word_1_375' title='bbox 1644 5049 1718 5136; x_wconf 85' lang='lat' dir='ltr'><strong>sed</strong></span> <span class='ocrx_word' id='word_1_376' title='bbox 1750 5051 1897 5136; x_wconf 84' lang='lat' dir='ltr'><strong>diebus</strong></span> 
     </span>
    </p>
   </div>
   <div class='ocr_carea' id='block_1_9' title="bbox 0 0 2188 5950">
    <p class='ocr_par' dir='ltr' id='par_1_9' title="bbox 0 0 2188 5950">
     <span class='ocr_line' id='line_1_37' title="bbox 0 0 2188 5950; baseline 0 0"><span class='ocrx_word' id='word_1_377' title='bbox 0 0 2188 5950; x_wconf 95' lang='lat' dir='ltr'><strong> </strong></span> 
     </span>
    </p>
   </div>
  </div>
 </body>
</html>
