4398 5958
910 449 1226 545 2-„534
1336 494 1394 515 -
1517 455 1520 460 ·

309 687 453 820 ¹654.
949 679 1489 823 1278'd.b1“Dec.
1685 737 1686 744 Ν
1793 679 2060 833 Jdnlrdping.

266 901 271 912 '
352 905 357 913 '
384 899 485 964 dion:
502 899 632 964 Mausos
654 899 694 962 Its
714 900 792 962 Bref
809 898 942 964 rdraade
963 901 1072 984 utbyte
1091 901 1129 964 al
1143 897 1218 964 flere
1250 899 1436 982 ffionogods
1457 902 1467 962 i
1488 901 1515 963 Ν
1518 899 1656 984 judinge,
1677 919 1719 962 m.
1740 919 1780 962 m.
1801 911 1883 964 emet
1910 913 1990 964 annal
2005 905 2061 967 lia·

274 1005 278 1028 ι
448 984 579 1068 kdpings
599 983 799 1067 Domtyrtas
818 982 901 1064 gods
926 989 929 995 '

1763 1061 1961 1120 Esou&

244 1285 248 1306 Ι
332 1255 337 1264 -
441 1258 445 1266 .
478 1199 682 1282 Omnibus
711 1217 916 1308 presentes
944 1200 1098 1280 litteras
1126 1201 1377 1308 inspecturis.
1405 1199 1457 1278 M.
1488 1198 1553 1280 dei
1580 1201 1716 1308 gracia
1730 1227 1804 1280 rex
1830 1227 2008 1281 sweorum
2020 1229 2062 1282 sa·

320 1313 446 1394 ntem
471 1312 514 1390 in
533 1307 708 1392 domino
736 1311 847 1392 ihesu
878 1312 1040 1392 christu.
1072 1311 1181 1391 Serio
1209 1311 1407 1418 presentis
1435 1311 1574 1416 scripti
1601 1311 1644 1389 in
1672 1309 1873 1418 publicam
1900 1311 2064 1394 modernis

318 1420 565 1532 proferimus
590 1423 790 1518 noticiam,
818 1427 858 1501 8(
886 1422 1076 1502 memorie
1104 1421 1409 1502 transmittimus
1439 1421 1681 1516 futurorum,
1711 1423 1796 1502 Nos
1825 1448 1913 1502 cum
1933 1449 2065 1504 venua·

318 1533 392 1616 bili
420 1550 535 1640 patre
562 1529 729 1611 domino
757 1533 931 1613 Henrico
967 1534 1168 1641 Episcopo
1196 1531 1419 1640 lincopensi
1447 1559 1497 1612 ex
1523 1559 1720 1612 consensu
1733 1532 1899 1640 capituli
1924 1533 1988 1626 sui,
2010 1559 2065 1612 no·

317 1660 577 1752 strorumque
604 1645 850 1752 procerum,
866 1644 1205 1750 permutacionem
1248 1641 1386 1722 fecisse
1429 1641 1773 1751 prediorumque
1802 1637 1961 1722 inferius
1993 1642 2066 1722 sub

318 1755 470 1863 scripta
498 1757 770 1835 continentur.
799 1753 986 1834 videlicet
1014 1753 1210 1835 debonis
1239 1753 1438 1835 fiscalibus
1465 1755 1581 1859 regni
1609 1753 1784 1836 swecbie
1806 1753 1938 1862 predia
1963 1755 2066 1832 omnia

321 1867 364 1946 in
393 1863 606 1972 parrochia
633 1865 853 1946 nessiohult
880 1861 1114 1973 niudungie,
1143 1865 1251 1944 culta
1279 1866 1363 1944 siue
1400 1863 1673 1944 incultarum
1707 1863 1890 1972 piscarijs
1916 1863 2066 1944 omnibus

321 1975 482 2058 ibidem.
505 2000 662 2057 necnon
677 1982 716 2055 8(
731 1976 966 2087 prediorum
981 1973 1183 2056 dictorum
1198 1973 1370 2082 skaeglor
1384 1975 1428 2053 in
1449 1975 1659 2081 parrochia
1674 1973 1783 2055 skire
1811 2003 1901 2056 eum
1922 1973 2066 2081 piscarijs

321 2087 469 2172 ibidem
485 2084 601 2168 dictis
629 2084 911 2194 salghowirke,
940 2085 1107 2167 anahult
1122 2088 1165 2166 in
1181 2087 1393 2192 parrochia
1408 2085 1634 2167 Widisrum
1661 2087 1811 2168 Dantcs
1839 2091 1878 2168 8(
1903 2085 2066 2164 tradentes
2141 2183 2142 2190 ἵ

321 2197 432 2280 dicto
447 2197 613 2278 domino
627 2199 829 2305 Episcopo
844 2199 1004 2278 nornine
1022 2197 1185 2279 ecclesie
1200 2196 1442 2305 lincopensis
1457 2225 1532 2304 pro
1548 2195 1700 2304 predijs
1714 2197 1868 2277 scilicet
1882 2197 1921 2274 in
1934 2192 2066 2274 sendum

321 2310 440 2390 vuius
467 2307 667 2415 octonarij
696 2315 734 2388 8(
762 2306 930 2414 dimidij.
960 2309 1013 2385 ln
1041 2304 1203 2388 iedrom.
1223 2306 1421 2416 octonarij
1449 2313 1487 2389 8(
1516 2305 1681 2414 dimidij.
1717 2310 1769 2387 ln
1800 2305 1925 2399 radlia
1950 2323 2067 2410 septen

322 2421 632 2500 octonariorum.
671 2419 724 2499 ln
753 2418 982 2526 liongarum
1009 2419 1133 2498 tercia
1164 2435 1279 2528 parte
1308 2417 1519 2525 octonarij.
1568 2420 1619 2498 Jn
1646 2417 1748 2518 ride
1776 2419 1899 2498 tercia
1925 2413 2065 2494 similiter

222 2556 223 2559 ’
322 2531 441 2612 vuius
469 2531 680 2638 octonarij‚
724 2545 802 2639 qtae
844 2557 917 2609 nos
957 2546 1185 2643 acceptasse
1229 2535 1268 2609 8(
1310 2529 1517 2636 recepisse,
1561 2530 1757 2637 nobisque
1800 2527 1942 2609 tradita
1977 2525 2065 2604 sutae

321 2644 642 2750 recognoscimus
670 2641 722 2722 ab
756 2641 921 2722 ecclesia
964 2639 1185 2748 lincopensi
1228 2648 1268 2722 8(
1309 2655 1528 2723 memorato
1570 2641 1772 2747 Episcopo
1818 2642 1861 2719 in
1907 2653 2064 2744 permuta·
2140 2725 2142 2744 ,

282 2777 286 2784 ’
322 2754 435 2830 cione
465 2779 541 2860 pro
570 2752 666 2860 ipsis
694 2751 845 2859 predijs
873 2753 1020 2834 nostris
1048 2749 1250 2834 fiscalibus
1292 2749 1542 2863 supradictis.
1604 2753 1706 2830 Cum
1733 2749 1862 2856 igitur
1898 2751 1988 2827 sicut
2008 2747 2062 2822 ian

324 2877 590 2970 protestatum
620 2877 678 2942 est
707 2862 932 2972 predictum
961 2876 1211 2943 contractum
1229 2863 1502 2971 predictorum
1532 2861 1764 2967 prediorum
1793 2859 2062 2946 interuentu&

320 2973 537 3056 hincinde
567 2971 788 3052 tradicione
817 2972 920 3051 facta
952 3001 1043 3052 cum
1072 2974 1183 3051 omni
1218 2972 1465 3082 perfectione
1509 2969 1696 3050 duximus
1725 2968 1954 3063 ineundum,
1989 2963 2061 3044 dicte

321 3082 486 3162 ecclesie
515 3108 561 3158 ea
589 3081 750 3160 racione
778 3085 932 3162 iusticie
960 3084 1189 3164 consultum
1217 3111 1300 3162 esse
1334 3082 1574 3167 uolumus&
1595 3096 1876 3195 prospectum,
1909 3105 1981 3188 qua
2003 3077 2062 3152 iure

323 3189 620 3271 euidentissime
649 3193 873 3275 consulitur
901 3221 972 3274 seu
1000 3185 1247 3300 prospicitur
1275 3192 1469 3274 fiscalium'
1482 3214 1615 3271 rerum
1644 3218 1901 3302 quocumque
1927 3186 2062 3294 legitimo

322 3299 440 3382 titulo
477 3298 757 3408 adeptoribus,
801 3321 845 3382 vt
873 3304 959 3410 ipsa
1000 3302 1186 3388 videlicet
1226 3302 1276 3385 de
1323 3301 1513 3412 predictis
1553 3302 1703 3412 predijs
1730 3315 1771 3384 et
1801 3298 1972 3428 piscarijs
2001 3319 2063 3373 cun

323 3410 509 3492 omnibus
542 3411 773 3492 eorumdem
802 3412 1061 3520 pertinencijs
1089 3429 1130 3492 et
1157 3413 1313 3494 iuribus
1343 3413 1420 3493 iam
1442 3416 1572 3493 statim
1600 3427 1688 3491 tuta
1704 3428 1906 3519 persistat,
1932 3415 1965 3487 8(
1988 3405 2063 3486 dieta

323 3519 533 3631 predicet
560 3521 750 3630 piscarias
779 3549 870 3606 eum
899 3523 1087 3604 omnibus
1117 3523 1369 3636 pertinentijs
1398 3539 1438 3601 et
1465 3523 1622 3607 iuribus
1651 3523 1727 3606 sibi
1748 3519 1956 3602 vendicare
1970 3514 2062 3595 ualeat

184 3633 190 3659 '
324 3631 560 3742 aquolibet
588 3630 810 3727 detentore,
826 3631 935 3712 nulla
964 3634 1150 3719 obstante
1178 3635 1417 3743 excepcione
1446 3659 1516 3716 seu
1544 3633 1711 3728 actione,
1741 3650 1881 3711 contra
1903 3631 2060 3737 ipsamet·

324 3743 484 3822 clesiam
519 3741 741 3850 dirigenda.
786 3742 864 3823 Sed
893 3745 987 3824 data
1015 3745 1067 3823 sit
1094 3743 1173 3851 hijs
1201 3745 1388 3824 omnibus
1416 3744 1582 3823 licencia
1598 3760 1779 3850 tempore
1808 3741 1975 3850 legitimo
1996 3755 2064 3813 con¹

323 3871 387 3933 tra
414 3876 487 3935 nos
513 3854 581 3933 uel
612 3853 748 3933 fiscum
789 3871 970 3934 nostrum
1012 3878 1148 3962 agere,
1191 3856 1263 3962 qui
1291 3855 1443 3964 aliquas
1471 3853 1548 3932 sibi
1589 3878 1711 3961 super
1755 3854 1853 3964 ipsis
1882 3861 2062 3955 conpetere

212 4001 214 4005 ·
325 3962 569 4044 crediderint
597 3966 785 4046 actiones.
816 3963 879 4044 Ad
910 3967 1190 4078 premissorum
1220 3967 1357 4079 itaque
1385 3967 1565 4048 omniurn
1589 3962 1846 4048 euidenciam
1876 3962 2063 4069 pleniorem

327 4101 490 4183 presens
518 4076 711 4184 scriptum
741 4075 872 4181 sigillo
888 4091 1040 4169 nostro,
1069 4079 1108 4152 8(
1137 4074 1276 4182 sigillis
1305 4073 1542 4155 dilectorum
1553 4074 1727 4162 fratrum
1751 4089 1974 4154 nostrorum
1996 4065 2064 4145 alid

326 4213 498 4295 rumque
525 4187 639 4292 regni
669 4187 862 4270 nobilium
893 4185 1060 4266 fecimus
1089 4185 1264 4293 sigillari.
1321 4188 1470 4266 Datum
1499 4189 1701 4265 in²castro
1723 4185 1996 4292 *junalrapunp
2017 4200 2065 4254 sn·

326 4324 379 4376 no
412 4295 577 4405 dominj.
606 4298 923 4380 M⁰.CC⁰.LXX⁰.
952 4300 1132 4392 Oetau‘o,
1171 4295 1408 4378 duodecimo
1437 4295 1566 4376 kalen.
1584 4296 1788 4403 ¹lanuarij.

209 4469 210 4476 κ
340 4455 346 4464 ·
395 4430 443 4503 Pl
464 4435 639 4504 denudant
660 4437 762 4499 littera
784 4441 862 4520 regis
883 4436 921 4500 de
940 4430 1388 4522 permutacione'quoumdam
1410 4437 1588 4520 prediorum
1612 4454 1682 4498 cum
1703 4437 1849 4521 episeopo
1870 4425 2018 4515 lincopensi

919 4521 1045 4583 nseslrrrlt
1065 4511 1312 4600 slaglotaitabul
1332 4522 1505 4601 salgouirke
1741 4569 1744 4576 .
1907 4585 1910 4588 ,

540 4636 587 4702 af
604 4653 637 4698 ι(
663 4634 743 4718 sigill
764 4642 799 4696 ar
820 4635 900 4698 blott
921 4635 980 4698 ltro
1002 4636 1023 4712 4
1043 4633 1194 4698 osladadt
1215 4632 1276 4696 ocb
1297 4634 1468 4717 lemningar
1488 4649 1564 4720 qtat·
1584 4634 1664 4696 oller
1684 4635 1743 4695 Nto
1769 4653 1795 4710 r,
1815 4630 1845 4709 6,
1868 4649 1900 4712 7·
