4384 5946
198 520 236 596 ci
257 516 392 611 solum,
415 525 546 594 verum
569 514 706 618 privati
730 513 841 588 etiam
865 511 914 589 ad
937 511 1033 589 banc
1062 540 1141 590 rem
1179 523 1361 590 conatus.
1392 515 1478 593 Jam
1514 530 1679 619 tempore
1718 515 1877 596 Gusravr
1916 521 2001 596 Izmi

87 649 94 685 ³
200 638 319 738 Regis,
332 645 415 740 quae
439 635 535 709 intra
559 633 859 710 monasteriorum
885 645 923 707 et
946 629 1178 708 ecclesiarum
1203 633 1358 710 claustra
1382 634 1480 712 vel
1467 661 1509 711 ιιι
1521 636 1669 739 publica
1695 638 1917 714 auctoritatis
1937 663 2001 712 cu·

200 754 345 862 jusdam
365 750 492 830 tutela
507 748 696 825 recondita
720 763 826 824 crant
840 748 963 838 medii
987 751 1057 826 aevi
1078 748 1311 840 documenta,
1337 752 1494 828 sollicite
1523 749 1841 858 conquirffebantur
1893 755 2002 846 Quod

198 899 304 976 opus,
328 866 549 976 juvantibus,
574 880 616 943 ut
641 850 826 954 dicuntur,
864 868 1139 972 Antiquitatum
1174 869 1290 968 Regni
1327 869 1605 970 Indagatoribus
1642 886 1679 946 et
1709 887 1833 972 postea
1859 898 1879 945 a
1905 874 2002 970 Rege

200 993 368 1076 instituto
394 985 553 1088 Collegio
578 986 850 1088 Antiquitatum
875 1010 918 1060 eo
943 1009 1056 1087 nsque
1081 989 1265 1086 processit,
1290 993 1367 1062 ut
1348 1014 1429 1096 ]ιιιιι
1445 990 1486 1067 in
1507 987 1732 1067 Bibliotheca
1757 991 1867 1090 Regia
1881 989 2007 1065 Stoclr·

198 1103 394 1186 bolmiensi
418 1129 495 1180 non
519 1104 642 1181 minus
666 1127 779 1206 quam
801 1102 961 1178 sedecim
984 1101 1101 1178 millia
1138 1104 1446 1206 autographorum
1475 1108 1721 1186 inveniantur.
1772 1109 1901 1216 Neque
1931 1109 2004 1186 mi·

200 1252 330 1304 norem
355 1220 533 1330 ejusmodi
560 1236 638 1296 acta
663 1219 859 1322 colligendi
884 1246 1009 1295 curam
1034 1222 1155 1320 arguit
1178 1220 1280 1298 baud
1305 1226 1457 1325 exiguus
1481 1249 1607 1300 eorum
1633 1251 1824 1313 numerus,
1843 1220 1928 1330 'qui
1966 1227 2007 1302 in

200 1343 374 1423 Archivis
398 1353 436 1414 et
460 1338 697 1416 Bibliothecis
722 1354 798 1414 tam
824 1337 982 1440 publicis
1006 1363 1118 1440 quam
1142 1341 1297 1440 privatis
1321 1344 1456 1444 passim
1481 1344 1672 1444 reperitur.
1723 1343 1893 1420 Ceterum
1931 1345 2005 1420 cla-

200 1443 338 1539 rissimi
364 1460 437 1535 viri
462 1458 696 1544 Hanosnnrus,
720 1455 913 1544 ὀιιιιιιιιιι,
939 1459 1207 1546 Ριιιιιαιιιιὸιιι,
1233 1457 1402 1537 Bacenis
1427 1461 1562 1562 aliique
1586 1459 1826 1536 exscribendo
1850 1461 2005 1538 facilita-

201 1579 279 1662 tem
301 1577 382 1652 haec
406 1575 624 1651 documenta
648 1574 863 1650 consulendi
889 1600 1016 1676 parare
1042 1575 1144 1650 enixi
1168 1589 1264 1654 sunt.
1315 1573 1442 1680 Neque
1481 1591 1604 1654 tamen
1640 1578 1698 1654 lree
1735 1581 1859 1680 magni
1896 1582 2008 1680 pretii

201 1695 434 1788 collectiones
456 1695 561 1800 prius
586 1693 673 1769 satis
697 1682 850 1768 afferent
874 1693 1054 1781 utilitatis,
1079 1720 1191 1797 quam
1216 1693 1331 1796 (quod
1356 1698 1466 1772 etiam
1490 1696 1597 1772 enixe
1618 1697 1817 1772 voluerunt
1841 1697 2008 1772 decussi·

23 1900 29 1910 ,
121 1825 123 1830 ’
202 1819 257 1894 mi
278 1815 394 1891 nostri
418 1827 456 1888 et
480 1813 691 1920 Antiquarii
716 1825 752 1886 et
777 1811 1002 1918 Historici)'
990 1839 1031 1888 ιιι
1056 1838 1175 1887 unum
1199 1837 1330 1916 corpus
1354 1827 1529 1912 congestus
1555 1813 1703 1902 luerint,
1728 1813 1819 1890 adeo
1844 1815 2003 1946 utfacile

203 1950 241 2012 et
266 1947 472 2050 opportune
495 1956 553 2007 res
578 1931 698 2006 omnis
723 1928 834 2005 simul
858 1933 1024 2062 cognosci
1048 1928 1164 2034 possit
1187 1943 1225 2005 et
1255 1933 1469 2033 comparari.

359 2102 478 2180 Simul
501 2125 546 2176 ac
571 2100 800 2202 provinciam
823 2097 902 2174 haec
926 2111 1006 2173 acta
1031 2097 1317 2174 transscribendi
1341 2123 1562 2200 acceperam,
1583 2066 1719 2186 sistim,
1745 2099 1915 2174 etudhuc
1929 2128 2008 2176 ma-

156 2289 160 2299 .
205 2225 261 2328 gis
284 2221 406 2297 delato
431 2218 526 2295 milri
549 2242 701 2294 munere
726 2217 937 2320 Antiquarii
962 2217 1090 2316 Regni,
1115 2216 1229 2292 officii
1254 2217 1328 2291 mei
1347 2241 1424 2290 esse
1446 2215 1629 2304 duxerim,
1642 2230 1683 2290 ut
1696 2219 1735 2291 in
1749 2243 1856 2292 usum
1869 2245 2006 2308 eorum,

189 2342 272 2444 ¹qui
297 2341 338 2416 in
363 2339 593 2440 Antiquitate
619 2333 827 2436 indaganda
853 2349 1064 2438 versantur,
1096 2348 1176 2410 acta
1200 2334 1300 2410 illius
1325 2315 1469 2408 edenda
1493 2357 1668 2411 curarem.
1721 2336 1786 2416 Sin
1813 2361 1899 2412 vero
1926 2352 2009 2412 tan-

206 2461 237 2538 ti
254 2459 375 2561 operis
399 2469 552 2544 sumtus
577 2453 672 2530 mihi
697 2456 841 2556 privato
867 2466 1019 2556 perpetu
1045 2452 1224 2541 difficiles,
1255 2451 1357 2527 illius
1380 2451 1602 2528 celeritatem
1614 2455 1749 2527 morari
1776 2455 2010 2544 viderentur,

207 2578 423 2678 cogitatione
447 2588 573 2649 tamen
596 2586 675 2648 tam
697 2571 994 2659 benevolentiaef
986 2565 1069 2675 qua
1088 2571 1271 2708 'ejusmodi
1296 2573 1442 2672 incepta
1467 2570 1613 2673 publice
1638 2585 1674 2646 et
1698 2574 1876 2674 privatim
1889 2575 1929 2647 in
1943 2600 2009 2674 pa-

209 2699 281 2773 t'ria
306 2694 428 2795 excipi
451 2706 489 2768 et
512 2691 680 2796 adjuvari
704 2690 833 2778 solent,
859 2704 940 2764 tum
964 2691 1191 2777 assensionis,
1216 2715 1309 2792 qua,
1333 2702 1375 2763 ut
1411 2690 1501 2764 alios
1537 2691 1726 2778 reticeam,
1764 2692 1920 2766 Societas
1947 2719 2013 2795 pro

210 2811 364 2899 edendis
386 2812 477 2886 actis
500 2809 700 2885 Historiam
725 2807 977 2885 Soandinaviae
1002 2807 1251 2910 spectantibus
1273 2821 1311 2883 et
1334 2807 1506 2883 Editores
1530 2809 1755 2910 Scriptorum
1780 2835 1904 2886 rerum
1925 2811 2013 2886 Sue·

208 2933 370 3010 sicarum
395 2927 512 3006 medii
532 2929 603 3006 aevi
627 2927 820 3004 consilium
844 2925 1141 3028 comprobarunt,
1165 2925 1317 3032 aliisque
1343 2925 1670 3015 cohortationibus,
1697 2928 1738 3001 in
1764 2953 1865 3028 spem
1892 2954 2010 3032 quau-

211 3049 301 3126 dem
323 3047 498 3124 inductus
522 3047 675 3134 fueram,
699 3045 801 3120 illius
824 3045 1039 3150 perficiendi
1062 3046 1206 3145 copiam
1228 3069 1304 3119 non
1328 3043 1395 3119 diu
1420 3045 1496 3120 fore
1524 3043 1834 3146 exspectandam.'
1854 3050 1912 3123 Ειι
1933 3050 2014 3122 ino-

211 3169 338 3272 pinato
364 3191 508 3272 quoque
533 3189 609 3242 sese
634 3163 769 3241 obtulit
793 3189 906 3254 casus,
932 3166 997 3268 qui
1034 3164 1189 3241 celerem
1205 3177 1401 3240 ‘eventum
1437 3165 1700 3240 ardentissimis
1739 3169 1837 3242 votis
1872 3191 2017 3241 accom-

88 3277 91 3284 ’
212 3285 390 3362 modavit.

378 3453 465 3532 Jam
488 3452 549 3558 pie
571 3451 766 3527 defunctus
789 3451 913 3530 Nobil.
938 3451 1151 3528 Amxssnnu
1175 3453 1301 3539 Saron,
1326 3451 1491 3527 Sueciam
1529 3417 1663 3527 iterum
1696 3411 1882 3540 advectus,
1908 3455 2019 3528 Auti-

216 3576 373 3686 quitates
399 3577 473 3678 ejus
498 3567 642 3646 ardenti
667 3569 793 3648 studio
818 3567 1115 3670 amplectebatur
1166 3570 1347 3672 Amplis
1335 3569 1511 3673 rmpensis
1535 3568 1652 3644 multa
1665 3595 1746 3645 rara
1771 3571 1986 3672 collegerat
1975 3597 2015 3646 ιιι

216 3707 313 3770 terra
338 3693 501 3777 iuventa,
527 3714 608 3792 quae
634 3689 753 3789 Regiae
777 3686 983 3763 Academiae
1009 3689 1232 3762 Litterarum
1258 3687 1464 3762 Humanior
1465 3713 1540 3775 um
1565 3688 1809 3763 Historiarum
1827 3705 1871 3764 et
1909 3691 2017 3766 Anti·

216 3813 400 3916 quitatum
425 3806 642 3884 idemtidem
667 3804 833 3880 tradidit.
883 3805 1042 3882 Nomine
1066 3807 1177 3903 igitur
1202 3805 1308 3910 hujus
1333 3803 1540 3880 Academiae
1564 3806 1754 3882 Secretarii
1780 3810 1866 3883 veni
1898 3809 1936 3882 1ιι
1964 3805 2019 3880 sa·

216 3928 468 4006 miliaritatem
492 3927 605 4026 ipsius
630 3925 716 4012 viri,
740 3951 852 4025 quam
877 3924 1080 3998 communis
1105 3921 1218 3998 studii
1243 3949 1344 3998 amor
1369 3924 1489 3999 indies
1514 3923 1677 4022 augebat.
1727 3927 1792 4012 Ei,
1819 3939 1860 3998 ut
1877 3927 2022 4024 saepius,
2066 3957 2083 3966 -
2190 3901 2191 3932 ¹

216 4041 266 4122 de
291 4045 400 4120 rebus
424 4043 672 4144 Antiquitates
696 4054 733 4116 et
757 4042 956 4116 Historiam
980 4042 1113 4115 Patriae
1138 4041 1386 4141 spectantibus
1397 4041 1602 4128 disserenti,
1622 4042 1822 4144 aliquando
1844 4041 2026 4146 judicium

220 4189 346 4244 meum
372 4162 421 4238 de
444 4161 656 4236 necessitate
681 4160 935 4261 Diplomatarii
960 4158 1111 4232 Suecani
1137 4160 1357 4260 firmumque
1381 4184 1507 4242 meum
1538 4159 1732 4236 consilium
1768 4160 1875 4265 hujus
1901 4162 2025 4261 operis

217 4279 443 4383 suscipiendi
468 4280 608 4382 aperui.
656 4278 921 4354 Animadversa
947 4301 1033 4352 vero
1054 4277 1270 4353 difficultate
1294 4302 1340 4351 ex
1365 4277 1560 4354 vendendo
1572 4293 1715 4356 sumtus
1726 4278 1953 4366 restituendi,
1972 4277 2026 4356 acl

217 4397 285 4474 hos
310 4397 551 4500 suggerendos
577 4395 751 4496 singulari
775 4397 814 4472 1ιι
840 4396 1001 4472 Patriam
1026 4410 1063 4470 et
1086 4395 1225 4472 litteras
1249 4422 1373 4476 amore
1395 4397 1518 4474 Nobil.
1547 4398 1661 4476 Suros
1691 4421 1766 4472 sese
1803 4395 1948 4484 obtulit,
1986 4398 2023 4470 si

148 4567 153 4578 ·
217 4499 290 4624 boc
306 4511 424 4601 modu
450 4542 552 4620 opus,
577 4514 676 4618 quod
702 4518 812 4623 etiam
836 4513 899 4587 ille
923 4511 1109 4618 judicabat
1135 4515 1382 4603 utilissimum,
1394 4515 1585 4590 accelerari
1603 4529 1733 4617 posset.
1783 4515 1939 4592 Decrevi
1952 4516 2027 4590 ita-

222 4661 295 4737 que
318 4633 414 4709 illud
439 4636 562 4709 statim
587 4633 749 4733 adgredi,
762 4632 962 4733 ordineque
987 4631 1087 4706 illius
1113 4633 1248 4708 edendi
1274 4633 1473 4735 designato,
1498 4659 1575 4736 qua-
1595 4637 1635 4708 iu
1648 4658 1689 4708 re
1714 4633 1914 4708 Clarissimi
1927 4634 2028 4725 Viri,

222 4752 271 4833 ub
296 4751 543 4851 Archaeologia
568 4751 792 4830 meritissimi
816 4749 1028 4856 ¹,)cousiliis
1052 4754 1328 4856 cognitioneque
1351 4750 1474 4878 adesse
1498 4753 1638 4853 petenti
1662 4749 1762 4826 baud
1775 4752 1916 4850 gravati
1925 4765 2031 4840 sunt,
2087 4849 2091 4854 Ι
2190 4737 2191 4832 f

159 4958 166 4967 ·
265 4912 290 5005 ¹)
310 4917 403 4986 Pras.
424 4919 552 5002 Colleg'
531 4941 554 4981 ιι
574 4917 646 4985 lter.
667 4919 795 4984 Milites.
816 4922 852 4985 L.
874 4923 908 4985 Β.
929 4945 951 4987 ι
970 4921 1091 4998 Τιιιιιι,
1112 4919 1189 5004 Regi
1211 4945 1230 4986 a
1250 4921 1344 4986 rebus
1363 4920 1560 5022 expediendis
1581 4919 1757 5072 primusL.
1777 4921 1812 4987 Β.
1832 4891 2029 5008 mairam,

308 4997 469 5071 Condlim.
489 4939 591 5072 tidie.
611 5003 742 5093 princip.
733 5004 839 5073 ..Bell
879 5005 1278 5086 anacreontica!
1289 5005 1401 5072 liubit.
1421 5005 1517 5070 lilla.
