4398 5958
697 383 701 396 “
779 368 836 478 ..ss
946 407 1026 518 5²9
1121 451 1195 510 7...

87 629 508 746 lragilistbreuitatem
545 627 842 740 bominumque·
870 627 1031 712 labilem
1072 631 1305 715 memoriam
1338 655 1421 742 quc
1447 626 1749 714 racionabiliter
1762 699 1767 731 ,
1781 647 1880 742 ,acta

88 739 403 852 sunt'processu
431 741 624 850 temporis
640 730 873 850 frequenter
886 739 928 820 in
942 730 1113 855 dubium
1127 737 1391 852 reuocentur,
1417 741 1495 822 nisi
1515 742 1560 825 in
1585 741 1879 852 scriptis'reda·

86 873 151 938 cta
178 852 415 934 litterarum.
444 853 659 934 viuacitate
701 879 747 932 ac
774 853 1005 932 testimonio
1026 849 1175 933 luerint
1202 853 1463 963 perbennata.
1478 853 1588 936 ·Nos·.
1604 851 1879 938 hanun-cerie

85 963 140 1048 ad
167 962 404 1074 pupplicam
431 981 524 1045 tam·
542 973 795 1073 posterorum
827 991 947 1074 quam
975 957 1226 1071 presencium
1241 963 1484 1073 proferimus
1498 964 1723 1048 necionem.
1753 964 1880 1070 Quod

85 1101 162 1156 nos
189 1090 341 1156 terram
381 1102 531 1156 nouem
573 1071 795 1155 solidorum
838 1075 881 1154 in
909 1073 1078 1181 ekelang
1106 1074 1150 1155 in
1178 1074 1384 1162 aerlaesoltn
1411 1074 1586 1184 abiring
1619 1103 1700 1185 que
1728 1075 1781 1158 ad
1808 1101 1879 1159 co·

82 1197 227 1268 ronam
268 1184 496 1294 pertinebat
531 1211 624 1266 cunr
667 1187 773 1291 agris
808 1187 933 1292 pratis
982 1184 1094 1266 siluis
1117 1187 1371 1268 nemoribus
1391 1249 1394 1260 .
1411 1187 1569 1294 pascuis
1593 1187 1794 1295 piscariis
1835 1191 1878 1270 dr

83 1296 339 1406 quibuslibet
367 1297 449 1378 suis
483 1294 712 1401 attinencijs
742 1322 819 1403 pro
847 1296 954 1376 iusto
997 1297 1150 1404 precio
1168 1293 1356 1378 videlicet
1381 1297 1526 1405 viginti
1555 1297 1727 1378 marchis
1758 1321 1877 1380 rsus·

83 1407 134 1488 lis
171 1423 333 1489 monete
367 1419 531 1488 sancte·
554 1403 693 1488 domui
734 1404 945 1513 hospitalis
972 1405 1080 1487 beati
1107 1406 1292 1488 iohannis
1327 1405 1504 1515 baptiste
1531 1407 1573 1487 in
1601 1407 1877 1492 aeskilstunum

81 1515 306 1600 dimisimus
334 1531 535 1628 perpetuo
563 1513 838 1625 posidendam.
874 1514 1173 1599 Transferendo
1200 1518 1243 1598 in
1270 1515 1447 1600 eiusdem
1465 1516 1610 1600 domus
1631 1519 1774 1600 fratres
1801 1519 1877 1602 do·
1982 1561 1985 1568 ·

80 1630 252 1710 minium
280 1627 511 1738 &plenam
539 1627 830 1735 proprietatem
859 1625 1011 1708 dictum
1041 1625 1225 1735 predium
1253 1628 1423 1736 regendi
1464 1627 1645 1711 donandi
1672 1626 1877 1716 vendendi

81 1736 294 1849 obligandi
321 1742 406 1820 siue
433 1764 692 1850 quocumque
720 1735 841 1820 modo
869 1736 1072 1818 voluerint
1100 1736 1316 1820 ordinandi
1345 1765 1423 1847 pro
1448 1741 1630 1846 ipsorum
1659 1738 1775 1822 libito
1803 1761 1875 1820 voe
2020 1834 2034 1846 „

82 1850 251 1930 luntatis
279 1848 437 1930 sublata
465 1846 583 1928 nobis
611 1855 651 1930 Sc
678 1849 824 1929 nostris
852 1848 1150 1929 successoribus
1167 1852 1276 1930 omni
1306 1846 1498 1930 facultate
1520 1848 1770 1958 sepedictum
1782 1874 1875 1958 pre·

80 1960 194 2041 dium
227 1960 366 2070 aliquo
393 1962 557 2068 ingenio
585 1957 796 2069 repetendi
825 1957 932 2062 Quia
961 1985 1038 2067 pro
1067 1972 1199 2062 tanto·
1212 1958 1442 2040 curabimus
1466 1959 1696 2042 omnimode
1724 1985 1875 2044 corone

78 2069 246 2178 plenam
274 2068 583 2151 satisfactionem
612 2069 698 2149 ficri
727 2069 1048 2178 &condignam
1077 2070 1335 2179 Quicumque
1364 2070 1489 2180 igitur
1509 2068 1614 2151 hanc
1628 2070 1876 2153 solucionem

77 2180 169 2260 siue
195 2181 566 2261 commutacionem·
582 2179 803 2289 jnfringerc
832 2180 896 2260 vel
938 2205 1131 2260 reuocare
1165 2181 1467 2288 attemptauerit
1494 2195 1649 2287 portem
1680 2207 1773 2262 cum
1800 2180 1874 2265 da·
2013 2177 2017 2188 ’

77 2289 181 2370 than
209 2297 249 2370 8<
276 2289 434 2390 abiron
461 2317 502 2372 se
530 2293 690 2372 nouerit
723 2290 968 2370 habitururn.
998 2290 1052 2373 ad
1078 2289 1198 2372 huius
1227 2292 1353 2400 igitur
1380 2291 1438 2372 rei
1466 2289 1718 2372 euidenciam·
1742 2291 1875 2400 pleni·

80 2425 195 2480 orem
223 2418 428 2510 presentes
462 2403 616 2483 litteras
650 2399 808 2510 plenius
849 2403 1146 2483 auctorauimus
1175 2429 1250 2510 per
1278 2403 1566 2510 appensionem
1594 2400 1714 2510 sigilli
1744 2401 1874 2488 noemi

80 2515 124 2590 δι
150 2514 366 2595 munimen.
422 2513 570 2592 Datum
613 2510 851 2593 stoklrolmis
886 2539 993 2594 anno
1034 2510 1199 2593 domiui.
1228 2510 1655 2593 M⁰.CC⁰.LXX⁰VIII⁰
1686 2511 1873 2608 sabbato,

80 2619 191 2702 diem
218 2621 327 2703 beati
354 2623 541 2732 johannis
571 2623 745 2730 baptiste
774 2624 960 2732 proximo
987 2623 1260 2734 subsequenti.
1360 2657 1364 2666 =
1540 2671 1543 2678 ·

360 2807 367 2821 .
520 2765 640 2849 sigillet
666 2766 835 2842 tormueo
858 2767 931 2850 gns
951 2766 1012 2830 oen
1033 2765 1111 2829 reda
1132 2763 1328 2828 ouemssn
1348 2783 1434 2848 qvir.

86 3129 222 3260 648.
749 3093 899 3270 rapll
946 3044 1076 3274 d.⁴.9
1123 3123 1222 3242 lut
1448 3095 1452 3106 ⁵
1636 3117 1871 3230 calmo.

165 3351 284 3414 Delon
306 3349 460 3410 Brrronrs
481 3345 652 3431 gilvobref
666 3345 708 3431 pi
728 3343 827 3427 jordi
849 3347 1075 3432 bagmanstorp
1096 3349 1106 3408 i
1127 3345 1362 3430 Lingestcten
1381 3343 1442 3411 och
1461 3363 1501 3409 eu
1522 3363 1622 3429 qvem
1641 3347 1653 3406 i
1675 3341 1872 3429 llardathorp

214 3431 264 3494 till
284 3431 474 3514 Linkiipings
494 3430 685 3511 llomkyrks.
723 3455 726 3460 ’
752 3506 756 3512 .

1576 3505 1619 3564 ¹⁸.
1635 3511 1662 3568 t:
1681 3519 1738 3566 too·

21 3737 26 3744 ,
247 3646 457 3726 Uniuersis
486 3663 691 3754 presentes
719 3645 884 3730 litteras¹
925 3635 1069 3727 visuris
1096 3675 1166 3728 seu
1198 3645 1397 3728 audituris
1438 3643 1727 3752 Brunnulphus
1740 3641 1873 3726 'deca-

80 3783 159 3839 nus
188 3757 431 3866 lincopensis
459 3755 637 3835 Salutem
665 3755 708 3833 iu
736 3756 901 3846 domiuo
928 3759 1214 3865 sempiternam
1242 3758 1506 3840 Vniuersitati
1526 3772 1658 3837 vestre
1686 3770 1874 3837 constare

82 3868 269 3948 volumus
297 3866 555 3975 presentibus
597 3867 682 3946 Nos
711 3864 990 3975 lagmazthorp
1032 3864 1144 3950 aliud
1179 3865 1290 3978 quod
1318 3885 1379 3949 est
1405 3871 1506 3952 silue
1538 3865 1711 3946 vicinius
1752 3867 1874 3944 situm

78 3981 125 4059 in
155 3977 370 4087 parrochia
400 3978 497 4090 lung
527 3977 578 4056 Et
607 3969 883 4060 molendinum
913 3975 1026 4086 quod
1054 3975 1397 4086 est-Bardathorp
1432 3975 1610 4060 Ecclesie
1648 3972 1873 4083 lincopensi

77 4089 299 4171 contulisse
317 4087 448 4168 nobis
473 4115 498 4167 e
527 4085 1078 4196 predilectoeonsanguineo
1106 4103 1247 4169 nostro
1274 4084 1671 4172 dominoBencdicto
1697 4083 1873 4166 illustris

77 4198 188 4308 regis
216 4200 357 4281 swecie
399 4195 495 4278 data
536 4223 619 4306 que
660 4196 731 4276 tali
766 4196 1004 4279 condicione
1047 4197 1291 4282 conterinus
1318 4213 1364 4280 ut
1392 4195 1605 4304 decanatui
1647 4194 1873 4286 nichilomi-

77 4337 160 4394 nus
187 4309 353 4389 ecclesie
381 4304 560 4390 eiusdem
586 4310 787 4389 attineant
814 4325 1012 4417 perpetuo
1025 4332 1287 4416 permansura
1313 4309 1363 4386 Jn
1390 4311 1505 4390 cuius
1525 4307 1586 4390 rei
1599 4307 1874 4400 testimouium

78 4435 289 4530 presentes
318 4418 458 4525 Sigillo
484 4418 724 4500 venerabilis
769 4420 891 4527 patris
925 4418 1089 4525 Domini
1115 4416 1258 4500 iacobi
1301 4415 1543 4526 Archiclectj
1585 4415 1806 4524 upsalensis
1833 4419 1874 4498 δι

78 4527 238 4635 dominj
266 4528 430 4638 Henricj
460 4529 711 4636 lincopensis·
729 4533 769 4609 &
797 4534 1007 4612 nostro&
1041 4529 1213 4610 aliorum
1255 4542 1486 4632 magnatum
1528 4526 1647 4636 aeguj
1687 4525 1873 4611 volumus
2016 4541 2019 4549 ’

81 4638 263 4750 Sigillarj
293 4638 441 4720 Datum
468 4637 690 4724 katnornie
720 4629 1590 4779 ennodoninj.M·c‹J·Lxx⁰v111·.illl·
1621 4634 1718 4724 Jdua
1746 4635 1854 4742 Julij,

216 5048 407 5118 saeuum.
567 4977 571 4985 Ι
1009 5041 1012 5050 ⁴
1243 5011 1396 5133 ‘2'
1502 4999 1674 5120 '³¹⁶7
