4384 5946
814 499 1171 580 ..7-

98 695 268 782 dentiam
296 693 599 801 cognoscentes,
629 687 812 774 instructi
841 695 957 774 etiam
988 693 1197 802 praesentia
1226 690 1358 772 fratris
1386 691 1536 803 filiique
1556 698 1684 777 nostri
1699 697 1880 781 liusena·
1957 774 1964 782 .

97 835 162 906 mr,
191 809 313 916 primi
340 805 709 912 Nordalbiugorum
737 805 1041 913 Archiepiseopi
1069 827 1142 911 per
1171 827 1309 882 manus
1339 803 1554 909 Drogonis
1569 806 1755 888 Metensis
1770 803 1880 914 ¹Epi-

96 921 203 1026 scopi
233 918 471 1012 consecrati,
507 932 686 996 sanctum
722 913 897 995 studium
940 939 1177 1022 magnorum
1219 915 1527 1019 Imperatorum,
1571 932 1651 997 tam
1695 923 1881 1025 praesenti

98 1029 478 1136 auctoritate,quam
506 1027 623 1106 etiam
651 1025 762 1134 pallii
791 1025 970 1122 datione,
1000 1052 1110 1105 more
1139 1023 1474 1132 praedecessorum
1501 1043 1731 1107 nostrorum
1759 1029 1882 1112 robo-
2019 1023 2023 1030 ⁴

98 1159 182 1220 rare
213 1138 481 1234 decrevimus,
510 1145 707 1246 quatenus
735 1153 845 1216 tanta
873 1139 1108 1218 auctoritate
1137 1133 1324 1217 fundatus
1342 1133 1567 1243 praedictus
1596 1137 1882 1237 lilius-noster,

98 1250 260 1358 ejusque
290 1265 535 1328 successores
554 1245 765 1342 ,lucrandis
800 1246 986 1354 plebibus
1015 1247 1238 1327 insistentes
1274 1243 1463 1324 adversus
1506 1262 1746 1326 tentamenta
1789 1251 1883 1329 Dia·

97 1359 197 1455 boli,
228 1357 442 1440 validiores
471 1359 662 1452 existant,
706 1357 917 1466 ipsumque
960 1359 1084 1438 filium
1112 1373 1295 1436 nostrum
1321 1355 1401 1460 jam
1436 1354 1588 1436 dictum
1622 1354 1885 1438 Auscunmuu

98 1477 133 1550 ct
173 1493 423 1551 successores
460 1467 545 1574 ejus
579 1469 730 1573 legatos
767 1469 810 1547 in
844 1470 1029 1549 omnihus
1074 1469 1386 1575 circumquaque
1429 1467 1613 1574 gentibus
1660 1469 1886 1565 Danorum,

99 1582 316 1674 Sreonum,
344 1576 692 1688 (Nortweltorum,
721 1579 878 1676 Farriae,
908 1577 1182 1674 Gronlandan,
1199 1574 1550 1683 Halsingolandan,
1566 1576 1764 1674 Islandan,
1781 1579 1887 1658 Scri·

99 1689 332 1784 devindum,
388 1690 618 1784 Slavorum,
661 1715 735 1768 nec
777 1717 861 1769 non
903 1691 1079 1782 omnium
1123 1688 1511 1796 septentrionalium
1543 1693 1582 1766 8(
1624 1687 1889 1772 Orientalium

100 1803 303 1882 nationum
346 1805 590 1908 quocunque
632 1797 753 1880 modo
776 1797 1102 1909 nominatarum)
1131 1797 1368 1905 delegamus.
1424 1801 1475 1878 Et
1502 1799 1635 1906 posito
1678 1801 1807 1907 capite
1850 1807 1889 1882 sst

100 1930 259 2022 pectore
289 1937 410 2018 super
438 1937 586 2017 corpus
614 1915 654 1988 &
682 1907 969 1991 confessionem
997 1910 1122 1990 sancti
1150 1909 1257 1988 Petri
1286 1909 1489 2017 Apostoli,
1520 1911 1596 1989 sibi
1618 1911 1778 2018 suisque
1800 1936 1890 1992 suc·

100 2023 324 2104 cessoribus
350 2023 477 2102 vicem
505 2037 682 2101 nostram
710 2019 908 2128 perpetuo
923 2015 1191 2114 retinendam,
1207 2019 1490 2130 publicamque
1505 2021 1802 2128 evangelizandi
1818 2023 1891 2102 tri·

99 2135 256 2214 buimus
284 2131 576 2224 auctoritatem,
604 2132 812 2239 ipsamque
840 2131 971 2214 sedem
1000 2128 1384 2236 Nordalbingorum',
1416 2130 1710 2212 Hammahorch
1727 2131 1892 2229 dictam,

101 2246 323 2324 inhonore
351 2241 477 2321 sancti
507 2241 741 2337 Sal'vatoris,
769 2241 935 2351 ejusque
964 2243 1204 2322 intemeratae
1233 2243 1434 2347 genitricis
1460 2241 1594 2322 Mariae
1610 2261 1891 2340 consecratam,

99 2351 491 2461 Archiepiscopalem
506 2378 588 2432 esse
601 2350 861 2433 deceruimus.
890 2352 1240 2433 Consecrationem
1264 2380 1361 2433 vero
1390 2352 1685 2460 succedentium
1707 2354 1892 2435 sacerdo·

100 2485 183 2546 tum
211 2463 341 2545 donec
370 2464 687 2544 consecrantium
716 2490 905 2544 numerus
933 2490 982 2542 ex
1011 2461 1196 2571 gentibus
1212 2481 1423 2568 augeatur,
1453 2492 1572 2543 sacrae
1595 2465 1778 2571 palatinae
1794 2493 1891 2572 pro·

103 2577 287 2658 videntiae
317 2576 475 2654 interim
514 2575 805 2653 committimus.
863 2573 1023 2654 Strenui
1050 2600 1146 2653 vero
1166 2567 1449 2680 ¹praedicatoris
1478 2601 1669 2682 persona,
1697 2592 1893 2684 tantoque

103 2688 236 2768 allicio
265 2703 359 2792 apta
388 2687 430 2764 in
458 2686 705 2766 successione
733 2710 889 2792 semper
917 2686 1103 2792 eligatur,
1134 2683 1267 2764 omnia
1294 2711 1390 2786 vero
1418 2713 1440 2764 a
1468 2685 1686 2767 venerabili
1705 2687 1893 2792 Principe
1922 2697 1927 2702 ’

17 2823 19 2833 ’
101 2797 257 2880 adhoc
286 2799 372 2876 Deo
401 2794 566 2902 dignum
595 2792 770 2876 officium
798 2794 988 2903 deputata
1015 2813 1153 2875 nostra
1181 2796 1299 2876 etiam
1327 2797 1561 2877 auctoritate
1590 2799 1657 2904 pia
1686 2796 1770 2903 ejus
1799 2813 1895 2876 vota

101 2911 315 3002 firmamus,
329 2933 567 3014 omnemque
581 2907 826 2986 resistentem
847 2905 913 2984 vel
927 2905 1274 3002 contradicentem,
1289 2924 1410 3015 atque
1424 2908 1500 3013 piis
1516 2909 1662 2988 nostris
1675 2906 1736 2987 his
1751 2905 1894 2988 studiis

2 3049 3 3060 ¹
102 3018 290 3130 quolibet
310 3016 429 3098 modo
459 3015 726 3114 insidiantem,
756 3017 1013 3097 anathematis
1041 3043 1232 3096 mucrone
1260 3018 1521 3124 percutimus,
1550 3035 1672 3125 atque
1698 3033 1895 3124 perpetua

2 3173 3 3206 ;
102 3131 257 3210 ultione
272 3157 382 3209 reum
397 3127 594 3208 diabolica
608 3144 714 3206 sorte
729 3126 970 3223 damnamus,
1001 3145 1047 3208 ut
1062 3126 1219 3209 culmen
1233 3127 1508 3232 Apostolicum
1537 3154 1647 3208 more
1675 3125 1896 3235 praedeees-

101 3265 241 3320 sorum
267 3251 499 3320 nostrorum
522 3265 678 3317 causam
701 3239 776 3318 Dei
791 3239 861 3346 pio
878 3236 1022 3318 affectu
1038 3236 1210 3318 zelantes
1222 3237 1273 3317 ab
1288 3237 1463 3318 adversis
1496 3235 1697 3317 hincinde
1713 3238 1895 3345 partibus

1 3420 7 3438 .
103 3354 228 3436 tutius
244 3350 479 3438 muniamus,
509 3350 562 3429 Et
576 3351 671 3456 qtria
692 3365 742 3445 te,
771 3350 996 3429 charissime
1011 3349 1066 3428 fili
1082 3350 1295 3443 Ausonum,
1324 3347 1692 3429 Divina'clementia
1720 3377 1824 3428 nova
1853 3351 1896 3430 in

102 3462 196 3543 sede
226 3463 401 3570 primum
430 3459 627 3567 disposuit
652 3486 736 3540 esse
779 3460 1150 3566 Archiepiscopum,
1191 3485 1346 3565 nosque
1389 3457 1554 3565 pallium
1596 3457 1648 3538 ad
1690 3459 1911 3541 missarum*

2 3575 4 3590 ’
102 3573 298 3653 solemnia
324 3569 561 3652 celebranda
589 3569 824 3664 tribuimus,
855 3568 966 3678 quod
995 3570 1069 3649 tibi
1098 3573 1141 3649 in
1169 3563 1309 3648 diebus
1337 3570 1434 3663 tuis,
1463 3571 1522 3676 uti
1543 3575 1581 3648 &
1603 3567 1787 3649 Ecclesiae
1816 3587 1895 3650 tuae

99 3700 304 3793 perpetuo
332 3697 436 3762 statu
466 3680 716 3760 manentibus
752 3680 969 3788 privilegiis
1011 3681 1070 3760 uti
1113 3680 1314 3785 largimur.
1374 3679 1517 3758 Sancta
1558 3678 1735 3761 Trinitas
1774 3681 1909 3762 vitan

101 3812 214 3875 tuam
242 3816 477 3874 conservare
506 3787 692 3898 dignetur
721 3789 959 3887 incolumen,
989 3809 1109 3901 atque
1138 3805 1229 3902 post
1256 3786 1379 3870 seculi
1407 3788 1710 3902 amaritudinem
1738 3788 1788 3871 ad
1803 3815 1895 3897 per-

2 3921 3 3926 '
100 3924 268 4011 petuam
297 3902 492 4012 perducat
519 3900 821 4008 beatitudinem3
850 3903 988 3984 Amen.

252 4192 303 4303 4.
568 4153 643 4282 dr
689 4171 820 4304 846.

186 4361 282 4430 Pan.
306 4361 438 4426 Seuerus
460 4364 514 4426 llts
534 4353 743 4426 ffirordnaude
764 4374 812 4426 att
833 4363 898 4428 alla
918 4362 1072 4428 Nordiska
1087 4360 1251 4447 Follslag‚
1273 4381 1339 4427 som
1356 4361 1532 4429 dussimus
1552 4359 1655 4426 kunde
1675 4362 1827 4427 omvanda
1846 4361 1899 4430 till

243 4444 514 4523 Christendomeu‚
537 4447 639 4509 slulle
660 4447 739 4508 hdra
760 4447 860 4510 under
881 4448 993 4510 dennes
1013 4444 1328 4530 lrkebiskopsddme3
1349 4446 1563 4526 bestiimtnelse
1585 4447 1621 4507 af
1637 4445 1678 4507 da
1719 4468 1750 4524 r,
1771 4447 1812 4508 dt
1833 4447 1899 4510 lruu

241 4529 292 4590 lar
312 4527 492 4610 offeutligeu
512 4528 588 4590 littra
610 4529 761 4612 pallium
781 4530 930 4592 sullmalrt
951 4531 1001 4591 tttr
1021 4530 1196 4592 dussimus
1218 4539 1265 4592 att
1286 4529 1343 4592 der
1367 4532 1440 4612 riga
1461 4530 1521 4594 och
1542 4466 1742 4591 tilll'drordira
1762 4539 1900 4613 prester,

210 4627 226 4638 ·
242 4611 308 4673 tata
326 4611 432 4694 bygga
453 4610 570 4693 kyrlor
590 4621 674 4673 samt
696 4615 809 4674 inrttta
829 4611 1069 4756 Bislopsdiimeu
1088 4611 1149 4674 och
1168 4613 1299 4675 tillstltta
1321 4613 1489 4696 Biskopar,
1508 4611 1617 4674 hvilka
1639 4609 1815 4677 sedermera
1835 4611 1898 4676 ull·

241 4693 290 4754 tid
311 4693 410 4755 skulle
431 4713 510 4755 vara
531 4692 616 4755 haus,
629 4691 783 4757 lukestols
803 4694 925 4777 lyd-his
947 4713 1042 4776 opar3
1066 4704 1147 4759 samt
1167 4694 1358 4760 sudsutetse
1378 4695 1419 4779 pt
1441 4695 1500 4758 allt
1520 4693 1580 4758 lest
1601 4693 1662 4758 och
1680 4694 1758 4776 last,
1779 4716 1845 4761 som
1864 4695 1902 4760 uf

241 4775 390 4838 Christus
409 4776 526 4837 ldrtras
546 4777 598 4838 till
617 4776 695 4840 haus
714 4774 940 4862 like-Bislops
959 4786 1032 4842 sate.
1357 4795 1362 4804 '

243 4894 415 4974 Sanctus
444 4893 684 5000 Episcopus,
719 4919 856 4975 servus
884 4886 1090 4975 servorum
1119 4895 1211 4990 Dei,
1240 4871 1467 4975 beatissimo
1495 4892 1716 4975 Anschario
1752 4909 1895 4988 sancta
1932 4927 1936 4936 ·

103 5003 491 5112 Hammaburgensis
506 5003 692 5086 Ecclesiae
706 5005 1022 5114 Archiepiscopo
1037 5005 1204 5116 gratiam
1220 5005 1294 5086 Dei
1309 5005 1353 5085 in
1371 5021 1620 5114 perpetuum.
1635 5007 1770 5110 Quum
1784 5009 1895 5117 Apo·
