4362 5946
871 527 916 536 ..
987 496 1086 551 -,
1155 453 1235 534 sse
1312 393 1403 520 x'-

177 670 179 681 ’
309 659 440 815 add.
539 627 543 636 Ι
923 682 1290 796 1a3ad16
1338 683 1487 792 Febr.
1611 784 1614 790 ,
1798 697 2061 846 (Anigros.

380 901 471 966 aaa.
488 901 669 965 onmem·
696 899 769 964 ssa
799 898 944 963 tilldtelre
974 902 1025 964 stlr
1054 901 1342 989 bke-Biskopame
1366 907 1383 966 i
1413 903 1504 967 erd
1535 903 1596 968 oea
1625 907 1761 993 liparis,
1790 921 1874 972 sumt
1903 911 2064 996 Rislopeni

354 1013 357 1019 ·
434 985 635 1067 (seignour),
667 993 728 1062 att,
760 982 839 1045 ester
865 985 1089 1068 nmdergdngen
1119 989 1192 1066 but,
1213 988 1315 1050 hessia
1335 987 1406 1050 ἰή(
1426 988 1565 1071 tyran
1580 990 1668 1054 -bann
1688 991 1781 1069 dem,
1802 991 2066 1059 hvilkederiblihit

209 1129 212 1134 ,
369 1111 372 1124 ,-
433 1068 512 1152 lytte
528 1069 583 1130 ior
603 1065 797 1149 dclaktigbet
815 1067 826 1128 i
846 1066 908 1129 den
928 1069 1154 1150 vdldsverkan,
1174 1091 1241 1133 sam
1262 1073 1273 1134 i
1293 1070 1462 1153 streame·
1482 1081 1535 1154 ligi
1557 1093 1630 1138 tum
1658 1085 1743 1137 enat
1772 1076 1802 1160 ej
1825 1076 1952 1139 minare
1969 1078 2068 1141 heae

289 1165 290 1168 ’
368 1211 369 1216 ,
433 1150 495 1214 och
511 1149 649 1234 ‘Andliga
669 1169 818 1237 pureum·
844 1151 1043 1236 satyriam
1063 1153 1299 1237 tillhiirighcter.

1736 1260 1960 1342 huda&

466 1401 698 1484 Graeculus
712 1401 938 1512 Episcopus
954 1429 1096 1484 seruus
1119 1427 1331 1486 seruorum
1347 1402 1412 1488 dei
1429 1403 1737 1488 venerabilibus
1751 1405 1951 1489 fratribus.
1980 1407 2069 1486 Lun-

296 1511 413 1596 dcnsi
440 1517 481 1594 8(
507 1511 708 1621 upsalensi
736 1513 1071 1622 Archicpiscopis.
1102 1541 1154 1594 ac
1178 1516 1372 1625 episcopo
1401 1518 1678 1598 Auiniouensi.
1715 1517 1898 1598 Salutem
1926 1521 1964 1596 8(
1994 1543 2071 1624 apo

299 1624 484 1706 stolicam
509 1619 860 1704 benediccionem..
883 1623 1015 1706 Hodie
1044 1640 1184 1705 contra
1205 1627 1432 1709 Nonnullos
1459 1628 1685 1738 iniquitatis
1713 1626 1817 1708 lilios
1838 1629 1911 1738 qui
1939 1629 1980 1707 in
1993 1627 2072 1707 ciui·

297 1751 381 1816 tate
409 1741 450 1816 8(
476 1733 626 1818 diocesi
672 1733 947 1842 Strcnginensr
996 1751 1184 1844 pretextu
1227 1763 1467 1845 guerrarum
1509 1737 1661 1848 quibus
1705 1735 1843 1819 eedem
1888 1739 2073 1819 ciuitas&
2152 1775 2153 1808 r

244 1871 245 1876 ‘
296 1845 466 1930 diocesis
487 1844 737 1948 dicebantur·
760 1845 1039 1955 multipliciter
1067 1845 1236 1956 fatigari.
1272 1851 1313 1928 &
1340 1849 1437 1930 alias
1465 1868 1615 1931 temere
1643 1847 1811 1930 clericos
1842 1853 1884 1928 8(
1912 1847 2073 1929 ecclesia·
2152 1937 2153 1950 q

295 1957 415 2039 sticas
442 1983 633 2066 personas
659 1954 857 2038 seculares
886 1963 925 2038 8(
952 1956 1157 2066 regulares
1190 1959 1317 2038 eciam
1344 1957 1687 2068 indignitatibus
1723 1960 1962 2040 constitutas
1993 1957 2074 2038 ciui·
2152 1995 2153 2050 3

295 2069 389 2152 tatis
417 2072 458 2148 8(
498 2065 667 2149 diocesis
708 2066 981 2176 predictarum
1025 2067 1180 2150 bellicis
1220 2068 1387 2150 actibus
1406 2097 1450 2152 se
1492 2072 1654 2152 minime
1701 2070 1970 2150 immiscentes
2010 2093 2075 2146 non

293 2181 449 2290 absque
476 2177 694 2260 inieccione
722 2205 915 2260 manuum
943 2179 1122 2260 violenta
1138 2206 1281 2288 capere
1296 2179 1488 2263 detinere.
1503 2180 1733 2262 carceribus
1749 2183 1993 2288 mancipare.
2006 2194 2075 2258 tor·

293 2291 437 2372 mentis
463 2289 659 2370 subicere.
690 2288 929 2371 uerberibus
966 2286 1119 2372 cedere.
1164 2289 1391 2371 uulnerare.
1436 2294 1557 2373 morti
1585 2288 1756 2374 tradere
1782 2296 1829 2372 8(
1858 2287 2075 2372 crudelibus
2152 2343 2153 2394 q

292 2401 579 2483 afflictionibus
607 2396 660 2479 ad
692 2399 995 2510 redempciones
1023 2399 1223 2480 indebitas
1252 2401 1521 2510 personaliter
1534 2401 1760 2484 cohercere.
1790 2402 1993 2483 Ecclesias
2006 2425 2076 2479 mo·

291 2513 464 2600 uasteria
492 2509 719 2620 hospitalia.
748 2517 787 2593 8(
815 2513 892 2592 alia
921 2514 988 2620 pia
1022 2512 1109 2593 loca
1137 2514 1330 2593 secularia
1359 2519 1399 2594 8(
1427 2514 1628 2621 regularia
1670 2510 1778 2594 dicte
1816 2510 1989 2613 diocesis
2029 2512 2077 2588 in·

290 2621 449 2705 uadere.
483 2622 682 2731 frangere.
709 2649 866 2732 capere.
896 2649 1108 2731 occupare.
1138 2640 1335 2732 occupata
1364 2622 1554 2706 detinere.
1593 2622 1786 2704 dir-ruere.
1824 2651 1874 2704 ac
1906 2618 2108 2702 incendio

291 2760 547 2816 concremare
576 2738 616 2812 &
643 2732 828 2815 ecclesias
856 2733 1096 2814 monasteria
1125 2737 1164 2814 8(
1192 2733 1281 2814 loca
1310 2736 1395 2842 ipsa
1424 2735 1538 2815 libris
1568 2734 1761 2816 calicibus
1790 2732 1985 2815 crucibus
2005 2757 2078 2810 san·

290 2862 450 2928 etorum
475 2842 667 2954 reliquiis.
695 2845 937 2952 pauimentis
965 2852 1004 2925 8(
1031 2846 1286 2928 ornamentis.
1324 2844 1411 2953 a'lijs
1439 2846 1581 2928 diuino
1610 2843 1739 2926 cultui
1767 2852 1807 2926 8(
1835 2845 1933 2925 usui
1969 2841 2079 2948 depu-

289 2959 382 3039 tatis
411 2957 589 3065 spoliare·
612 2982 660 3034 ac
688 2955 919 3038 huiusmodi
957 2955 1087 3035 libros
1122 2955 1272 3036 calices
1314 2971 1453 3036 cruces
1481 2971 1713 3036 sauctorum
1741 2956 1940 3066 reliquias
1981 2951 2080 3060 paui·

154 3131 160 3142 ,
289 3085 421 3166 menta
442 3072 489 3146 ·&
516 3083 752 3148 ornamenta
780 3095 882 3148 ausu
909 3066 1115 3174 sacrilego.
1175 3067 1347 3147 Necnon
1390 3065 1546 3148 fructus
1588 3065 1772 3147 redditus
1815 3093 1883 3146 res
1913 3081 1957 3144 et
1986 3063 2079 3142 bona

289 3177 365 3260 alia
393 3204 654 3284 personarum
683 3177 1050 3260 ecclesiasticarum.
1080 3179 1413 3258 monasteriorum
1441 3176 1703 3285 hospitalium
1732 3191 1773 3255 et
1804 3176 1994 3258 locorum
2020 3171 2080 3252 ali·

288 3313 406 3369 orum
420 3287 652 3370 huiusmodi
666 3305 748 3369 tam
762 3290 802 3369 in
819 3291 915 3398 ipsis
930 3286 1106 3393 eeclesijs
1120 3313 1243 3397 quam
1258 3302 1371 3367 extra
1388 3288 1494 3395 ipsas
1509 3289 1731 3369 existentia.
1747 3287 1876 3367 eciam
1892 3285 2080 3382 ¹violenter

288 3427 430 3510 rapere
458 3404 497 3481 8(
525 3397 753 3506 depredari.
783 3405 824 3480 8(
868 3400 911 3479 in
953 3397 1118 3508 predam
1141 3395 1361 3489 ⁸abducere
1404 3425 1475 3479 seu
1504 3415 1714 3507 asportare
1742 3407 2081 3506 presumpserunt

287 3527 386 3592 tuuc
414 3517 455 3592 8(
482 3508 629 3591 cotidie
643 3536 969 3617 presumerenon
984 3507 1243 3589 uerebantur.
1285 3509 1471 3616 Litteras·¹
1484 3525 1643 3590 nostras
1672 3509 1880 3617 inquibus
1897 3533 1976 3586 nos
1990 3501 2082 3614 judi·

247 3651 352 3714 ,ces
393 3629 432 3704 8(
473 3636 708 3702 executores
749 3619 1033 3729 deputauimus
1082 3621 1125 3700 in
1166 3620 1295 3700 forma
1338 3647 1419 3730 que
1437 3621 1591 3728 incipit.
1624 3619 1687 3700 ad
1704 3615 1997 3725 reprimendas
2017 3613 2082 3696 du·

285 3737 417 3816 ximus
441 3730 734 3836 concedendas.
794 3735 846 3812 Et
873 3761 924 3812 ne
967 3731 1041 3812 sub
1087 3758 1157 3838 spe
1197 3733 1317 3810 uenic
1355 3731 1587 3812 obtinenda.
1612 3730 1805 3814 rfaciliter
1834 3728 2084 3810 incentiuum

285 3843 549 3956 delinquendi
578 3840 781 3952 aliquibus
809 3842 945 3924 forsan
962 3842 1187 3950 prebeatur.
1219 3841 1533 3921 Absolucionem
1548 3841 1600 3921 ah
1616 3840 2084 3922 excommunicacionum

268 3955 502 4065 ‚sentencijs
529 3961 570 4036 8(
596 3953 890 4034 relaxacioncm
918 3951 1325 4060 seu·suspencionem
1360 3950 1563 4034 interdicti
1593 3979 1672 4061 quc
1701 3977 1775 4060 per
1804 3979 1880 4031 nos
1913 3943 2086 4029 auctori-

222 4117 235 4144 ,·
283 4085 366 4150 tate
394 4068 630 4149 litterarum
647 4063 867 4164 earundem
896 4064 1070 4173 proferri
1097 4062 1315 4168 contigerit
1342 4089 1414 4141 seu
1441 4067 1568 4142 eciam
1603 4063 1852 4169 promulgari
1874 4061 2005 4142 nobis
2027 4051 2083 4134 uel

223 4201 231 4208 '
283 4178 579 4261 successoribus
599 4176 745 4255 nostris
761 4177 949 4257 Romanis
966 4170 1226 4282 pontificibus
1241 4171 1524 4253 tantummodo
1541 4172 1845 4254 reseruauimus.
1874 4174 1948 4250 Jta
1981 4165 2086 4250 uide·

150 4295 153 4303 '
283 4290 376 4371 licet
390 4290 503 4401 quod
517 4287 652 4368 nullus
668 4303 928 4415 preterquam
943 4288 986 4366 in
1000 4283 1141 4364 mortis
1156 4283 1329 4364 articulo
1341 4310 1590 4392 quemquam
1605 4286 1657 4365 ab
1671 4280 1911 4362 huiusmodi
1927 4303 2084 4360 excom·

282 4403 607 4482 municaciouum
633 4401 848 4507 sentencip
877 4396 1087 4478 absoluere
1116 4395 1253 4501 possit.
1285 4411 1409 4502 prout
1424 4396 1467 4474 iu
1482 4395 1631 4476 eisdem
1647 4393 1791 4473 litteris
1807 4392 1981 4501 plenius
1997 4413 2087 4469 con·

282 4510 447 4592 tinctur.
478 4513 562 4593 Nos
591 4508 715 4618 igitur
743 4508 996 4590 attendentes
1024 4502 1138 4618 quod
1179 4505 1321 4585 ciuitas
1352 4509 1391 4582 8(
1420 4504 1589 4585 diocesis
1618 4501 1814 4612 predicte
1844 4531 1867 4582 a
1904 4505 2088 4583 Romana

282 4621 396 4702 curia
424 4619 764 4730 quamplurimum
792 4618 941 4701 distare
985 4630 1212 4697 noscuntur
1254 4621 1294 4696 8(
1334 4615 1448 4725 quod
1492 4633 1660 4724 propter
1702 4624 1866 4722 guerras
1954 4640 2007 4692 ue
2051 4609 2087 4684 in

284 4729 363 4811 illis
389 4732 571 4837 partibus
600 4730 753 4838 uigent.
782 4756 830 4810 ac
859 4731 1062 4811 latronum
1090 4725 1275 4807 insultus.
1304 4729 1529 4824 &‚uiarum
1556 4723 1735 4836 pericula
1761 4723 1883 4805 ualde
1917 4643 2088 4806 difficile
2119 4719 2123 4724 ’

286 4908 559 4942 *⁸⁸⁸⁸*—
957 4899 961 4913 ¹

325 4975 350 5052 a)
368 4970 503 5132 31ςὲηέ
504 4963 573 5112 osredh
582 4965 728 5114 §affige
748 4973 808 5036 Nto
830 4969 1006 5096 sottum
1026 4969 1037 5032 i
1057 4989 1096 5062 cu
1117 4966 1157 5032 af
1170 4965 1320 5031 Kiiluiska
1340 4969 1411 5031 Not.
1431 4963 1525 5030 Publ.
1554 4964 1677 5078 Comaq
1707 4965 1718 5029 i
1739 4961 1910 5053 sncngnss
1932 4963 1968 5028 d.
1990 4963 2011 5028 3
2031 4956 2089 5037 Mai
