4368 5950
832 455 1247 540 -251-

39 701 46 710 '
145 680 272 807 aad.
400 613 407 622 Ι
772 643 923 828 raaq
970 681 1019 788 d.
1069 688 1140 793 23
1176 689 1295 794 dan.
1609 837 1613 844 Δ
1695 697 1926 846 Perugio.

205 898 511 968 ffldfvaucoums
532 903 604 968 1th
624 899 798 984 belalluiug
818 904 869 969 titt
893 905 1047 988 Biskopen
1061 909 1079 971 -ἰ
1093 908 1351 994 bimtpisgoeh
1363 907 1928 1004 flittetfiemcrihiebormpl'fioth.

261 982 335 1046 laud
356 994 435 1046 samt
455 989 587 1050 Prosteu
608 988 619 1048 i
640 985 773 1068 Wisby,
808 997 856 1048 att
887 988 1072 1052 handhafra
1099 992 1153 1055 det
1186 995 1263 1056 liifte
1296 1013 1348 1054 om
1381 989 1534 1077 beskpM,
1562 1003 1632 1070 scm
1652 1000 1784 1076 'HM
1810 1005 1927 1068 lemae

263 1067 418 1152 Riskopen
438 1071 450 1132 i
470 1068 621 1148 Fiuland,
643 1068 877 1154 Presterskapet
898 1070 957 1133 och
979 1073 1149 1138 invduame
1170 1075 1336 1139 dersttdes.
1656 1159 1686 1216 E
1701 1164 1727 1218 δῖ
1749 1164 1792 1234 46.

666 1283 789 1396 Copia
817 1293 1056 1396 protectoria
1088 1291 1275 1400 gregoris
1294 1316 1410 1400 pape.
1731 1375 1739 1398 ,,
1844 1385 1847 1394 ,

303 1391 539 1474 Gnsuomus
566 1393 792 1504 Episcopus
820 1424 963 1479 seruus
991 1425 1203 1482 seruorum
1231 1401 1307 1482 Dei
1335 1400 1568 1484 Venerabili
1583 1401 1701 1486 fratri
1718 1397 1928 1524 ‘Episcopo

130 1501 358 1612 lincopensi
391 1520 433 1584 et
461 1505 627 1586 Dilectis
656 1505 747 1586 filiis
774 1506 922 1588 abbati.
942 1507 1005 1618 dc
1033 1512 1274 1617 guthlandia
1304 1514 1567 1594 cisterciensis
1582 1516 1737 1607 ordinis
1765 1535 1807 1600 et
1830 1540 1927 1640 ¹pre·

126 1615 262 1725 posito
289 1613 341 1696 de
368 1615 488 1714 visbir
519 1617 761 1725 lincopensis
791 1618 982 1724 Dyocesis
1025 1623 1202 1722 Salutem
1231 1641 1272 1704 et
1307 1625 1568 1733 apostolicam
1601 1625 1927 1714 benediccionem

83 1824 86 1828 V
128 1727 230 1808 Cum
260 1725 530 1808 venerabilem
558 1727 726 1808 fratrem
753 1746 940 1809 nostrum
968 1733 1216 1842 Episcopum
1244 1736 1395 1816 clerum
1424 1752 1463 1815 et
1485 1737 1683 1846 populum
1694 1737 1927 1828 ‘islanden-

124 1865 205 1918 sem
240 1837 318 1918 sub
347 1840 606 1944 protcccione
634 1843 903 1949 receperimus
932 1843 1151 1950 apostolice
1179 1845 1285 1928 sedis
1314 1863 1354 1926 et
1375 1861 1514 1928 nostra
1524 1847 1778 1933 Discrecioni
1793 1863 1925 1934 ves‘trc

121 1975 196 2056 per
224 1948 445 2057 apostolica
474 1951 625 2058 scripta
653 1951 888 2033 mandamus
918 1953 1120 2055 Quatinus
1156 1986 1239 2038 non
1274 1959 1516 2067 permittatis
1550 1987 1618 2041 eos
1653 1977 1795 2045 contra
1830 1959 1926 2075 pro·
1986 2053 1988 2058 ,
2094 2031 2097 2036 .

122 2059 323 2139 teccionis
351 2076 492 2141 nostre
521 2077 702 2143 tenorem
730 2079 880 2144 temere
904 2063 1111 2146 molestari
1125 2067 1405 2150 Molestatores
1421 2097 1561 2151 eorum
1575 2070 1780 2168 indebitos
1796 2105 1924 2158 monr-

127 2171 247 2250 cione
277 2173 470 2279 premissa
498 2199 574 2281 per
601 2201 809 2253 censuram
838 2172 1143 2257 ecclesiasticam
1187 2181 1466 2290 appeliacione
1510 2185 1733 2291 postposita
1763 2211 1925 2296 compe*-

121 2277 281 2362 sce'ndo
308 2282 431 2382 Quod
460 2284 494 2361 si
523 2310 605 2362 non
634 2311 771 2365 omnes
798 2284 875 2363 hiis
904 2281 1150 2394 exequendis
1179 2293 1397 2400 potueritis
1426 2292 1615 2374 interesse
1637 2313 1683 2374 tu
1698 2295 1825 2378 frater
1839 2298 1924 2406 epi·

121 2417 247 2498 scope
279 2419 540 2473 cumeorum
573 2393 701 2475 altero
730 2420 777 2473 ea
805 2393 1090 2478 nichilominus
1131 2403 1346 2513 exequaris
1388 2403 1538 2482 Datum
1580 2405 1735 2513 perusii
1763 2407 1803 2486 X
1830 2406 1922 2488 Kal.

118 2499 342 2609 Februarij
371 2503 630 2611 pontificatus
658 2506 797 2586 Nostri
825 2506 946 2584 Anno
975 2510 1166 2592 secundo.

125 2733 286 2860 sao„
708 2759 721 2773 ·
764 2665 913 2881 12a9
952 2741 1024 2872 a,
1060 2742 1133 2847 23
1180 2741 1287 2848 un.
1688 2747 1922 2895 rerugu

209 2954 308 3018 Pcfv.
321 2953 510 3018 ,Gnsoomus
532 2959 604 3020 lX:s
627 2957 800 3041 befalluiug
821 2960 871 3023 till
894 2964 1045 3044 Biskopcu
1067 2965 1078 3024 i
1098 2923 1282 3047 Liukdpiug,
1312 2965 1530 3029 cistercienses
1567 2963 1712 3027 Abboteu
1744 2967 1784 3052 pt
1815 2969 1921 3031 Goth·

258 3037 334 3101 land
354 3049 435 3101 sumt
455 3041 585 3104 Prosteu
605 3042 618 3104 i
639 3041 772 3125 Wisby‚
795 3045 953 3125 angtende
974 3046 1088 3109 Finska
1109 3047 1328 3130 Domkyrkaus
1336 3045 1564 3130 flyttuiugfrdn
1576 3047 1766 3135 Rindatuithi
1778 3051 1830 3113 till
1842 3041 1918 3115 ibo.

112 3256 245 3335 Bulla
276 3260 469 3362 gregorii.
499 3257 563 3336 De
589 3258 855 3358 trainiacioue
882 3261 1039 3340 eoeleste
1066 3259 1284 3340 lctedrulrs
1313 3287 1341 3338 a
1368 3157 1814 3372 raenttamaetjihbibe
1833 3261 1928 3362 huc.

190 3451 194 3460 ·
293 3397 529 3480 Grueoxtus
557 3399 772 3507 episeopus
800 3428 942 3481 seruus
970 3428 1180 3482 seruorum
1208 3401 1284 3509 Dej
1313 3401 1550 3508 Venerabili
1587 3400 1705 3483 fratri
1719 3405 1924 3514 Episcopo

112 3509 353 3618 lincopensi
380 3523 424 3588 et
453 3509 616 3590 Dilectis
645 3510 737 3591 filiis
764 3501 917 3619 Abbatj
946 3511 996 3592 de
1024 3511 1237 3622 gutlandia
1264 3513 1526 3595 cisterciensis
1562 3512 1717 3594 ordinis
1746 3533 1788 3598 et
1810 3543 1924 3625 *pre-

113 3620 261 3730 posito
291 3620 342 3701 de
370 3618 489 3722 visbir
520 3619 763 3729 lincopensis
791 3623 983 3727 Dyocesis
1011 3622 1190 3704 Salutem
1219 3638 1260 3702 et
1289 3622 1551 3731 apostolicam
1593 3623 1924 3708 benediccionem

110 3731 380 3813 Venerabilis
407 3730 534 3810 frater
563 3748 702 3812 noster
730 3730 990 3814 finlandensis
1019 3735 1234 3843 episcopus
1264 3735 1382 3819 nobis
1423 3734 1611 3846 exposuit
1639 3737 1752 3845 quod
1775 3738 1823 3817 in
1838 3739 1923 3844 pri·

42 3849 49 3858 '
106 3845 269 3931 mitiua
299 3843 602 3922 christianitatis
630 3843 888 3956 plantacioue
917 3845 960 3922 in
989 3846 1173 3952 partibus
1204 3843 1282 3929 illis
1304 3842 1548 3929 cathedralis
1562 3846 1731 3927 ecclesia
1751 3873 1829 3944 ¹suu
1844 3847 1923 3929 fuit

106 3956 152 4034 in
170 3955 275 4035 loco
289 3955 421 4033 minus
436 3951 597 4059 ydoneo
613 3956 833 4034 constituta
842 3954 959 4036 Vnde
977 3954 1139 4062 petebat
1154 3972 1197 4036 vt
1212 3982 1323 4040 nunu
1338 3956 1456 4070 plura
1473 3957 1560 4036 loca
1575 3974 1777 4038 crescente
1791 3958 1834 4038 in
1844 3959 1919 4039 eis·

105 4065 207 4147 dem
227 4065 430 4180 -partibus
459 4091 533 4172 per
560 4063 627 4148 dei
654 4067 830 4174 graciam
859 4063 938 4146 fide
959 4063 1314 4174 katholicamagis
1340 4066 1394 4150 ad
1424 4065 1501 4150 hoc
1531 4065 1739 4147 commoda
1752 4093 1836 4149 esse
1847 4094 1921 4149 no·

104 4194 290 4262 scantur
319 4173 531 4254 transferri
556 4175 830 4284 ¹episcopalem
858 4175 993 4260 sedem
1023 4177 1074 4259 ad
1096 4177 1239 4257 vlocum
1268 4179 1633 4290 competenoiorem
1663 4178 1704 4256 in
1732 4204 1805 4257 sua
1819 4179 1921 4285 dyo·

103 4289 191 4369 cesi
225 4283 512 4370 mandaremus
535 4287 739 4389 Quocirca
768 4285 1008 4396 discrecionj
1052 4304 1184 4369 vestre
1212 4313 1286 4395 per
1324 4287 1544 4399 apostolica
1572 4287 1722 4396 scripta
1752 4290 1917 4371 manda·
2034 4332 2041 4346 ·

101 4427 200 4480 mus
234 4397 444 4502 Quatinus
472 4397 664 4504 inquisita
694 4424 818 4505 super
849 4398 926 4478 hoc
955 4396 1192 4505 diligencius
1220 4398 1389 4478 veritate
1417 4399 1450 4476 si
1490 4424 1573 4475 rem
1602 4399 1834 4479 inueneritis
1860 4399 1918 4503 ita

103 4537 198 4590 esse
232 4535 332 4588 eum
360 4507 527 4588 consilio
553 4505 731 4589 eiusdem
760 4508 940 4618 episcopi
969 4525 1009 4588 ct
1036 4509 1274 4589 clericorum
1309 4534 1475 4587 suorum
1502 4503 1752 4587 transferatis
1780 4519 1917 4590 aucto·

99 4622 236 4704 ritate
270 4635 411 4698 nostra
440 4615 575 4697 sedem
601 4617 771 4700 candem
809 4618 861 4700 ad
890 4619 1023 4698 locum
1052 4621 1095 4698 in
1123 4617 1261 4699 cadem
1289 4617 1454 4724 dyocesi
1474 4617 1607 4726 magis
1622 4634 1772 4725 aptum⁸
1789 4617 1916 4723 Quod

98 4733 136 4813 si
168 4757 267 4812 non
299 4754 438 4810 omnes
467 4728 542 4808 hiis
571 4727 815 4839 exequendis
857 4730 1072 4838 potueritis
1114 4730 1316 4808 interesse.
1347 4745 1394 4807 tu
1436 4726 1562 4806 frater
1603 4727 1790 4836 episcope
1820 4756 1947 4810 cum-

98 4868 260 4924 eorum
295 4839 422 4919 altero
451 4863 498 4917 ca
526 4839 812 4923 nichilominus
841 4842 1052 4950 exequaris
1074 4842 1222 4921 Datum
1244 4838 1398 4946 Perusij
1412 4833 1452 4919 X
1467 4836 1557 4918 Kal.
1574 4837 1791 4947 Februarii
1804 4841 1911 4921 Pon·

99 4953 301 5036 siccatus
327 4948 456 5032 nostri
483 4956 602 5030 Anno
630 4950 817 5032 mcuudo.
847 4950 881 5064 *)
1836 4976 1839 4984 ’
1908 4971 1919 4982 ·

98 5079 397 5106 affl

191 5127 224 5206 ¹)
247 5123 328 5187 Med
341 5145 447 5210 ¹vngre
467 5123 552 5189 baud
572 5123 632 5189 och
653 5123 782 5189 btekare
802 5123 907 5191 blunt:
929 5125 1018 5192 Anno
1042 5134 1148 5189 eutem
1168 5121 1284 5189 Salutis
1303 5131 1406 5189 nostre
1431 5080 1518 5188 tilid-
