4370 5950
870 379 1195 473 ,...=,04
1305 421 1363 440 ..

271 620 488 704 speramus.
531 595 695 674 Vtinam
734 597 813 675 iam
856 595 966 675 littus
995 596 1078 676 eius
1109 587 1410 704 attingeiemus!
1438 599 1592 678 vtinam
1612 596 1757 682 fluctus
1770 599 1884 682 istius
1912 598 2051 682 euade-

270 705 421 788 remus!
450 706 799 803 Circumferimur,
828 706 1121 814 periclitamur,
1151 707 1362 816 naufragia
1391 709 1640 816 experimur,
1683 719 1722 791 8(
1749 713 1858 792 exire
1874 709 2053 792 dissimu-

272 817 422 898 lamus?
451 818 553 919 Quis
581 845 665 898 non
693 833 808 923 optat
836 833 1017 924 portum,
1045 847 1096 900 ne
1125 821 1305 906 incurrat
1334 819 1611 927 naufragium?
1632 822 1735 923 Quis
1763 850 1847 902 non
1876 821 2053 930 praecidit

271 931 457 1009 baerentis
485 929 529 1006 in
557 929 642 1006 salo
670 925 865 1012 nauicula
897 927 1053 1026 funem,
1083 958 1134 1010 ne
1163 933 1308 1014 sentiat
1335 932 1638 1038 tempestatem?
1667 934 1769 1035 Quis
1798 934 1966 1039 negligit
1988 961 2054 1040 pa-

107 1041 114 1048 ’
241 1043 410 1136 -triam,
438 1045 477 1118 8(
504 1055 608 1120 amat
634 1038 821 1120 exilium?
848 1039 950 1139 Quis
977 1040 1081 1146 fugit
1109 1058 1282 1156 patrem,
1313 1043 1742 1168 &sequiturhosteml
1772 1043 1941 1123 Gaudeo
1961 1044 2053 1152 quia
2098 1037 2101 1044 ’

182 1146 186 1156 ‘
272 1155 351 1234 iam
380 1151 524 1232 tenetis
552 1165 734 1257 portum,
763 1155 801 1227 8(
828 1147 973 1232 sedetis
1002 1150 1064 1244 ad,
1081 1169 1239 1257 portam
1269 1171 1414 1238 sanctae
1442 1154 1632 1248 ciuitatis,
1666 1157 1779 1234 cuius
1798 1155 2052 1262 participatio

271 1263 527 1374 inidipsum.
597 1261 768 1342 Vacillat
810 1259 975 1373 quidem
1016 1260 1147 1344 adhuc
1188 1264 1376 1348 nauicula
1405 1281 1562 1361 nostra,
1589 1263 1661 1347 sed
1688 1293 1807 1373 spero
1829 1273 2056 1372 &expecto

132 1413 135 1422 ·
271 1375 458 1458 solatium
472 1388 660 1466 vestrum,
675 1372 790 1456 cuius
805 1399 877 1483 per
891 1373 1090 1478 integram
1105 1375 1315 1459 amicitiam
1337 1372 1524 1482 possideo
1537 1391 1668 1460 totum
1697 1379 1883 1456 animum.
1898 1374 2054 1456 Adiuro

270 1515 355 1583 vos,
369 1486 404 1566 si
419 1482 651 1567 inueneritis
662 1481 862 1579 dilectum,
877 1483 998 1565 immo
1012 1486 1045 1567 si
1061 1487 1249 1584 veneritis
1263 1485 1314 1570 ad
1335 1487 1420 1573 eius
1436 1487 1677 1584 cubiculum,
1692 1488 1895 1568 nuncieti's
1911 1487 1948 1565 ei
1963 1489 2057 1594 quia

271 1623 405 1680 amore
434 1595 616 1700 langueo,
645 1593 804 1680 Credite
832 1594 946 1690 mihi,
976 1596 1008 1675 si
1037 1598 1215 1684 venirem
1244 1599 1295 1677 ad
1330 1597 1529 1709 porticum
1545 1596 1782 1694 Salomonis,
1800 1626 1849 1678 ne
1863 1598 1995 1678 dicam
2009 1598 2056 1679 ad

270 1708 541 1791 sanctuarium
571 1703 807 1800 saluatoris,
844 1705 1032 1813 loquerer
1073 1736 1149 1814 pro
1192 1709 1337 1804 amieo,
1366 1709 1611 1815 postularem
1638 1736 1714 1815 pro
1757 1708 1921 1793 domino
1951 1733 2057 1804 meo,

269 1819 582 1932 pronunciarem
609 1815 652 1894 in
681 1815 845 1899 auribus
875 1818 1037 1897 Domini
1067 1819 1263 1914 Sabaoth,
1292 1826 1331 1898 8(
1359 1815 1577 1928 quaemihi,
1604 1825 1643 1898 8(
1670 1847 1762 1928 quae
1778 1849 1851 1936 per
1879 1846 1942 1897 me
1956 1845 2058 1925 pau-

270 1931 436 2042 peribus
465 1927 622 2008 fecistis.
679 1926 934 2034 Appellarem
963 1928 1095 2036 pium,
1125 1929 1404 2038 compellerem
1432 1931 1580 2008 iustum
1608 1928 1763 2027 dicem,
1793 1932 1950 2016 Memor
1977 1950 2058 2019 esto

166 2087 171 2097 ,
271 2043 462 2124 perditui
487 2069 599 2120 seruo
612 2058 692 2119 tuo.
751 2038 823 2115 Est
837 2040 942 2124 enim
970 2038 1140 2124 verbum
1168 2059 1302 2137 tuum,
1332 2042 1602 2148 quodecim:
1628 2045 1798 2129 minimis
1824 2050 1919 2124 meis
1946 2045 2060 2142 Jeci-

270 2162 363 2249 stis,
394 2152 491 2240 milri
504 2154 679 2253 fecistis,
736 2149 839 2234 Ecce
867 2149 1089 2235 substantia
1122 2150 1276 2240 domini
1304 2151 1381 2237 mei
1409 2148 1633 2238 Londeusis
1661 2150 1866 2260 quondam
1894 2153 2058 2236 Archie·

270 2263 443 2374 piscopi,
471 2288 582 2340 nunc
605 2262 794 2367 pauperis
827 2259 1149 2362 Clareuallensis,
1179 2291 1252 2372 per
1266 2289 1409 2350 manus
1437 2288 1663 2369 pauperum
1684 2276 1850 2350 tuorum
1878 2260 1991 2378 apud
2021 2282 2058 2345 te

272 2391 342 2471 est.
375 2372 566 2480 Repende
595 2395 692 2477 ergo
721 2372 758 2450 ei
786 2371 929 2468 vicem,
958 2378 996 2450 8(
1024 2372 1139 2452 daei
1167 2373 1430 2454 substantiam
1458 2387 1586 2467 tuam,
1618 2375 1690 2483 qui
1704 2374 1779 2462 tibi
1794 2371 1905 2461 dedit
1933 2400 2058 2468 suam,

173 2541 180 2556 ·
271 2506 404 2568 tamen
418 2500 539 2594 quam
567 2498 613 2564 tu
643 2479 834 2577 dederas,
856 2511 978 2592 quam
1006 2512 1027 2561 a
1057 2500 1096 2563 te
1124 2499 1343 2595 acceperat.
1372 2485 1649 2564 Amantissime
1677 2500 1813 2600 pater,
1848 2511 1933 2571 non
1962 2482 2060 2565 dor·

270 2599 344 2680 mit
370 2619 502 2704 neque
525 2592 716 2678 dormitat
731 2593 772 2670 in
787 2592 1066 2680 recordatione
1098 2612 1232 2675 vestra
1261 2624 1331 2675 cor
1353 2623 1494 2674 meum.
1524 2594 1695 2692 Clamat,
1726 2595 1870 2703 pulsat,
1899 2613 2059 2707 statque
2175 2653 2177 2668 ,

271 2708 323 2794 ad
346 2706 449 2786 fores
480 2723 654 2798 nostras,
685 2702 850 2812 quando
877 2707 1062 2815 inquiens
1084 2706 1230 2788 videbo
1246 2734 1366 2815 quem
1381 2703 1580 2792 desiderat
1608 2708 1738 2794 anima
1752 2734 1837 2796 mea
1843 2708 1862 2797 ,Ρ
1890 2707 2059 2816 quando

270 2821 426 2900 veniam
455 2815 669 2900 &videbo
696 2814 833 2900 illum?
880 2817 955 2899 Via
984 2814 1105 2922 longa
1135 2835 1212 2916 est,
1241 2816 1457 2925 pedesxvix
1486 2833 1722 2912 mouentur,
1750 2845 1865 2906 renes
1906 2821 2060 2926 bonge-

272 2932 427 3024 lantur,
455 2934 495 3007 8(
518 2924 730 3036 quomodo
773 2924 893 3036 longe
935 2928 1090 3035 positus
1133 2930 1281 3009 amicus
1310 2926 1537 3013 videbitur?
1597 2928 1867 3030 Quaerendum
1883 2944 1943 3018 est
1960 2923 2059 3036 ergo

271 3039 511 3133 remedium,
526 3039 594 3118 vbi
610 3036 784 3144 primum
800 3038 912 3119 deest
940 3038 1137 3120 solatium.
1164 3043 1335 3146 Pergere
1350 3064 1528 3148 nequeo,
1557 3039 1732 3118 scribere
1759 3039 1898 3128 saltem
1925 3039 2058 3120 ¹valeo.

106 3203 117 3214 -
159 3143 176 3168 ’
271 3153 446 3232 Cernere
474 3176 559 3228 non
588 3163 721 3262 potest
749 3148 908 3245 oculus,
952 3149 1183 3261 alloquatur
1210 3152 1349 3259 stylus.
1405 3149 1554 3228 Currat
1583 3150 1625 3228 in
1653 3151 1892 3240 membranis
1921 3151 2059 3247 litera,

270 3263 367 3373 quia
385 3262 430 3342 in
449 3261 636 3340 membris
665 3261 745 3339 suis
772 3259 1001 3345 retardatur
1036 3263 1258 3369 corporalis
1291 3261 1513 3370 praesentia.
1569 3259 1730 3351 Referat
1765 3261 1903 3351 charta
1942 3263 2060 3372 quod

255 3403 354 3482 'non
386 3386 520 3481 potest
548 3371 696 3484 lingua.
754 3371 951 3478 Suppleat
978 3371 1110 3477 imago
1140 3375 1314 3470 mortua,
1342 3369 1454 3479 quod
1498 3398 1582 3449 non
1612 3371 1717 3451 valet
1758 3373 1853 3462 vina
1880 3377 1920 3452 8(
1949 3401 2059 3455 vera,

271 3485 444 3592 Syllabae
469 3480 671 3562 ¹fortunam
700 3500 875 3566 nostram
904 3482 1116 3580 nuncient,
1145 3487 1240 3592 quia
1253 3482 1416 3593 eloquia
1440 3483 1521 3560 oris
1535 3498 1764 3589 nequeunt:
1779 3481 1969 3574 desidero
1985 3515 2059 3566 vos

269 3595 417 3678 videre.
474 3594 554 3673 Pax
585 3593 796 3682 Christi&
824 3593 953 3696 gratia
983 3592 1059 3673 Dei
1087 3594 1295 3684 vobiscum
1322 3621 1488 3700 semper.
1546 3593 1685 3676 Saluto
1729 3594 1988 3703 Capelianos,
2022 3603 2061 3677 8(

268 3710 468 3800 Priorem,
497 3704 689 3788 domnum
723 3703 1010 3802 Gaucherium,
1040 3713 1080 3787 8(
1105 3705 1300 3792 domnum
1326 3704 1698 3796 Autisiodorensem
1727 3706 1987 3813 Episcopum,
2020 3713 2059 3792 &

267 3818 511 3926 Philippum,
526 3820 565 3896 8(
593 3840 731 3894 omnes
759 3815 905 3894 amicos
933 3831 1104 3902 nostros,
1132 3818 1286 3905 Valete.

219 4252 220 4258 i
271 4119 362 4268 80¹.
410 4143 449 4207 .·
696 4206 698 4210 ¹
991 4155 1424 4304 1178-—1182

343 4368 456 4448 'Abbot
482 4380 600 4442 Pinus
621 4378 632 4438 i
653 4375 744 4440 Remi
766 4374 936 4440 Skrifvelse
956 4376 1027 4443 med
1049 4377 1130 4446 Bisa
1157 4377 1276 4456 Foras,
1297 4375 1358 4439 och
1378 4375 1486 4483 ib'rord
1509 4375 1559 4438 stir
1577 4377 1702 4456 honour,
1724 4378 1773 4442 till
1793 4375 1977 4448 trie-atsi.
1991 4385 2064 4454 Aa·

266 4485 359 4531 sam
378 4468 391 4527 i
410 4461 511 4528 tund.
557 4499 580 4546 .'
1802 4537 1803 4540 Ἴ

1564 4543 1603 4606 K.
1621 4544 1649 4596 h.
1668 4558 1698 4596 a:
1716 4541 1776 4616 607.
1793 4557 1839 4599 nto
1860 4545 1915 4615 (54.

573 4676 875 4788 Arclziepiseopo
903 4678 1116 4778 tondensi,
1148 4679 1294 4763 Petrus
1322 4679 1459 4758 Abbas
1486 4677 1527 4758 S.
1556 4681 1744 4787 Remigij.

429 4822 585 4901 Gratias
613 4822 761 4903 diuinae
789 4823 942 4928 agimus
970 4823 1107 4928 gratiae
1135 4819 1323 4904 debono
1352 4821 1477 4903 odore
1505 4824 1735 4931 gratissimae
1763 4823 1877 4912 famae
1893 4843 2059 4932 vestrae;

156 5009 164 5026 ,
265 4935 378 5016 ouius
405 4949 487 5013 tam
515 4933 677 5041 copiosa
706 4929 908 5016 redundat
928 4931 1153 5032 affluentia,
1182 4951 1226 5014 vt
1254 4932 1371 5016 caelos
1399 4928 1605 5032 ascendat,
1635 4942 1672 5016 8(
1701 4953 1824 5016 terras
1853 4937 1971 5017 etiam
2011 4943 2061 5020 fi-

1831 5047 1998 5128 nitimas
