4398 5958
992 394 1099 518 ’..’..
1209 453 1307 549 432„
1397 495 1458 518 ...

356 672 553 784 primatiae
580 669 744 755 subesse
770 667 939 770 dicitur,
967 671 1124 754 nullum
1152 702 1227 782 ‘per
1255 675 1332 756 boc
1360 671 1639 780 pr'aeiudicium
1675 691 1889 782 generetur.
1934 679 2070 767 nomm

334 801 490 866 *nutem
519 783 733 866 iuramenti
760 783 874 894 quod
901 786 986 892 ipse
1014 787 1222 896 praestabit
1252 783 1304 865 de
1331 784 1470 866 verbo·
1492 783 1544 864 ad
1569 787 1742 868 uerbum
1771 788 1878 868 nobis
1919 817 1978 898 per
1999 779 2090 878 eiue'

354 893 447 976 dein
473 911 653 1002 petentes
678 895 836 977 litteras
863 921 938 974 suo
963 895 1097 1003 sigillo
1124 897 1305 1006 signatas
1328 921 1403 1006 per
1432 897 1606 1003 prr-imum
1620 900 1806 995 nuntium
1820 899 1959 980 studeas
1980 931 2071 1011 quan·

231 1087 236 1100 ,
352 1021 399 1088 to
426 1006 545 1088 citius
573 1005 787 1089 destinare.
819 1007 966 1088 Datum
995 1023 1040 1100 rt
1068 1009 1112 1088 in
1140 1007 1337 1119 proxima.

336 1261 491 1420 '582
986 1327 1137 1457 1274
1184 1307 1232 1416 d.
1282 1350 1352 1428 22
1400 1314 1533 1458 Aug.
1991 1313 2074 1418 Ast

282 1569 289 1585 ·
423 1535 471 1594 ¹B.
493 1533 655 1598 Marrsons
676 1533 854 1598 thvohref
868 1535 906 1596 cs
922 1532 1073 1597 Orlundir
1093 1533 1141 1596 till
1163 1530 1237 1611 sko,
1259 1531 1399 1614 Sigtuna,
1422 1531 1591 1616 Risabergn
1612 1487 1673 1594 och
1700 1531 2031 1667 Sfidelffblnffslkglgsstl'

520 1753 728 1835 Vniuersis
755 1751 894 1832 christi
927 1749 1116 1830 fidelibus
1150 1748 1202 1829 ad
1244 1775 1347 1860 quos
1391 1776 1555 1857 presens
1600 1751 1797 1858 scriptum
1828 1750 2070 1858 perueneritll

352 1859 504 1945 mathei
528 1862 736 1974 quondam
764 1861 870 1942 filius
895 1861 949 1944 dc
976 1861 1072 1957 Ast,
1101 1858 1274 1941 Salutem
1292 1863 1333 1940 in
1349 1859 1516 1940 domino
1530 1859 1644 1942 ihesu
1659 1862 1823 1954 christu,
1852 1862 2022 1962 Quoniam
2032 1888 2077 1938 va·

352 1975 406 2083 rij
439 1991 536 2056 sunt
563 1973 736 2056 humane
764 1965 993 2082 fragilitatis
1035 1987 1205 2054 euentus
1239 1989 1279 2052 ct
1307 1973 1502 2052 terminus
1530 1973 1670 2054 mortis
1698 1972 1883 2053 omnibus
1916 1988 1966 2050 est
1989 1972 2078 2051 inrer-
2141 2041 2142 2044 a

349 2090 436 2182 tus,
464 2113 623 2168 necesse
652 2101 711 2165 est
740 2083 885 2166 dubios
913 2111 1028 2164 casus
1056 2083 1174 2163 certis
1206 2083 1436 2162 racionihus
1464 2085 1689 2190 preuenire.
1720 2083 1969 2163 Vniuersitati
1993 2082 2077 2188 igitur

289 2219 293 2226 '
351 2211 482 2281 vestre
510 2194 674 2277 declaro
700 2212 840 2277 tenore
876 2195 1127 2301 presencium
1156 2221 1218 2274 me
1245 2221 1336 2272 cum
1366 2193 1513 2273 dilecta
1547 2220 1673 2274 vxore
1701 2223 1790 2274 mea
1823 2195 1954 2288 Lucia,
1989 2218 2079 2300 quea

352 2308 476 2418 longo
504 2327 685 2416 tempore
713 2307 905 2387 continue
935 2302 1155 2384 debilitatis
1184 2305 1415 2413 grauamine
1443 2304 1577 2384 fueret
1608 2321 1816 2386 attenuata
1850 2307 2005 2386 nesciens
2025 2319 2078 2378 ter·

350 2421 504 2500 minum
532 2419 614 2499 vite
641 2444 725 2513 sue,
753 2417 804 2499 de
832 2416 950 2496 bonis
978 2414 1096 2496 nobis
1125 2444 1173 2496 cx
1202 2417 1334 2523 gracia
1374 2413 1527 2494 domini
1571 2417 1646 2496 mei
1681 2415 1847 2498 illustris
1874 2417 1979 2522 Regis
2001 2411 2079 2492 Wal-
2141 2407 2142 2500 ξ

350 2529 502 2612 deniari
530 2535 754 2638 assignante
784 2523 1053 2636 possidendis»,
1089 2555 1166 2635 pro
1195 2528 1280 2633 ipsa
1310 2528 1352 2605 in
1382 2541 1624 2606 testamento
1666 2556 1787 2606 vnem
1823 2529 2033 2606 mansionem
2053 2523 2080 2598 ir

347 2641 524 2750 organa
549 2668 628 2748 quc
656 2654 826 2718 vocatur
863 2633 1062 2716 Orlundir
1096 2638 1279 2746 quinque
1324 2651 1516 2745 attungos
1550 2637 1626 2716 sub
1656 2667 1697 2718 se
1727 2640 2078 2742 continentemque

326 2779 441 2832 ,rum
468 2748 641 2861 quilibet
676 2750 782 2830 valet
815 2749 1112 2859 quinquaginta
1141 2769 1294 2827 marcas
1322 2747 1584 2828 denariorum
1612 2750 1653 2829 in
1683 2777 1850 2828 suorum
1867 2748 2078 2828 remissionem

349 2877 607 2972 peccatorum
651 2856 980 2968 quandocunque
1024 2857 1210 2939 dominus
1253 2885 1339 2938 eam
1375 2886 1423 2939 ex
1451 2857 1530 2938 hoc
1572 2859 1708 2941 seculo
1752 2861 1952 2941 torruerit
1985 2857 2077 2936 taliter

348 2973 567 3068 ordinasse,
594 2967 697 3051 Tres
724 2976 926 3096 Attungos
954 2969 1162 3050 sororibus
1190 2971 1232 3049 in
1261 2969 1339 3049 Sco
1375 2966 1482 3076 apud
1511 2997 1614 3078 quas
1643 2970 1755 3079 eligit
1785 2971 2019 3080 sepulturam,
2040 2967 2077 3043 [te

348 3081 514 3192 reliquis
542 3097 673 3163 antem
702 3079 864 3163 duobus
891 3079 1084 3160 fratribus
1112 3078 1431 3190 predicatoribus
1460 3079 1502 3158 in
1523 3079 1702 3162 Sictunia
1721 3083 1870 3191 viginti
1898 3075 2079 3160 marcasde

219 3253 226 3278 t
346 3193 572 3289 uariorum,
607 3188 824 3274 Sororibus
856 3193 899 3270 in
927 3192 1209 3300 Risiberghum
1243 3189 1377 3272 decem
1423 3217 1575 3273 marcas
1618 3193 1896 3296 denariorum,
1925 3188 2080 3274 Fratribus

346 3305 572 3390 minoribus
599 3305 642 3384 in
670 3303 940 3410 Suthurcopia
969 3301 1107 3383 decem
1136 3329 1287 3382 marcas
1317 3299 1584 3382 denariorum.
1638 3305 1790 3384 Datum
1834 3331 1937 3384 anno
1963 3298 2081 3384 donini·

345 3411 762 3516 Mf.CC⁰.LXX⁰lIII·.
783 3413 835 3491 ln
863 3430 1007 3494 octaua
1029 3412 1316 3522 assumpcionis
1344 3411 1460 3492 beate
1475 3414 1641 3521 virginis
1657 3417 1708 3494 ln
1724 3419 1931 3497 mansione
1955 3412 2027 3496 Asi.
2049 3409 2064 3483 l

344 3527 458 3610 cuius
473 3523 583 3607 *faeti
610 3523 902 3605 firmamentum
931 3525 1059 3633 sigilla
1089 3526 1251 3608 Domini
1280 3525 1356 3604 mei
1387 3523 1505 3631 Regis
1533 3540 1572 3605 et
1601 3527 1763 3632 meini
1780 3527 1904 3610 Ducis
1927 3557 1966 3609 ac
1990 3544 2081 3604 maun

298 3745 301 3756 Α
345 3639 523 3754 presenti
551 3637 698 3747 pagine
726 3651 820 3715 sunt
848 3663 1035 3745 appensa.
1777 3665 1785 3682 ·

454 3785 458 3794 '
708 3774 836 3858 Sigillen
857 3775 1042 3852 bortsallna3
1064 3777 1142 3839 ester
1163 3775 1201 3838 de
1223 3791 1292 3838 atne
1318 3775 1412 3839 idrsta
1433 3783 1486 3836 'ero
1507 3795 1664 3837 remsorna
1685 3798 1770 3860 qvar.
1884 3775 1890 3788 '

331 4009 480 4158 Ι583.
967 4023 1118 4149 1274
1164 4005 1214 4112 d.
1269 4043 1332 4149 17
1382 4005 1521 4158 Sept
1574 4102 1577 4108 .
1965 4008 2083 4153 Lym.

427 4231 518 4296 Pafv.
538 4183 714 4296 Gnsoonrus
734 4233 790 4294 tht
810 4229 978 4310 beselining
999 4228 1046 4290 till
1068 4217 1318 4313 ,lude-Bisiopen
1339 4229 1349 4288 i
1369 4227 1488 4312 Upsala
1511 4209 1598 4292 echss
1611 4231 1678 4295 dest
1698 4222 2083 4317 Lyd-Bislopa1·‚atte't1l¹'t¹

475 4337 518 4376 nu
537 4313 644 4376 halma
663 4313 864 4396 kyrkomiites
883 4313 984 4376 beslut
1004 4331 1163 4396 uppmana
1184 4311 1297 4373 Ponet
1318 4311 1364 4373 till
1386 4313 1528 4394 tor-stag,
1550 4311 1621 4376 med
1652 4315 1869 4378 besrtmmetse
1890 4315 1927 4378 af
1943 4308 2084 4376 Femina,

473 4419 540 4460 som
561 4395 893 4474 derliire'utlofvadea,
914 4404 994 4457 sumt
1014 4413 1067 4456 om
1088 4387 1308 4457 innehlllnnde
1328 4393 1367 4456 af
1382 4394 1486 4458 tionde
1507 4395 1567 4458 och
1589 4417 1691 4458 aunan
1716 4394 1801 4482 hjelp
1830 4398 1878 4460 till
1900 4399 1979 4460 detta
1997 4394 2085 4462 so'rtfll·

1844 4511 1994 4569 Korba·

449 4657 467 4758 J
504 4647 726 4756 Gregorius
748 4641 873 4756 ‘Papa
896 4633 908 4652 ‘'
921 4646 1102 4726 Decimus
1144 4647 1311 4726 Falconi
1350 4646 1560 4756 Vpsalensi
1593 4645 1917 4762 Arclra'cpa'scopo‚
1958 4645 2006 4728 Et
2028 4641 2089 4718 vll·

538 4766 662 4839 uersir
688 4756 896 4870 Episcopis
922 4785 1004 4838 sure
1033 4757 1272 4836 Prouinrr‘ae.

504 4895 548 4978 Si
575 4915 727 4980 mentes
755 4895 934 4979 fidelium
963 4893 1133 4979 terrenis
1161 4893 1356 4978 abdicatis
1384 4895 1581 4981 illecebris
1601 4870 2091 4984 recolendis-immersione

340 5007 491 5090 nefieiis
519 5009 648 5090 nostri
676 5006 958 5120 Redemptoris
985 5003 1259 5128 intenderent,
1287 5007 1320 5090 si
1348 5037 1393 5092 ea
1422 5008 1572 5093 coelesti
1602 5009 1752 5094 lumine
1781 5012 2004 5126 illustrante
2026 5001 2089 5088 dili·

1772 5186 1785 5222 5
