4406 5966
1009 509 1070 534 ··
1152 490 1259 571 ¹720
1340 482 1452 552 ,-·

319 699 453 814 868.
1023 695 1431 844 1275-1278.

398 922 480 988 Bisk.
500 917 593 984 Earcs
614 917 676 984 och
688 895 975 1008 'Doumapiueui
996 917 1097 984 Siara
1116 921 1309 988 Vidimation
1330 921 1368 982 af
1383 919 1474 985 Pon.
1493 919 1668 984 encoma
1689 919 1745 986 th
1764 917 1865 984 Bulla.

976 1063 980 1070 ·
1797 1033 1970 1106 &adm

482 1167 693 1255 Uniuersis
720 1169 1077 1254 christifidelibus
1104 1197 1269 1282 presens
1296 1173 1493 1281 scriptum
1520 1170 1775 1281 jntueutibus
1808 1175 1943 1255 Ericus
1966 1172 2053 1260 diuina

316 1287 589 1370 miseracione.
616 1285 819 1367 Searensis
847 1286 1070 1394 episcopus.
1100 1283 1330 1395 Totumque
1350 1285 1581 1392 ,capitulum
1599 1337 1603 1343 -
1623 1285 1910 1368 canonicorum
1934 1283 2059 1370 euleu

292 1399 433 1481 sedis.
462 1397 641 1479 Salutem
669 1397 714 1476 in
741 1393 905 1478 domino
934 1397 1229 1504 sempiternam.
1257 1396 1465 1482 Noueritis
1487 1395 1641 1506 scripto
1657 1395 1836 1506 presenti
1865 1424 1935 1480 nos
1958 1395 2062 1481 uidim

314 1519 354 1592 8(
382 1507 433 1590 de
461 1510 592 1592 uerbo
619 1504 673 1588 ad
700 1507 872 1587 uerbum
908 1504 1122 1618 diligenter
1169 1509 1388 1622 inspexisse
1417 1507 1591 1589 Litteras
1620 1505 1775 1591 domini
1802 1536 1909 1618 pape
1946 1508 2067 1592 inferius

316 1635 547 1719 annotatas,
575 1646 659 1700 non
688 1617 937 1700 cancellatas.
966 1647 1052 1700 uon
1079 1619 1263 1706 abolitas.
1292 1621 1438 1700 necin
1467 1619 1602 1730 aliqua
1629 1621 1692 1700 sui
1714 1635 1830 1731 parte
1859 1620 2068 1704 uiciatassub

316 1737 413 1813 uera
442 1732 555 1813 bulla
584 1735 624 1810 &
650 1727 720 1810 filo
747 1731 920 1838 integro.
954 1759 1128 1842 quarum
1153 1749 1275 1846 ,tenor
1302 1730 1392 1813 talis
1421 1724 1492 1812 est.
1522 1731 1743 1841 Gregorius
1758 1737 1834 1814 &e
1863 1762 1902 1814 se
1917 1733 1987 1813 Nso
2004 1734 2068 1838 590.

315 1847 367 1924 Jn
395 1843 515 1927 huius
542 1845 602 1924 rei
630 1842 902 1924 testimonium
929 1843 1059 1952 sigilla
1087 1859 1227 1924 nostra
1253 1842 1510 1955 presentibus
1537 1842 1727 1927 duximus
1754 1841 1993 1958 apponenda.

813 1981 900 2046 esda
922 1981 1049 2068 Sigilleu
1071 1983 1256 2065 bortsallna,
1278 1982 1508 2051 buneuidaruc
1528 2003 1615 2069 qvar.

319 2349 450 2498 869.
983 2351 1426 2500 ·1275-41290.

397 2559 479 2635 Kon.
500 2569 632 2635 Macros
654 2569 693 2636 Its
713 2571 792 2636 Bref
807 2571 856 2637 till
876 2569 1079 2654 Hclsingarne
1099 2593 1151 2635 om
1172 2594 1234 2658 nya
1278 2569 1425 2653 'rderna,
1445 2570 1507 2638 och
1527 2595 1580 2638 om
1599 2571 1715 2639 banea
1735 2575 1746 2637 i
1766 2569 2000 2655 ntgmdeluat
2007 2570 2078 2640 tta

447 2665 498 2717 att*
523 2654 665 2719 vditiden
684 2655 792 2720 utliua
812 2657 904 2736 loru,
924 2675 991 2718 som
1012 2655 1185 2720 bdstetiden
1205 2657 1239 2721 sk
1287 2677 1304 2720 e
1324 2657 1444 2720 betulas
1463 2655 1536 2722 med
1557 2657 1624 2724 ma
1644 2656 1769 2742 mycket
1790 2655 1883 2721 hvete
1902 2657 1975 2720 cllcr
1991 2655 2045 2739 rig.

1768 2768 1977 2842 Amant

480 2873 653 2956 Mutuus
669 2871 735 2955 dei
749 2873 884 2984 gracia
901 2873 1111 2956 chorum
1126 2873 1440 2987 Gothorumque
1461 2901 1546 2958 rex.
1560 2873 1772 2960 Vniuersis
1786 2901 1835 2956 ac
1848 2874 2005 2986 singulis
2016 2871 2080 2954 bel·

313 2989 485 3112 singiam
511 2983 809 3090 habitantibus,
839 3002 1044 3096 presentes
1072 2985 1228 3076 litteras
1255 2987 1401 3070 visuris
1427 2987 1492 3086 vel
1520 2983 1736 3088 audituris,
1764 2986 1931 3070 salutem
1956 2985 1997 3066 in
2031 2983 2079 3090 dej

313 3099 398 3180 filio
426 3097 541 3178 ihesu
568 3095 733 3178 cbristo.
777 3097 955 3208 Dignum
983 3097 1173 3210 equidem
1201 3123 1287 3182 esse
1314 3097 1556 3199 dinoscitur,
1586 3100 1637 3183 de
1664 3100 1840 3210 receptis
1879 3095 2082 3179 curialitati·

312 3209 412 3308 bus,
440 3206 649 3289 laboribus
678 3211 719 3288 &
746 3207 968 3319 obsequiis,
996 3236 1049 3301 ne
1077 3207 1382 3320 ingratitudinis
1410 3229 1508 3293 nota
1533 3227 1768 3307 censeatur,
1796 3209 1938 3292 saltem
1962 3207 2083 3317 gratia·

178 3333 179 3341 '
274 3381 278 3388 ,
311 3347 405 3403 rum
432 3315 780 3408 vicissitudinibus
808 3318 1063 3439 respondere.
1104 3326 1185 3416 Pro
1199 3319 1449 3416 ,obediencia
1490 3323 1616 3432 igitur
1642 3327 1684 3412 ,sst
1709 3321 1931 3432 obsequio,
1968 3317 2082 3399 fauore

313 3437 354 3512 δι
382 3428 491 3513 fideli
520 3429 693 3516 seruioio
722 3430 842 3512 uobis
868 3447 1052 3543 ‚tempore
1081 3433 1197 3544 regni
1225 3457 1248 3512 a
1276 3430 1354 3524 deo
1382 3433 1507 3530 nobis
1534 3434 1732 3540 concessi,
1754 3431 1945 3536 ‚fideliter
1968 3434 2002 3514 .&
2022 3428 2084 3510 ho·

313 3545 486 3624 maniter
512 3539 725 3640 exhibitis,
751 3541 869 3630 robis
896 3543 1085 3626 omnibus
1111 3546 1400 3655 cuiuscumque
1425 3546 1514 3638 sitis
1541 3543 1770 3655 dignitatis,
1797 3560 1947 3641 status,
1967 3536 2081 3622 condi·

312 3653 442 3736 cionis
468 3651 533 3732 vel
561 3649 735 3751 ordinis,
762 3679 812 3732 ex
839 3653 985 3744 intimo
1011 3652 1136 3744 corde
1169 3657 1390 3765 gratiarum
1419 3653 1632 3749 referimus
1660 3657 1853 3748 actiones.
1909 3655 2084 3742 lloueutes

313 3763 531 3846 instantius
558 3760 903 3873 affectuosiusque
930 3781 1139 3875 rogantes,
1169 3767 1374 3870 Quatinus
1400 3767 1481 3860 hoc
1502 3767 1610 3861 idem
1623 3764 1830 3862 fidelitatis
1860 3770 1903 3851 sc
1927 3757 2085 3873 obsequii

313 3873 544 3970 vinculum,
573 3900 669 3984 erga
697 3873 887 3968 dilectam
914 3903 1080 3960 uxorem
1121 3869 1302 3972 nostram
1329 3883 1371 3971 βε
1398 3877 1576 3990 prolem,
1617 3879 1652 3959 si
1709 3877 1768 3960 uli
1809 3877 1941 3970 ,velitis
1966 3877 2014 3962 in.
2030 3897 2089 3985 po·

313 4004 464 4068 storum
494 3985 662 4072 firmiter
689 3991 729 4069 &
756 3982 1048 4082 inuiolabiliter
1081 3988 1310 4082 obseruare.
1347 3991 1539 4083 ‚Ceterum
1564 3989 1680 4102 siqu(
1731 3987 1947 4085 commode
1970 3995 2008 4074 a
2029 3985 2092 4066 vti·

314 4101 407 4182 liter
435 4122 480 4179 er
508 4124 532 4177 a
559 4121 633 4184 vos
660 4098 705 4179 in
732 4095 876 4196 diebus
904 4095 1053 4182 nostris
1079 4116 1238 4210 gestum
1263 4117 1344 4206 est,
1371 4101 1415 4197 id
1440 4105 1636 4199 ‚reuocare
1650 4091 1784 4194 ,velitis
1801 4100 1859 4194 ad
1875 4100 2092 4198 memoriam,

313 4205 448 4322 siquid
478 4125 627 4290 dictum
654 4207 789 4298 iuerat
810 4211 859 4305 ¹,in
886 4211 1156 4312 contrarium,
1179 4239 1232 4294 ex
1261 4211 1384 4303 corde
1427 4216 1590 4324 penitus
1629 4211 1893 4310 dimittentes
1942 4207 2093 4296 Proinde

195 4407 200 4416 ,
314 4339 454 4433 patere
481 4318 668 4409 volumus
696 4323 911 4422 rmuetsis,
946 4323 1072 4428 Quod
1099 4350 1151 4405 ne
1180 4321 1420 4424 videremur,
1438 4327 1481 4407 in
1508 4327 1624 4435 regni
1652 4326 1848 4436 regimine
1876 4354 1902 4418 a
1930 4320 2095 4437 progeni

314 4433 476 4515 toribus
502 4433 652 4514 nostris
677 4435 721 4516 ἃ
753 4433 1105 4554 predecessoribus
1146 4429 1383 4535 notabiliter
1423 4433 1611 4548 deficere,
1638 4431 1703 4533 set'
1729 4455 1775 4531 rt
1806 4435 2096 4548 procederemus

313 4545 421 4638 sicut
446 4561 681 4634 consuetum
708 4561 770 4636 est
797 4550 838 4638 ,81
864 4545 1079 4628 honestum
1113 4547 1313 4646 maiestati
1339 4549 1463 4661 regie,
1489 4574 1565 4630 nco
1589 4548 1646 4642 ,ad
1671 4547 1753 4646 boc
1779 4545 1905 4642 nobis
1945 4569 2097 4660 expense

316 4656 488 4768 proprie
514 4653 808 4768 suppetebant,
836 4672 922 4748 tum
950 4658 1047 4768 quia
1074 4685 1246 4770 regnum
1274 4672 1320 4752 rt
1345 4659 1477 4772 ,liquet
1500 4659 1705 4758 omnibus,
1733 4661 1778 4756 in
1806 4687 1978 4771 guerra,
2017 4676 2097 4740 tem·

199 4807 209 4816 ·
315 4780 493 4879 pestate,
521 4765 827 4880 deuastacione,
853 4773 897 4864 ,dt
917 4765 1177 4868 'desolpoione
1204 4783 1388 4881 magna,
1422 4771 1542 4870 uibus
1584 4773 1705 4870 etiam
1730 4769 1956 4866 succubuit
1995 4770 2099 4878 longo

316 4895 409 4988 post
435 4892 618 4989 tempore
643 4882 911 4991 suscepimus,
928 4895 1026 4976 tum
1054 4882 1150 4993 quia
1179 4881 1305 4974 nichil
1330 4881 1407 4974 ‚dc'
1443 4884 1493 4996 ijs
1516 4884 1772 4995 optinuimus
1788 4911 1882 4996 ,que
1912 4897 2098 4996 paterno*
2171 4937 2173 4972 ;

1833 5009 1922 5082 ster

2058 935 2064 948 ·
2169 927 2173 1072 l
