4384 5946
797 369 1257 492 ..ψ-η

14 633 20 648 ·
93 603 541 718 cistcatoriamsoederis
547 606 771 718 pactionem
780 666 791 703 ‚
801 608 1067 718 presentibus
1082 613 1286 713 utriusque
1304 605 1459 712 Regum
1480 601 1675 710 legiferis,
1694 607 1887 709 laitquam

94 723 326 815 senioribus,
346 724 558 830 primariis
584 718 774 799 nobilibus
801 721 1033 827 Regnorum
1061 724 1099 797 8(
1126 735 1326 796 terraram
1351 720 1731 825 prenominatorum
1774 715 1889 790 mini·

95 840 204 928 stris,
227 833 363 938 juata
394 834 619 934 contentum
638 837 782 908 tenoris
812 831 1062 910 instrumenti
1084 833 1263 936 superius
1289 827 1409 906 eliciti
1414 881 1425 920 ,
1457 825 1528 904 lioc
1550 852 1654 906 anno
1693 827 1885 930 ligatura,

96 950 250 1025 virtute
278 943 420 1021 liarum
449 937 659 1020 literarum
685 959 930 1034 nostrarum,
962 938 1276 1029 corroboratam,
1301 937 1595 1046 perpetualiter
1616 951 1770 1014 sartam
1777 991 1788 1028 ,
1822 959 1890 1008 ra·

96 1075 199 1150 tam,
231 1057 271 1130 8(
299 1059 500 1132 immotam
527 1071 655 1144 stare,
683 1077 948 1158 necunquam
977 1054 1138 1127 irritum
1155 1048 1275 1152 fieri,
1289 1045 1477 1153 jubemus
1505 1053 1624 1152 atque
1647 1046 1892 1125 mandamus.

97 1165 250 1272 Siquis
277 1181 411 1242 autem
439 1189 542 1238 nunc
568 1175 643 1239 coit
671 1167 712 1238 in
729 1165 945 1262 ficturum,
975 1178 1117 1239 contra
1143 1157 1265 1264 liujus
1292 1176 1437 1235 nostra
1466 1153 1718 1234 auctoritatis
1760 1157 1891 1263 privi-

96 1277 262 1380 legium,
300 1277 339 1350 8(
368 1272 471 1352 lianc
499 1291 645 1350 nostroe
672 1271 980 1374 confirmationis
1001 1276 1217 1380 paginam,
1250 1273 1308 1345 irc
1360 1269 1429 1346 orel
1468 1271 1605 1366 venire
1648 1272 1887 1358 tentaverit,

97 1391 135 1464 8(
177 1403 332 1492 quoquo
360 1381 492 1475 mod0,
524 1387 566 1460 in
586 1399 706 1489 parte
733 1383 802 1460 oel
828 1389 868 1460 in
897 1399 1002 1474 tota,
1023 1387 1230 1484 frangere
1261 1384 1368 1457 nisus
1384 1382 1545 1478 suerit,
1574 1381 1626 1470 is,
1658 1381 1816 1455 etiamsi
1840 1381 1891 1455 sit

98 1497 336 1604 Apostolicae
364 1493 571 1596 dignitatis
592 1519 784 1599 persono,
815 1521 893 1570 non
921 1493 1044 1570 solum
1071 1490 1383 1596 indignationem
1410 1491 1685 1596 omnipotentie
1713 1485 1811 1580 Dei,
1853 1488 1894 1562 8(

98 1604 303 1684 beatorum
331 1605 447 1682 Petri
473 1605 513 1678 8(
543 1603 668 1681 Pauli
694 1605 969 1709 Apostolorum
996 1600 1084 1705 epus
1112 1629 1151 1677 se
1178 1603 1336 1678 noverit
1359 1605 1633 1692 incursurum,
1664 1598 1735 1700 sed
1774 1603 1896 1677 etiam

98 1734 252 1796 aterna
279 1717 693 1806 excommunicatione,
722 1740 809 1790 cnm
830 1713 939 1791 lude
973 1713 1168 1790 traditore
1211 1713 1391 1802 Domini,
1428 1714 1673 1816 periturum,
1715 1711 1793 1788 nisi
1831 1735 1894 1786 re·

99 1829 272 1934 sipiseat.
330 1822 377 1902 Si
403 1851 501 1900 vcro
526 1849 603 1900 mos
621 1821 734 1927 jam,
766 1851 854 1904 cum
875 1828 1048 1932 posteris
1076 1826 1224 1900 vestris
1252 1822 1363 1913 olim,
1390 1819 1522 1914 nobis,
1554 1827 1631 1898 imo
1660 1819 1776 1898 beato
1817 1819 1897 1898 Pe·

99 1953 182 2030 tro,
214 1941 258 2012 in
285 1933 346 2012 liis
374 1933 589 2012 obedientes
605 1936 780 2030 fueritis
807 1939 927 2028 (sicut
954 1933 1002 2010 dc
1031 1932 1404 2036 elenzentiafdioina
1430 1930 1681 2034 confidimus)
1705 1933 1744 2006 8(
1752 1955 1896 2038 pecca·

99 2066 230 2126 torum
272 2061 497 2123 aestrorum
538 2047 710 2139 ueniam,
758 2047 800 2148 8(
845 2045 1112 2150 Apostolicam
1159 2042 1457 2121 benedictionem
1491 2047 1676 2150 poteritis
1704 2046 1895 2130 invenire.

102 2158 186 2236 lma
213 2158 365 2242 cunctis
393 2153 477 2230 liceo
504 2169 682 2247 statuta,
713 2181 741 2230 a
767 2151 875 2231 nobis
904 2153 1139 2254 confirmata
1169 2158 1207 2232 8(
1235 2153 1422 2232 roborata
1448 2153 1716 2247 servantibus,
1747 2157 1799 2230 sit
1804 2179 1898 2260 pau

101 2269 266 2348 Domini
287 2269 430 2342 nostri
468 2263 561 2341 Jesu
603 2263 767 2357 Christi,
814 2281 1007 2370 quatenus
1035 2268 1073 2340 8(
1102 2263 1165 2340 liic
1180 2267 1372 2356 fructum
1399 2260 1510 2340 bona
1539 2268 1705 2343 actionis
1726 2267 1896 2372 percipi·

100 2395 191 2470 ant,
224 2393 262 2452 et
288 2373 400 2483 apud
429 2372 650 2452 districtum
663 2373 862 2479 judicem,
892 2379 1063 2484 proemia
1090 2391 1252 2452 (eterna
1272 2379 1388 2483 pacis
1412 2378 1632 2452 inueniant.
1689 2371 1771 2452 Sed
1803 2377 1899 2478 quia

102 2517 175 2567 νο(
199 2483 335 2564 adbuc
368 2491 409 2564 in
435 2483 526 2586 fide
568 2483 686 2562 rudes
722 2489 911 2578 existitis,
960 2487 999 2562 8(
1043 2490 1083 2562 in
1124 2487 1386 2563 ecelesiastica
1411 2483 1620 2591 disciplina
1646 2483 1898 2594 quodammo-

101 2598 153 2676 do
181 2595 436 2689 claudicatis,
469 2611 622 2702 oportet
649 2622 739 2688 nos,
767 2599 834 2673 cui
858 2599 978 2674 totius
1005 2596 1174 2674 ecelesia
1200 2593 1441 2674 Cleristianee
1468 2599 1712 2673 commissum
1740 2611 1798 2672 est
1835 2623 1897 2674 re·

102 2713 253 2814 garten,
305 2705 468 2800 Divinis
509 2705 859 2800 admonitionibus,
892 2709 1153 2813 frequentius
1192 2734 1267 2784 mos
1304 2704 1470 2814 postliac
1497 2709 1683 2799 visitare,
1713 2711 1898 2811 quamvis

100 2816 327 2921 difficulter
375 2815 446 2893 lioe
480 2841 603 2918 agere
643 2817 868 2909 valeamus,
921 2819 960 2896 8(
1002 2807 1169 2926 propter
1195 2816 1357 2920 longam
1391 2833 1591 2894 terrarum
1618 2814 1898 2923 intercarpedi'-

1 3012 3 3029 ,
101 2956 209 3020 neni,
256 2954 336 3044 qua
374 2953 401 3003 a
442 2923 551 3003 nobis
578 2925 751 3020 distatis,
786 2931 881 3033 quia
908 2931 1159 3006 remotissimi
1185 2930 1293 3018 estis,
1326 2929 1365 3002 8(
1396 2929 1569 3006 manime
1590 2945 1758 3036 propter
1784 2932 1898 3030 igno·
1992 2933 1994 2940 '

2 3033 5 3122 ζ
103 3055 169 3117 tas
196 3039 359 3140 linguas
386 3055 545 3114 oestrus
572 3036 704 3130 nabin·
731 3039 811 3114 Vos
839 3041 973 3146 itaque
1002 3043 1052 3116 A.
1086 3041 1126 3114 8(
1154 3034 1195 3114 S.
1199 3035 1288 3139 filii
1299 3038 1507 3130 karissimi,
1525 3037 1665 3144 quibus
1684 3063 1900 3142 regnorum

3 3135 5 3184 f
101 3173 243 3228 curam
270 3150 312 3222 8(
338 3143 601 3247 defensionem
629 3137 946 3226 Christianitatis
964 3147 1224 3256 providentia
1254 3148 1430 3240 Diome,
1454 3147 1510 3226 ael
1516 3167 1676 3257 partem
1688 3153 1896 3243 commisit,

4 3283 5 3290 ’
85 3260 346 3344 .auctoritete
374 3259 648 3366 Apostolorum
675 3259 793 3336 Petri
819 3261 858 3336 8(
886 3259 1029 3353 Pauli,
1054 3275 1225 3366 paterno
1254 3257 1504 3337 admonemus
1531 3261 1710 3360 affeetu,
1742 3277 1788 3337 iit
1823 3285 1900 3338 non

102 3370 229 3448 solum
257 3368 667 3446 excellentissimorum
695 3385 910 3475 parentum
946 3387 1199 3462 vestrorum,
1235 3367 1415 3473 jamjam
1457 3369 1558 3447 bona
1586 3384 1781 3448 senectute
1810 3397 1902 3448 con-
1990 3415 1997 3428 ·

92 3485 303 3580 sectorum
348 3479 496 3584 Regias
534 3477 769 3585 molientes,
803 3483 845 3556 8(
872 3481 1049 3558 uirtutes
1077 3475 1264 3586 egregias
1291 3483 1458 3574 imitari,
1489 3479 1704 3560 sedetiam
1724 3499 1770 3558 ut
1798 3509 1900 3560 com·

102 3593 226 3668 missa
253 3585 365 3666 uobis
392 3593 433 3665 in
449 3589 647 3690 saturum
675 3589 855 3668 totaliter
878 3617 1011 3694 regna
1017 3647 1029 3684 ,
1062 3595 1104 3672 in
1131 3589 1349 3668 concordia
1366 3587 1616 3696 justitiaque
1644 3591 1825 3672 custodia
1840 3591 1900 3670 di-

102 3703 254 3806 rigatis
282 3717 401 3805 atque
428 3695 664 3806 disponatis;
692 3727 740 3776 oe
764 3703 827 3781 ita
854 3702 964 3776 circa
990 3697 1184 3804 subjectos
1208 3705 1320 3807 pacis
1338 3697 1447 3802 jura
1475 3703 1514 3778 8(
1542 3707 1741 3807 aequitatis
1754 3702 1900 3782 discre-

102 3817 248 3890 tionem
277 3837 440 3886 servare
468 3814 572 3886 inter
601 3828 746 3888 catera
773 3813 972 3890 virtutum
999 3811 1134 3889 studia
1155 3814 1365 3912 satagetis,
1382 3829 1661 3920 quatenusper
1673 3812 1901 3922 temporalis

103 3921 310 4026 regiminis
337 3919 635 3997 sollicitudinem
677 3924 908 3998 mereamini
955 3925 1189 4004 aternitatis
1229 3925 1431 4028 percipere
1473 3929 1734 4002 securitatem.
1790 3926 1901 4006 Deus

12 4033 13 4036 ’
100 4033 366 4137 omnipotens,
399 4033 469 4136 qui
495 4029 608 4107 dives
636 4035 674 4109 8(
703 4035 877 4137 copiosus
904 4046 964 4108 est
1007 4035 1048 4109 i'n
1089 4029 1370 4130 misericordia,
1402 4035 1565 4125 meritis,
1597 4036 1636 4110 8(
1664 4038 1902 4111 auctoritate

103 4142 383 4251 Apostolorum
414 4142 534 4220 Petri
559 4143 599 4216 8(
628 4141 764 4235 Pauli,
797 4143 836 4218 8(
862 4160 1001 4221 nostra
1023 4169 1098 4250 per
1125 4142 1212 4220 illos
1238 4141 1367 4236 nobis,
1381 4141 1671 4250 licetindignis,
1691 4143 1902 4221 Divinitus

14 4267 15 4274 ’
104 4278 298 4346 concessa,
314 4249 503 4330 absolvat
518 4277 593 4327 uos
614 4253 653 4328 8(
667 4251 947 4355 omncsfideles
960 4265 1116 4330 uestros
1131 4252 1180 4330 ab
1195 4251 1373 4332 omnibns
1384 4258 1560 4360 peccatis
1574 4258 1731 4346 vestris,
1748 4253 1786 4328 8(
1801 4251 1900 4330 diri·

102 4383 180 4469 get
224 4391 299 4440 vos
342 4365 384 4440 in
418 4388 568 4439 monem
602 4365 812 4440 ueritatem
842 4365 882 4439 8(
909 4365 1155 4454 voluntatem
1182 4391 1312 4458 suom,
1342 4381 1390 4442 ut
1417 4370 1459 4460 in
1485 4362 1562 4442 liae
1588 4363 1678 4442 uita
1705 4391 1779 4442 vos
1802 4389 1922 4470 pro·.
1969 4407 1977 4416 ·

100 4477 252 4552 mereri
265 4475 427 4582 saciat,
453 4471 562 4578 quod
582 4475 629 4548 in
654 4490 808 4580 aterna
835 4471 1095 4567 beatitudine,
1125 4475 1395 4582 midtipliciter
1421 4472 1896 4566 macedonistarum,

102 4582 316 4663 retribuat.
373 4581 510 4658 Amen.
568 4579 625 4660 Et
652 4598 698 4662 ut
725 4581 798 4662 lioc
825 4587 1077 4664 auctoritatis
1101 4603 1249 4663 nostrie
1267 4585 1501 4693 Apostolicec
1515 4583 1897 4687 statutumstrminn,
2002 4661 2008 4670 ,

102 4711 258 4786 ratum,
274 4707 314 4770 et
343 4691 613 4770 inconvulsum
636 4703 882 4801 perma‘ncat,
914 4694 985 4774 lioc
1013 4700 1315 4774 instrumentum
1343 4693 1601 4803 Epistolieum
1629 4696 1818 4775 conscribi
1830 4693 1900 4773 Se-

103 4809 284 4912 crocique
311 4807 439 4880 nostri
459 4805 712 4909 impressione
739 4805 917 4911 sigillari
928 4805 1137 4911 jussimus.
1196 4809 1333 4888 nome
1360 4810 1408 4884 V.
1437 4803 1527 4884 ltu
1557 4803 1693 4884 Octob‘.
1713 4805 1899 4885 indictio·

100 4943 148 4993 ne
177 4913 285 4996 XII.
350 4911 614 5016 Pontificatas
640 4920 769 5014 nostri
793 4943 896 4996 muso
923 4917 1085 5021 nono¹).

146 5053 169 5133 Ι)
186 5051 277 5115 Esser
298 5050 388 5114 Psoi
408 5051 442 5126 C.
462 5053 573 5118 Limon
593 5053 729 5140 appingi
747 5055 788 5118 d*
798 5055 904 5119 deon
925 5055 1025 5120 suita.
1064 5056 1141 5142 Upi
1163 5054 1240 5136 17⁰3
1262 5052 1330 5117 1²01.
