4398 5958
820 425 874 532 -ε
984 404 1063 502 485
1176 423 1241 473 -·

122 624 506 726 soluendieontulit
536 641 734 736 potestate
763 628 961 727 omnibus,
975 653 1071 714 vere
1100 627 1402 738 poenitentibus¹
1422 631 1461 706 ssr
1491 617 1700 725 confessis,
1735 614 1808 740 qui
1835 615 1910 734 hu·

124 736 294 818 iusmodi
317 735 504 818 'laborem
533 737 747 818 salutiferae
774 737 916 818 Crucis
930 734 1047 846 signo
1075 748 1261 846 suscepto
1290 742 1332 820 in
1361 727 1543 846 pe'rsonis
1572 735 1749 848 proprijs
1765 735 1912 821 ‘subie-

104 851 203 949 {rint
231 855 267 927 &
297 849 498 955 expensis,
528 848 687 956 plenam
716 865 982 958 peecatorum
1001 848 1185 945 suorum,
1215 849 1265 930 de
1294 847 1445 958 quibus
1466 848 1589 929 corde
1610 850 1932 968 contritisstorex

96 965 97 972 '
122 955 292 1042 confessi
310 959 470 1064 fuerint,
499 961 656 1039 veniam
671 958 936 1066 indulgemus,
967 964 1006 1038 8<
1034 961 1076 1040 in
1094 959 1403 1041 retributionem
1419 959 1613 1040 iustorum
1628 961 1768 1068 salutis
1797 979 1912 1042 aeter·

121 1091 184 1150 nae¹
211 1067 447 1176 pollicemur
476 1075 749 1178 augmentum.
779 1071 845 1148 Eis
874 1086 1007 1150 autem
1035 1074 1108 1182 qui
1136 1098 1219 1150 non
1248 1073 1289 1150 in
1319 1074 1500 1178 personis
1522 1071 1824 1180 proprijs'illuc
1848 1099 1914 1153 ac·

122 1181 329 1276 cesserint,
359 1180 428 1261 sed
458 1180 500 1259 in
529 1181 610 1260 suis
642 1181 839 1261 duntaxat
882 1183 1083 1289 expensis,
1104 1183 1216 1262 iuxta
1257 1181 1470 1290 qualitates
1500 1180 1777 1264 &facultates
1819 1211 1912 1263 suas

20 1321 25 1336 ’
81 1365 84 1369 .
121 1293 235 1388 uiros
259 1291 425 1370 idoneus
454 1289 693 1372 destinarint
712 1290 802 1400 ,illic
833 1293 943 1369 iuxta
973 1287 1198 1397 prudentiae
1243 1309 1385 1371 vestrae
1425 1292 1639 1374 arbitrium
1670 1309 1913 1392 moraturos,

122 1402 266 1506 &illis
294 1402 476 1481 similiter
503 1401 740 1509 quilicetin
770 1401 910 1481 alienis
937 1404 1142 1509 expensis,
1176 1404 1230 1480 in‘
1257 1403 1438 1510 personis
1482 1419 1616 1482 tamen
1646 1405 1823 1515 proprijs
1852 1432 1913 1484 as·
2026 1407 2027 1415 '

121 1528 288 1619 sumptae
317 1506 653 1620 peregrinationis
690 1509 920 1592 huiusmodi
949 1511 1417 1620 laboremimpleuerint,
1446 1511 1605 1622 plenam
1620 1540 1787 1595 suorum
1815 1539 1912 1594 con-

122 1623 299 1705 cedimus
328 1624 485 1703 veniam
515 1640 785 1730 peccatorum.
836 1622 966 1700 Huius
994 1651 1160 1733 quoque
1188 1625 1429 1702 remissionis
1459 1624 1645 1703 'volumus
1674 1652 1758 1706 esse
1788 1628 1913 1734 parti-

122 1736 229 1842 cipes
259 1735 370 1814 iuxta
398 1733 664 1842 quantitatem
692 1731 863 1839 subsidij
892 1737 931 1811 &
960 1730 1189 1814 deuotionis
1232 1732 1431 1829 affectum,
1474 1761 1614 1814 omnes
1642 1735 1714 1844 qui
1742 1736 1912 1818 ad'sub-

125 1847 351 1926 nentionem
381 1844 507 1952 ipsius
534 1842 687 1952 negotij
715 1843 766 1924 de
795 1843 912 1923 bonis
939 1845 1019 1923 suis
1049 1872 1227 1952 congrue
1255 1843 1551 1924 ministrabunt.
1581 1847 1775 1925 Personas
1805 1849 1913 1927 insu·

40 2044 47 2053 ‚
123 1983 216 2066 per,
247 1955 411 2036 familias
440 1959 480 2033 &
508 1956 614 2037 bona
644 1981 800 2049 eornm,
830 1981 880 2033 ex
908 1980 992 2061 quo
1023 1955 1193 2034 Crucem
1222 1955 1470 2060 susceperint
1499 1955 1575 2035 sub
1604 1955 1715 2036 Beati
1744 1959 1914 2037 Petri&

122 2084 259 2147 nostra
289 2067 541 2174 protectione
570 2067 819 2172 suscipimus.
849 2065 1098 2151 Statuentes.
1127 2082 1172 2142 vt
1201 2063 1277 2144 sub
1307 2065 1622 2144 Diocesanorum
1651 2094 1816 2147 suorum
1844 2065 1914 2149 de·

123 2177 303 2259 fensione
332 2169 570 2273 consistant,
599 2177 654 2254 Vt
682 2189 815 2254 autern
843 2173 965 2280 ijdem
994 2177 1272 2282 Crucesignati
1302 2201 1350 2280 eo
1379 2191 1632 2285 exequantur
1655 2175 1845 2259 libentius
1874 2183 1916 2258 8ι

124 2286 345 2369 feruentius
373 2302 513 2366 votum
541 2313 675 2381 suurn,
710 2312 793 2394 quo
821 2285 1007 2394 pluribus
1035 2286 1185 2366 fuerint
1228 2283 1436 2365 fauoribus
1464 2287 1698 2367 communiti
1741 2315 1915 2396 praesen·

122 2401 224 2479 tium
253 2401 468 2480 autoritate
497 2395 772 2492 concedimus,
804 2413 848 2475 vt
876 2395 997 2503 ijdem
1029 2398 1107 2477 illis
1135 2395 1360 2503 Priuilegiis
1388 2422 1515 2506 eaque
1536 2401 1785 2481 immunitate
1815 2428 1915 2507 gau·

124 2510 263 2604 deant,
294 2510 455 2616 quaein
489 2507 667 2616 generali
697 2508 1075 2614 Crucesignatornm
1104 2506 1355 2614 indulgentia
1384 2509 1655 2589 continentur.
1699 2506 1768 2618 (Et
1800 2509 1915 2618 quod

124 2649 198 2730 per
225 2618 328 2701 sedis
362 2618 598 2728 Apostolicae
625 2618 780 2715 literas,
809 2618 872 2698 vel
889 2618 1111 2724 legatorum
1127 2620 1251 2728 ipsius
1280 2636 1393 2697 extra
1407 2645 1497 2698 suas
1511 2620 1715 2716 Dioceses,
1744 2620 1821 2699 nisi
1836 2619 1915 2700 illae
2026 2681 2030 2684 -

123 2757 215 2843 quae
244 2730 294 2810 ab
323 2730 462 2812 eadem
490 2728 584 2810 sede
612 2731 786 2811 obtentae
815 2729 982 2823 fuerint,
1011 2727 1171 2839 plenam
1199 2729 1250 2809 de
1278 2727 1510 2809 huiusmodi
1540 2730 1701 2812 indulto
1743 2733 1913 2810 mentio-

124 2869 214 2922 nem
244 2839 429 2937 fecerint,
458 2867 542 2920 non
571 2839 732 2919 valeant
759 2838 989 2944 conueniri,
1033 2833 1253 2921 dummodo
1294 2842 1425 2946 parati
1454 2841 1628 2920 existant
1667 2847 1802 2921 coram
1831 2845 1914 2923 suis

124 2951 340 3059 ordinarijs
367 2951 418 3032 de
445 2978 487 3032 se
515 2950 819 3060 querelantibus
846 2950 1109 3059 respondere,
1139 2979 1243 3062 quos
1279 2978 1351 3058 per
1381 2978 1451 3032 vos
1479 2950 1531 3030 ab
1561 2953 1609 3059 ijs
1637 2950 1914 3033 Ecclesiastica
2000 3009 2002 3012 -

124 3081 291 3146 censura
322 3061 484 3143 defendi
512 3073 689 3142 cessante
718 3060 1011 3172 Appellationis
1040 3061 1250 3142 obstaculo
1263 3059 1468 3156 volumus,
1497 3063 1568 3172 qui
1584 3061 1742 3144 eosdem
1771 3079 1914 3142 contra

123 3175 328 3257 indultum
343 3171 574 3253 huiusmodi
590 3167 833 3282 praedictaue
848 3173 1062 3280 Priuilegia
1091 3179 1129 3254 &
1158 3173 1422 3283 protectionis
1437 3189 1583 3252 nostrae
1605 3189 1785 3254 tenorem
1811 3201 1914 3281 prae·

124 3287 339 3395 sumpserit
364 3296 518 3364 'temere
547 3284 768 3364 molestare.
792 3283 858 3362 lta
887 3279 1020 3363 tamen
1050 3280 1161 3392 quod
1190 3283 1335 3391 aliquis
1358 3301 1535 3364 vestrum
1571 3284 1620 3376 de
1649 3283 1699 3391 ijs
1732 3309 1823 3394 quae
1853 3286 1914 3364 iu·

125 3396 309 3478 dicialem
340 3393 568 3502 indaginem
597 3396 781 3503 exigunt,
810 3398 850 3472 a<
878 3393 1078 3475 indultum
1110 3393 1373 3502 Priuilegiaue
1402 3394 1649 3490 huiusmodi,
1678 3421 1748 3475 seu
1777 3421 1914 3502 perso-

124 3537 198 3589 nas
226 3505 396 3586 familias
425 3508 464 3585 &
492 3505 599 3586 bona
614 3506 991 3610 Crucesignatorum
1008 3506 1188 3613 ipsorum
1205 3531 1286 3583 non
1301 3505 1560 3612 contingunt,
1589 3508 1633 3586 se'
1647 3506 1690 3587 in
1708 3504 1784 3584 hac
1799 3522 1914 3615 parte

124 3619 358 3708 nullatenus
386 3616 665 3695 intromittant.
695 3616 837 3724 Si‘qui
866 3643 962 3695 vcro
991 3615 1087 3694 illuc
1116 3615 1451 3724 proficiscentium
1480 3615 1532 3697 ad
1556 3614 1801 3724 praestandas
1824 3637 1914 3696 tsu·

125 3757 191 3810 ras
223 3731 446 3808 iuramento
472 3741 660 3805 tenentur
689 3726 858 3820 astricti,
887 3722 1116 3805 Creditures
1145 3753 1283 3805 eorum
1312 3753 1385 3834 per
1420 3753 1493 3806 vos
1526 3727 1591 3806 vel
1626 3726 1725 3806 alios
1752 3725 1914 3805 sublato

125 3839 406 3948 appellationis
435 3835 645 3916 obstaculo
674 3834 924 3916 districtione
967 3836 1103 3932 simili,
1137 3852 1181 3914 vt
1214 3837 1441 3918 loramento
1483 3836 1711 3917 huiusmodi
1753 3836 1927 3944 penitus⁴

125 3951 361 4044 relaxantes,
390 3948 442 4027 ab
470 3973 678 4027 usurarum
710 3946 876 4026 vlterius
905 3949 1115 4043 exactione
1138 3944 1341 4038 desistant.
1372 3947 1415 4027 Si
1442 3966 1573 4026 autem
1588 3949 1802 4056 quisquam
1817 3947 1914 4027 Cre-

125 4062 303 4144 ditorum
333 4084 402 4139 eos
429 4055 482 4137 ad
510 4055 753 4137 solutionem
775 4058 953 4163 coegerit
981 4083 1211 4152 vsurarum,
1240 4059 1369 4164 ipsum
1387 4054 1438 4137 ad
1454 4059 1746 4137 restitutionem
1775 4084 1915 4137 earum

126 4170 265 4253 eadem
297 4169 545 4250 districtione
573 4165 733 4248 sublato
757 4165 1057 4276 ¹Appellationis
1086 4165 1296 4248 obstaculo
1324 4193 1413 4246 com
1445 4167 1584 4248 ellatis.
1630 4166 1784 4248 ludaeos
1812 4197 1915 4277 quo·

123 4310 207 4392 que
236 4279 288 4361 ad
314 4276 576 4360 remittendas
607 4279 704 4388 ipsis
733 4303 873 4357 usuras
897 4295 975 4384 'per
1003 4277 1232 4364 saecularem
1275 4195 1460 4384 compelli
1496 4277 1757 4386 precepimus
1801 4297 1915 4390 pote-
2012 4274 2015 4283 ’

112 4401 286 4489 statem,
316 4396 355 4471 &
382 4387 608 4469 donec'eas
636 4389 863 4468 remiserint
891 4385 944 4468 ab
964 4387 1167 4468 'omnibus‘
1189 4388 1341 4468 Christi
1380 4385 1565 4469 fidelibus
1593 4389 1746 4469 tamin
1774 4390 1916 4469 merci·
2028 4455 2032 4460 .

124 4502 274 4610 monijs
299 4527 432 4610 quam·
460 4497 546 4607 alijs
573 4499 652 4579 ¹s'ub
680 4498 1100 4579 excommunicationis
1128 4526 1247 4606 poena
1276 4495 1460 4578 iubemus
1489 4498 1805 4579 communionem
1835 4498 1914 4579 illis

124 4611 399 4718 omnimodam
425 4609 616 4717 denegari
635 4610 679 4724 ¹).
707 4611 838 4692 Porro'
863 4607 915 4689 ad
943 4607 1171 4690 huiusmodi
1200 4606 1317 4688 ardui
1345 4613 1386 4687 sc
1413 4607 1583 4689 salubris
1605 4608 1759 4718 negotii
1781 4607 1914 4689 eflica-

124 4727 230 4805 ciam
260 4721 499 4832 pleniorem,
527 4736 574 4800 vt
601 4747 673 4802 vos
690 4719 723 4832 ²)
752 4739 978 4803 conuocare
1020 4717 1181 4829 possitis
1222 4717 1360 4799 Cleros
1402 4723 1442 4801 ‘&
1477 4719 1651 4830 populos
1692 4717 1744 4800 ad
1774 4747 1914 4828 quem·

173 4972 202 5050 ι)
223 4961 426 5050 satagam
445 4963 534 5048 pren
554 4943 596 5026 ex
615 4959 701 5046 mou
721 4955 782 5026 &e
802 4961 966 5029 mesura.
1005 4963 1037 5041 ι)
1058 4967 1093 5027 u
1112 4955 1148 5031 o
1167 4958 1242 5025 usco
1262 4958 1381 5024 rasa
