4404 5960
834 339 897 502 ’,
1009 440 1067 467 -
1175 393 1257 499 ast
1366 439 1425 466 ·-

323 615 382 701 ad
401 615 654 698 dalmaticam
681 617 721 699 a
748 616 896 703 subtile
923 620 1072 705 eisdem
1099 619 1318 704 monachis.
1345 647 1426 730 que
1453 617 1588 702 omnia
1617 619 1718 702 nulli
1756 621 1875 700 eciam
1899 621 2054 710 abbatum

323 725 499 808 uendere
528 727 656 808 liceat.
685 729 757 812 sed
785 732 866 813 sint
893 732 945 815 ad
988 733 1174 815 decorem
1200 736 1242 813 &
1268 748 1457 812 ornatum
1471 729 1634 811 ecclesie
1662 736 1701 810 8t
1716 731 1968 814 ministrorum
1990 739 2054 818 eius

288 835 365 949 [⁵¹¹
392 863 573 918 meorum
601 840 875 923 remissionem
903 860 1171 952 peccatorum.
1199 845 1383 950 Preterea
1406 855 1627 950 ,memorate
1655 839 1813 921 abbatie
1826 843 1967 926 confert
1987 875 2055 954 pre·

322 945 469 1030 dilecta
493 976 600 1030 ‘vxor
629 977 726 1036 ntea.
757 951 801 1030 C.
831 980 956 1033 vnum
983 953 1146 1034 calicem
1173 949 1224 1035 de
1258 953 1376 1034 bonis
1418 955 1499 1031 suis
1539 951 1726 1060 propriis.
1767 951 1842 1031 sibi
1867 957 1905 1032 dt
1928 955 2006 1034 mihi
2024 957 2056 1062 ju

320 1059 595 1142 remissionem
623 1063 900 1169 peccaminum
927 1063 973 1171 jn
1002 1063 1176 1174 presenti
1206 1068 1245 1143 a
1273 1060 1326 1142 ad
1347 1077 1609 1171 augmentum
1637 1060 1764 1168 glorie
1791 1059 1834 1167 jn
1847 1061 1977 1145 lutum.
1999 1065 2057 1145 He·

321 1163 488 1278 sedibus
526 1187 658 1252 autem
688 1171 836 1252 nostris
863 1175 1028 1255 notifico
1056 1199 1131 1282 per
1157 1187 1361 1281 presentes
1388 1169 1500 1281 quod
1535 1195 1613 1278 pro
1642 1171 1786 1266 debitis
1824 1171 1959 1281 quibus
1981 1173 2059 1254 obli·

321 1295 439 1386 gatus
465 1277 527 1360 fui
555 1280 745 1388 thydrioo
772 1281 895 1364 ruffo.
922 1284 1027 1365 solui
1053 1284 1208 1365 curiam
1235 1284 1279 1361 in
1297 1284 1427 1362 arusia
1442 1281 1605 1362 cristine
1620 1282 1759 1362 uxoris
1773 1307 1855 1362 mee
1869 1281 2056 1390 predilecte

305 1389 484 1504 ¹Rogana
505 1417 580 1496 eos
608 1391 776 1472 firmiter
803 1392 1053 1474 consulendo
1079 1393 1283 1496 Quatinus
1311 1393 1446 1472 omnia
1473 1419 1553 1501 que
1580 1389 1687 1497 juter
1713 1417 1776 1470 me
1803 1397 1841 1472 8ι
1865 1419 1942 1472 eam
1967 1393 2062 1474 stabi·

322 1499 394 1580 lita
423 1519 520 1583 sunt
547 1503 624 1584 sibi
652 1503 698 1609 jn
719 1507 1055 1584 iestaurbeionem
1084 1531 1162 1613 pro
1187 1505 1467 1611 prenominata
1494 1503 1606 1582 curia
1636 1501 1802 1581 firmiter
1827 1501 2062 1583 obserucutur.

321 1599 518 1720 Alioquin
547 1613 634 1721 ipsa
720 1613 773 1695 od
803 1642 920 1694 suum
946 1631 1007 1696 est
1035 1613 1088 1693 ab
1117 1615 1213 1724 ipsis
1241 1629 1437 1721 repetens.
1466 1638 1535 1692 eos
1562 1611 1615 1693 ad
1641 1611 1885 1692 solucionem
1901 1610 2062 1726 predicto·

322 1749 414 1801 rum
444 1719 598 1830 obligat
626 1642 865 1805 ddbuu'torum.
896 1727 953 1804 Vt
981 1726 1105 1833 igitur
1135 1749 1297 1832 presens
1326 1725 1520 1831 scriptum
1555 1725 1736 1830 uigorem
1764 1723 1935 1828 optineat
1969 1721 2063 1802 firmi·

321 1830 425 1912 tatls.
483 1837 524 1913 &
550 1835 691 1916 seriem
719 1836 1176 1942 representetueritatis
1218 1830 1319 1914 illud
1354 1833 1430 1914 feci
1458 1832 1590 1942 sigillo
1618 1857 1708 1913 meo
1735 1832 1900 1958 proprio
1936 1833 2063 1912 firmiter
2109 1853 2114 1880 ⁸

212 2021 219 2032 ,
320 1941 522 2051 roborari.
554 1944 703 2025 Datum
733 1944 1548 2054 annodominjm0.cc⁰.Lxx0.xl111⁰.
1577 1941 1669 2026 Kal.
1696 1941 1815 2050 juniJ.

982 2107 988 2118 ·
1024 2171 1027 2179 .
1076 2082 1197 2182 sigillet
1217 2080 1355 2145 skadadt

328 2441 460 2566 545.
955 2473 1102 2581 1270
1144 2433 1193 2542 d·
1243 2435 1328 2542 ali
1361 2438 1477 2544 lun.
1641 2427 1647 2436 ’
1694 2433 1881 2584 Husby
1918 2429 2062 2614 Trbgd.

404 2656 610 2743 Bisltoparnas
629 2655 641 2716 i
661 2651 841 2737 Strengnts',
861 2654 1019 2719 Westerds
1038 2653 1099 2719 och
1120 2645 1187 2720 lto
1206 2653 1379 2720 Alletsbrel
1393 2655 1445 2719 liir
1464 2655 1582 2742 Upsala
1602 2656 1817 2741 Dum-kyrka.

504 2759 506 2768 ’
562 2775 565 2783 ’
718 2803 723 2814 ·
906 2761 912 2774 ”
1767 2769 1967 2840 Amano

490 2905 699 2986 Vniuersis
726 2904 1066 2988 christifidelibus
1094 2905 1244 3016 quibus
1272 2931 1434 3013 presens
1463 2904 1594 2986 littera
1622 2907 1858 2990 innotuerit.
1873 2905 1915 2984 F.
1931 2920 2058 3005 strengt-

322 3018 471 3099 nensis.
501 3017 552 3096 K.
581 3017 801 3097 arosiensis.
831 3021 871 3096 dt
897 3017 949 3096 K.
979 3013 1193 3096 abonensis
1222 3017 1425 3125 Episcopi.
1460 3017 1627 3098 salutem
1642 3022 1683 3099 in
1699 3019 1881 3099 omnium
1895 3016 2059 3093 saluatore.

324 3128 528 3228 Quoniam
557 3140 603 3204 ut
631 3127 688 3206 ait
715 3127 1036 3234 apostolus.‚&e.
1065 3129 1146 3208 tila
1172 3127 1262 3206 med
1283 3129 1364 3208 Nm
1385 3127 1462 3232 275
1477 3130 1542 3207 till
1555 3129 1771 3238 Cupientes
1789 3126 1910 3234 igitur
1924 3135 2063 3203 utmater

323 3251 464 3314 nostra
492 3235 712 3342 upsalensis
739 3235 903 3318 ecelesia
932 3237 1122 3344 congruis
1146 3235 1325 3317 fidelium
1355 3236 1647 3318 deuocionibus
1676 3238 1949 3346 frequentetur
1973 3227 2065 3309 omni·
2102 3251 2104 3258 ’

323 3344 402 3426 bus
431 3344 704 3452 penitentibus
731 3351 772 3425 ὃς
800 3347 985 3428 contritis
1013 3345 1162 3428 ibidem
1190 3349 1233 3425 in
1250 3346 1352 3427 festo
1367 3347 1474 3428 beati
1489 3346 1682 3428 laurencii
1697 3343 1991 3428 aduenientibus
2002 3338 2065 3447 qui·

199 3455 205 3472 “
324 3454 427 3534 libet
453 3471 645 3536 nostrum.
674 3455 784 3536 XLm
811 3456 896 3541 dies
923 3457 973 3538 de
1001 3459 1182 3536 iniuncta
1210 3457 1288 3538 sibi
1308 3459 1533 3564 penitencia
1553 3459 1864 3539 misericorditer
1879 3454 2064 3533 relaxamus.

324 3566 474 3646 Datum
497 3565 659 3690 'husabi'
689 3582 792 3674 trog.
820 3570 940 3647 Anno
967 3567 1131 3648 domini.
1162 3567 1478 3647 M⁰.CC'.LXX‘.
1510 3570 1560 3649 ln
1588 3569 1655 3652 die
1681 3564 1897 3649 beatorum
1921 3557 2066 3672 johannis

325 3679 367 3754 ἃ
393 3673 515 3782 pauh
971 3781 1116 3862 sagittet:
1142 3782 1466 3892 n201-suaame.

331 4145 464 4274 546,
773 4184 779 4197 ’
954 4181 1104 4286 1270
1150 4143 1199 4250 d.
1249 4184 1318 4250 22
1367 4145 1504 4291 Sept.
1735 4131 2070 4287 Saderloping·

408 4361 544 4444 Kcnung
563 4361 764 4428 Watstusas
783 4363 863 4426 Bref
877 4384 929 4427 cm
948 4362 1068 4448 Upsala
1090 4363 1287 4447 Domlyrlras
1308 4361 1458 4448 llyttuing.
1769 4448 1794 4500 Α
1819 4447 1834 4501 ³
1863 4463 1879 4500 ι
1909 4444 1963 4500 Ν

438 4603 442 4616 ·
493 4580 543 4657 Jn
573 4577 734 4658 nomine
761 4581 887 4686 patris
914 4579 1068 4665 &lilii
1095 4585 1135 4658 &
1164 4581 1327 4686 spiritus
1370 4582 1497 4658 sancti
1524 4599 1648 4675 amen.
1718 4581 1802 4660 Nos
1844 4577 2072 4659 waldemams

329 4686 406 4766 Dei
436 4689 565 4790 gracia
596 4689 678 4766 Rex
708 4715 909 4768 sweorum
937 4690 1036 4768 Cum
1070 4717 1242 4770 essemus
1271 4687 1379 4796 apud
1414 4689 1689 4798 sudercopiam
1719 4689 1937 4782 constituti,
1964 4703 2072 4800 euoca-

329 4799 380 4878 tis
420 4795 500 4874 illic
539 4795 590 4874 ad
619 4824 693 4878 nos
725 4797 943 4877 Maioribus
971 4801 1226 4878 ecclesiarum
1256 4797 1418 4905 prelatis
1445 4827 1491 4878 ae
1522 4799 1789 4902 nobilioribus
1816 4802 1930 4908 regui
1957 4793 2072 4903 prinu·

250 4981 254 4989 .
329 4909 461 5016 pibus,
491 4920 702 5028 tractatum
731 4905 965 5018 diligentem
993 4907 1206 4988 babuimus
1233 4936 1356 5016 super
1383 4927 1489 4990 statu
1516 4915 1556 4990 8<
1584 4905 2073 5020 promocioneecclesierp
