4368 5950
960 465 1212 566 -mb
1323 515 1528 536 ...

268 719 340 812 pta
368 711 522 793 nosne,
556 693 609 776 ab
643 689 876 775 huiusmodi
917 709 1050 774 tamen
1089 690 1280 773 molestiis
1308 690 1504 772 hactenus
1532 690 1739 802 quiescere
1766 715 1851 769 non
1878 700 2033 780 curastis
2149 685 2150 774 ὲ

266 811 447 922 Ideoque
474 809 513 889 N
514 805 738 886 obilitatem
765 831 954 912 rogamus
969 799 1191 892 districtius
1207 809 1247 887 &
1261 802 1484 900 hortamur,
1499 830 1574 910 per
1589 801 1822 910 Apostolica
1837 801 1946 886 vobis
1957 809 2036 888 seri·
2149 797 2150 862 l

205 905 213 926 '
269 938 341 1033 pta
368 917 640 1030 praeoipiendo
669 913 928 1014 mandantes,
956 932 1159 1024 quatenus
1191 942 1269 1025 pro
1297 915 1524 997 reuerentia
1552 913 1690 995 diuina
1721 918 1760 992 8r
1786 929 1922 992 nostra
1946 920 2041 1026 quie·

214 1075 220 1089 r
269 1033 439 1123 scatisa
520 1027 648 1112 eefatis
676 1027 852 1124 iniuriis,
881 1033 920 1108 8<
948 1026 1145 1108 Ecclesiae
1174 1055 1220 1107 ac
1248 1053 1440 1136 personas
1476 1023 1776 1106 Ecclesiasticas
1813 1023 1978 1131 gaudere
2002 1027 2040 1108 li·

268 1144 427 1225 bertate
454 1058 591 1224 <libita
620 1139 873 1250 permittatis.
930 1137 1125 1248 Alioquin
1152 1140 1392 1218 sententiam
1431 1165 1555 1246 quam
1582 1136 1690 1218 idem
1725 1133 2041 1246 Archiepiscopus

268 1253 564 1336 rationabiliter
593 1252 732 1330 tulerit
759 1249 1086 1342 irremissibiliter
1114 1265 1245 1328 ratam
1279 1246 1533 1346 habebimus,
1577 1253 1618 1326 8<
1660 1243 1852 1325 faciemus
1894 1267 2040 1332 auctore

269 1364 445 1446 Domino
472 1363 641 1443 firmiter
669 1360 889 1442 obseruari.
945 1362 1096 1440 Datum
1123 1361 1248 1439 Reate
1279 1357 1418 1440 Idibus
1446 1359 1619 1467 Augusti
1646 1383 1755 1435 anno
1784 1357 1947 1440 decimo.

143 1811 145 1815 ’
276 1753 405 1900 239.
894 1749 1141 1855 1225'd.
1197 1750 1264 1855 13
1311 1661 1444 1894 Auq.
1916 1747 2043 1854 Riati.

351 1951 714 2118 Ρᾶἰέἑὴξρωιῐξὲῃξῐῐκ
735 1969 908 2054 befallning
923 1923 975 2032 *att
995 1970 1084 2053 gilva
1104 1967 1363 2054 Athe-Biskopen
1384 1971 1396 2032 i
1417 1967 1539 2052 Upsala
1560 1970 1661 2034 under
1691 1971 1770 2034 bans
1790 1971 1963 2034 visitationi
1980 1991 2048 2033 resor

473 2076 541 2137 orig
561 2076 598 2136 ga
647 2074 707 2137 mg.

1746 2136 1783 2189 A.
1808 2153 1830 2190 ι.
1849 2153 1874 2188 a.
1897 2152 1934 2188 ιι.

435 2269 643 2356 Horremus
671 2270 886 2378 episcopus
926 2295 1068 2348 seruus
1109 2293 1319 2348 seruorum
1363 2265 1442 2377 dej.
1487 2271 1652 2352 Dilectis
1696 2268 1789 2377 filijs
1831 2268 1995 2350 Prelatis
2019 2285 2050 2348 et

272 2381 427 2467 clericis
454 2377 703 2486 Vpsallensis
731 2377 912 2461 diocesis.
943 2379 1122 2462 Salutem
1143 2398 1183 2460 et
1195 2375 1457 2488 apostolicam
1470 2380 1801 2464 benedictionem.
1821 2382 1926 2462 Cum
1940 2384 2051 2460 omni·

272 2501 350 2580 bus
363 2491 499 2576 debite
513 2491 579 2572 cui
593 2490 788 2572 honorem
801 2489 1009 2573 honorem.
1032 2489 1102 2596 cuj
1122 2490 1320 2575 tributum
1349 2489 1550 2574 tributum
1574 2492 1801 2574 secundum
1828 2490 2052 2600 Apostolum

273 2604 443 2690 reddere
458 2599 638 2686 debeatis
651 2601 1157 2686 Vniuersitatemuestram
1186 2599 1425 2683 hortandam
1455 2601 1643 2684 duximus
1671 2620 1712 2686 et
1739 2605 1979 2687 monendam
1991 2627 2053 2709 per

276 2714 507 2912 apostolica.
524 2714 672 2821 scripta
688 2711 935 2798 mandantes.
950 2713 1141 2822 quatinus
1161 2709 1381 2794 venerabili
1414 2710 1533 2821 fratrj
1548 2732 1701 2798 nostro.
1733 2713 1961 2825 Vpsallensi
1991 2715 2067 2790 Are

234 2851 236 2859 '
277 2861 299 2912 c
331 2828 534 2938 'episcopo
561 2851 674 2904 suam
700 2822 890 2908 diocesim
918 2823 1100 2938 uisitantj
1116 2823 1421 2932 procurationes
1437 2821 1594 2926 debitas
1609 2827 1664 2906 ita
1681 2825 1866 2906 hilariter
1880 2824 2055 2908 exhibere

165 3008 169 3017 .
277 2940 438 3024 curetis.
468 2931 581 3043 quod
610 2933 802 3020 facientes
831 2935 882 3017 de
904 2937 1145 3022 necessitate
1173 2935 1376 3020 uirtutem.
1414 2951 1455 3015 et
1483 2964 1536 3018 ex
1561 2934 1700 3018 debito
1736 2935 1855 3018 uobis
1899 2939 2055 3045 gratiam

277 3061 567 3159 comparantes.
597 3047 727 3154 ipsum
755 3047 1115 3156 Archiepiacopum
1142 3045 1259 3129 vobis
1285 3043 1466 3129 reddatis
1480 3045 1743 3130 favorabilem
1769 3064 1810 3136 et
1825 3047 2055 3158 benignum.

277 3164 428 3242 Datum
455 3157 580 3237 Reate
608 3156 707 3238 Jdus
734 3160 919 3267 Augusti.
949 3159 1211 3260 Pontificatus
1238 3156 1370 3264 nostrj
1398 3159 1520 3240 Anno
1549 3160 1726 3242 Decimo.

984 3299 1155 3385 eryruuan
1175 3293 1355 3366 hordeum.

178 3701 181 3706 Ι
284 3565 412 3677 ado.
809 3513 958 3650 12‘25
1006 3545 1054 3649 d.
1091 3560 1195 3674 td,
1249 3547 1316 3657 15
1363 3558 1495 3690 Aug.
1838 3545 2059 3695 Fogelis.

360 3766 493 3851 Kooung
514 3765 594 3830 Erre
615 3761 779 3828 Earcssons
798 3765 859 3828 och
883 3719 1064 3829 trie-nist
1085 3769 1183 3832 Olofs
1194 3767 1380 3832 bekenele
1401 3769 1441 3852 pt
1463 3735 1749 3849 fleradshetdingen
1772 3765 1911 3831 sicma
1920 3767 2060 3832 usums-

412 3873 480 3916 sons
502 3850 556 3912 vid
578 3849 742 3912 Wartolla
763 3849 845 3928 Ting
865 3847 950 3908 nida
971 3847 1127 3990 Spnedorn
1148 3851 1238 3912 iifver
1258 3851 1450 3933 regengune
1469 3851 1584 3916 mellan
1616 3851 1851 3934 Allmtnningeu
1883 3851 1945 3914 och
1977 3851 2060 3913 hem·

273 3993 274 3996 ,
410 3945 515 3997 manet
536 3929 626 4007 Eslo,
646 3929 804 4012 tillbiirigt
824 3926 973 3992 Alvastra
1015 3931 1117 3994 loster.

1661 4015 1711 4070 *A
1738 4017 1764 4072 3:
1784 4035 1810 4071 v.
1832 4019 1938 4081 1:2¹³)

440 4151 498 4229 Vt
526 4152 656 4231 sciant
683 4173 822 4227 omnes
848 4161 933 4225 tam
960 4147 1115 4256 posteri
1147 4173 1271 4256 quam
1306 4165 1523 4256 presentes.
1568 4166 1700 4231 certos
1735 4152 1932 4233 terminos
1969 4151 2065 4228 inter

276 4260 360 4341 eslo
389 4262 636 4343 mansionem
664 4257 955 4340 monachorum
983 4253 1037 4336 de
1061 4256 1250 4338 aluastr0.
1280 4261 1320 4337 8ι
1348 4274 1531 4340 nostrum
1559 4260 1803 4370 abncnning.
1830 4289 1909 4368 ego
1940 4257 2066 4368 sigtri-

277 4397 351 4478 gus
379 4369 503 4454 estrid
531 4372 636 4453 filius
670 4368 909 4480 prolocutor
936 4369 1148 4477 prouincie
1176 4384 1391 4478 wartopta.
1418 4372 1477 4452 rei
1505 4387 1616 4479 geste
1631 4375 1844 4456 ueritatem
1859 4372 1983 4481 plena
1999 4367 2068 4448 lide

278 4482 469 4564 omnibus.
494 4482 716 4563 manifesto.
745 4483 867 4560 Anno
894 4477 1059 4560 donum.
1089 4479 1161 4560 Μ’.
1192 4478 1290 4562 CC‘.
1319 4481 1408 4558 XX.
1437 4483 1486 4560 V.
1516 4484 1560 4560 in
1590 4483 1681 4565 loco
1709 4486 1782 4594 qui
1810 4499 1986 4566 uocatur
2012 4507 2066 4560 es·

281 4589 402 4693 lorird
430 4598 540 4698 stetit
568 4608 772 4704 wartopta
800 4590 990 4699 placitum
1018 4591 1062 4670 in
1089 4589 1228 4695 uigilia
1257 4591 1540 4704 assumptionis
1568 4611 1704 4674 sancte
1719 4595 1853 4678 marie.
1885 4601 1924 4674 &
1963 4590 2065 4672 mcli-

279 4729 370 4782 ores
398 4701 448 4782 de
477 4706 682 4808 prouintia
710 4717 849 4782 nostra
874 4728 1030 4781 mecum
1056 4698 1278 4785 affuerunt.
1309 4729 1480 4810 quoram
1508 4703 1583 4783 ista
1598 4721 1693 4784 sunt
1708 4708 1881 4786 nomina.
1912 4701 2066 4805 Dioni·

277 4814 358 4907 sius
386 4809 438 4894 de
466 4813 711 4922 mulathorp.
739 4810 930 4894 haraldus
957 4809 1010 4892 de
1037 4814 1210 4921 suntagi
1238 4815 1382 4894 Petrus
1411 4813 1549 4894 Greui.
1566 4817 1708 4898 Petrus
1723 4817 1829 4897 filius
1847 4812 2063 4898 Benedicti.

323 5054 348 5132 *)
372 5054 480 5114 Dema
500 5049 587 5113 doms
607 5053 739 5136 iiimyad
761 5058 772 5118 i
793 5024 909 5120 stetde
929 5052 960 5117 d.
982 5053 1018 5115 31
1043 5055 1110 5118 Juli
1134 5051 1229 5132 1358,
1248 5055 1341 5118 linces
1361 5057 1452 5120 {iven
1472 5057 1521 5119 uti
1540 5077 1579 5120 en
1600 5058 1638 5119 af
1653 5057 1799 5122 Abbotcn
1821 5059 1949 5123 Plutus
1974 5060 1986 5119 i
2008 5055 2064 5120 Al·

361 5143 467 5198 rastra
487 5131 517 5196 d.
539 5135 558 5196 3
579 5135 643 5217 Maj
670 5135 745 5199 1363
766 5138 930 5202 bevittnad
953 5139 1078 5206 asstrilt
1098 5136 1137 5202 A.
1160 5138 1189 5200 3.
1211 5158 1242 5202 v.
1269 5136 1354 5214 1:4-
1772 5201 1777 5208 .
