4398 5958
997 522 1081 572 ,··-
1193 481 1271 584 508
1371 425 1440 544 ¹-

263 701 267 712 '
320 697 444 805 ¹ipsos
473 694 734 777 concedimus
758 695 1008 795 facultatem,
1039 700 1299 808 prohibentes
1328 699 1519 794 districte,
1548 724 1598 802 ue
1625 696 1718 807 quis
1745 697 1850 808 ipsos
1874 727 1974 810 super
1988 731 2061 810 pre·

333 807 462 889 missis
489 806 744 888 libertatibus
772 827 987 914 praesumat
1029 809 1283 918 aliquatenus
1317 812 1539 891 molestare.
1595 809 1638 889 Si
1667 810 1758 918 quis
1792 825 1914 892 autem
1937 813 1999 892 hoc
2021 833 2061 896 at·

333 934 491 1028 tentare
519 917 805 1026 praesumserit,
833 919 1052 1005 vindictam
1082 923 1200 1029 regiae
1213 921 1356 1029 Majztis
1383 949 1425 1001 se
1454 919 1615 1000 nouerit
1629 919 1888 1001 incursurum.
1914 923 1955 1002 ln
1976 923 2063 1004 huius

281 1043 285 1050 '
318 1023 479 1133 ¹autem⁸
496 1031 564 1108 rei'
583 1027 827 1110 euidentiam
856 1030 1097 1137 pleniorem,
1126 1033 1301 1141 sigillum
1331 1050 1510 1114 nostrum
1531 1035 1571 1108 a
1591 1032 1899 1113 reuerendorum
1923 1034 1958 1112 in
1980 1032 2063 1113 Chri·

209 1225 211 1238 ¹
253 1211 259 1220 .
331 1158 396 1220 sto
425 1157 583 1247 patrum
613 1140 879 1220 Dominorum
910 1140 1140 1250 Vpsalensis
1169 1161 1210 1224 et
1239 1144 1500 1250 Liucopensis
1528 1139 1659 1246 sigilla
1701 1143 1952 1252 praesentibus
1975 1143 2066 1222 literis

271 1261 274 1268 '
332 1245 522 1332 duximus
550 1249 812 1360 apponenda·
834 1251 981 1333 Datum
998 1245 1180 1343 Ostraros
1201 1261 1321 1334 Auno
1338 1251 1499 1340 Domini
1527 1250 1846 1334 mcctxxvl.
1872 1253 1917 1334 X.
1942 1251 2067 1334 Caleud.

216 1376 240 1430 ⁸,
332 1362 442 1470 Junij
472 1368 591 1444 Anno
620 1362 749 1469 Regni
777 1362 906 1440 nostri
936 1364 1079 1472 primo.

329 1622 469 1727 ¹612.
792 1751 796 1759 ⁸
967 1625 1117 1767 1276
1165 1621 1213 1727 d.
1263 1642 1331 1753 24
1381 1629 1500 1771 Maj.
1913 1595 2071 1766 Upsala·
2128 1721 2130 1729 Α

411 1841 493 1903 Kou.
515 1842 645 1902 Mecum
668 1839 708 1902 las
728 1841 898 1924 glfvobref
913 1843 955 1932 ph
975 1843 1051 1926 gods
1071 1846 1083 1906 i
1104 1844 1247 1927 westby,
1278 1843 1331 1907 vid
1352 1845 1522 1930 krdningen
1543 1845 1652 1908 slltnkt
1673 1843 1721 1905 till
1742 1841 1860 1927 Upsala
1880 1838 2039 1921 Domlyrla

1552 1965 1555 1974 '
1747 1959 1791 2019 A.
1815 1973 1839 2027 7.
1856 1973 1880 2010 a.
1898 1969 1919 2006 1:
1938 1971 1972 2006 ιι.

495 2057 697 2138 Omnibus
723 2059 764 2138 in
793 2058 945 2139 christo
987 2057 1174 2141 fidelibus
1216 2080 1422 2168 presentes
1464 2061 1616 2142 litteras
1657 2059 1904 2167 inspecturis.
1941 2055 2071 2161 Magnus

329 2165 394 2248 dei
423 2170 556 2278 gracia
585 2168 672 2248 Rex
700 2195 910 2250 sweorum.
953 2170 1122 2251 salutem
1151 2174 1195 2251 in
1228 2170 1405 2251 dominc.
1449 2171 1653 2274 Quoniam
1681 2166 1851 2276 dignum
1879 2183 1933 2246 est
1958 2167 2071 2273 pariter

328 2295 368 2366 et
396 2281 620 2360 honestum.
651 2295 697 2358 vt
724 2297 977 2362 sacrosancta
1005 2297 1130 2362 mater
1158 2280 1334 2362 ecclesia.
1365 2281 1418 2360 ab
1451 2281 1637 2361 omnibus
1664 2277 1805 2360 christi
1822 2275 2071 2368 fidelibusan·

326 2389 435 2498 plius
463 2409 594 2482 tamen
621 2389 673 2470 ab
701 2391 777 2470 hiis
812 2393 884 2500 qui
909 2393 1004 2499 plns
1046 2393 1178 2500 gracie
1222 2394 1400 2500 assequti
1441 2407 1536 2470 sunt
1578 2393 1732 2500 pariter
1773 2406 1816 2469 et
1849 2385 2070 2478 honoris,iu

327 2502 527 2596 omuibus,
556 2500 792 2582 honoretur.
822 2501 929 2580 Hinc
949 2519 1009 2582 est
1029 2502 1142 2610 quod
1157 2503 1407 2583 uniuersitati
1422 2519 1552 2582 vestre
1566 2520 1706 2581 tenore
1721 2500 1917 2607 presentis
1936 2495 2071 2578 declara·

325 2638 424 2692 mus.
457 2613 541 2690 Nos
569 2609 732 2696 ecclesie
761 2611 959 2719 upsalensi
1003 2613 1044 2691 in
1074 2613 1139 2693 die
1167 2615 1444 2701 coronationis
1471 2629 1620 2708 nostre,
1650 2612 1751 2693 duas
1788 2608 1961 2696 marchas
1995 2624 2071 2686 terre

187 2765 190 2772 ·
240 2713 242 2720 ’
324 2724 368 2802 in
397 2720 573 2818 Wastbir
609 2718 659 2800 de
700 2721 817 2801 bouis
846 2721 1063 2830 regalibus,
1090 2751 1183 2803 cum
1212 2723 1402 2803 omnibus·
1428 2722 1724 2832 pertinentibus
1753 2717 1807 2800 ad
1835 2717 1981 2798 easdem
2003 2742 2070 2792 con·

326 2832 466 2914 tulisse
496 2848 694 2939 perpetuo
724 2832 994 2940 possidendas.
1024 2839 1064 2912 &
1092 2833 1330 2914 tantundem
1358 2832 1409 2913 de
1438 2833 1681 2941 patrimonio
1717 2847 1859 2910 nostro
1888 2858 1959 2937 pro
1983 2825 2072 2907 colla·

325 2947 457 3038 cione,
487 2944 785 3052 premissorum,
815 2943 864 3024 ad
893 2942 1042 3052 regalia
1077 2943 1276 3025 addidisse
1306 2946 1356 3023 Jtt
1385 2947 1499 3025 cuius
1535 2942 1769 3025 donacionis
1798 2940 2072 3021 euidenciam&

323 3071 561 3162 perpetuam
580 3052 827 3133 ¹firmitatem.
856 3071 1081 3162 presentem
1110 3054 1285 3134 litteram
1315 3053 1448 3162 sigillo
1476 3071 1618 3136 nostro
1648 3069 1688 3133 et
1715 3051 1858 3160 sigillis
1904 3045 2072 3128 venerabi·

324 3163 423 3242 lium
453 3177 625 3271 patrum.
684 3164 950 3246 Dominorum
985 3165 1173 3246 Fulconis
1201 3165 1422 3274 upsalensis
1452 3165 1754 3273 archiepiscopi.
1796 3164 1957 3242 Henrici
1982 3160 2074 3238 linc

322 3273 470 3382 pensis.
507 3275 614 3353 Erici
643 3271 852 3355 skarensis.
897 3276 1105 3359 -Annundi
1134 3277 1427 3384 strengenensis
1456 3277 1600 3356 Karuli
1630 3274 1862 3369 arusiensis,
1891 3269 2026 3352 Kietilli
2045 3293 2074 3342 a·

321 3384 497 3465 boensis.
528 3382 939 3470 Aceriwexionensis
968 3386 1054 3468 eius
1083 3387 1449 3497 suffraganeorum,
1493 3387 1564 3496 qui
1600 3403 1698 3465 tunc
1732 3413 1872 3464 omnes
1916 3381 2075 3461 affuerunt

321 3493 510 3576 duximus
538 3491 812 3575 roborandam
841 3494 1002 3576 Datum.
1051 3499 1211 3606 Vpsalie
1239 3515 1344 3577 anno
1381 3497 1553 3578 Domini.
1594 3495 1952 3576 M'.CC⁰.LXXVl.
1978 3485 2073 3568 Vllll.

320 3601 401 3690 kal.
430 3602 553 3711 Junij.
585 3605 713 3711 Regni
742 3632 837 3686 vero
866 3611 992 3687 nostri
1022 3636 1130 3688 anno
1158 3607 1301 3722 primo.

394 3801 399 3812 ,
537 3742 666 3826 Sigilleu
687 3743 746 3807 Nzo
772 3766 798 3824 t,
821 3765 850 3826 2,
872 3744 903 3824 5,
925 3746 1108 3828 bortfallue,
1131 3748 1170 3810 dc
1191 3749 1289 3831 dirige
1310 3748 1346 3827 5,
1368 3749 1441 3832 lb'ga
1462 3745 1615 3824 sladade,
1637 3754 1690 3808 tro
1711 3745 1903 3810 bihehtttne.

325 3978 458 4136 613.
958 3979 1109 4124 1276
1156 3978 1204 4084 d.
1255 3980 1325 4085 26
1372 3957 1491 4120 Maj.
1549 4037 1552 4043 ·
1917 3965 2080 4120 Upsala.

402 4196 541 4279 Kouuug
561 4200 690 4262 Maestus
712 4201 751 4262 lts
772 4200 945 4262 Fiirs'a'lran
966 4221 1018 4260 om
1039 4200 1271 4283 lyrlogodsens
1291 4199 1457 4262 srilallelsc
1478 4196 1547 4258 han
1569 4196 1879 4281 Kinna-Utslsylder.

1753 4314 1789 4368 A.
1807 4329 1831 4383 7.
1852 4331 1877 4366 a.
1898 4326 1920 4365 ιε
1942 4329 1981 4366 ιο.

487 4450 686 4534 Omnibus
715 4453 757 4529 in
786 4450 937 4531 christo
968 4449 1155 4532 fidelibus
1198 4467 1401 4558 presentes
1444 4449 1596 4532 litteras
1639 4449 1896 4556 inspecturis.
1946 4447 2079 4551 Magnus

235 4599 238 4602 ·
322 4563 388 4646 dei
417 4565 550 4670 gracia
577 4589 661 4642 ren¹
677 4569 919 4658 swcuorum,
949 4561 993 4641 in
1021 4561 1186 4643 domino
1214 4562 1397 4660 salutem,
1425 4560 1585 4641 Tenore
1614 4561 1864 4669 presentium
1887 4574 2020 4640 notun
2042 4549 2080 4628 ft·

181 4668 191 4688 ²
319 4675 448 4756 cimus
460 4688 500 4751 et
514 4688 786 4780 protestamur
800 4673 1008 4767 uniuersis,
1024 4670 1136 4780 quod
1151 4675 1387 4753 intentionis
1400 4689 1538 4752 nostre
1552 4669 1916 4765 est,&reuerendis
1930 4660 2080 4780 patribus

320 4782 494 4867 dominis
531 4782 683 4863 fulconi
700 4785 913 4891 ¹upsalensi
948 4782 1271 4891 archiepiscopo,
1313 4812 1357 4865 ac
1392 4782 1518 4890 ipsius
1545 4778 1811 4890 suffraganeis
1856 4780 2082 4891 promisimus

320 4889 556 4990 bonafide,
584 4893 672 4972 iura
700 4893 946 5003 prelatorum
973 4909 1013 4972 et
1041 4890 1298 4973 ecclesiarum
1325 4922 1349 4973 a
1373 4893 1530 4975 iuribus
1558 4919 1709 4974 corone
1742 4891 1990 5004 distinguere
2012 4905 2081 4966 cum

274 5095 279 5101 ,
320 5005 496 5112 primum
524 5006 742 5113 poterimus
768 5022 812 5106 et
851 5004 1119 5087 habuerimus*
1150 5000 1398 5102 facultatem,
1440 5003 1622 5087 volentes
1661 5004 1775 5090 iuxta
1812 5003 2081 5116 professionem
