4406 5966
814 425 1355 576 ,635ψ”

135 662 364 744 Monasterio
406 661 457 752 de
492 665 571 742 Aas
611 663 654 740 in
697 658 911 740 Hallandia
955 659 1139 769 Vathby,
1183 689 1273 742 cum
1317 663 1505 744 omnibus
1547 663 1771 746 attinentiis
1818 669 1920 765 suis,

133 788 291 878 excepto
321 772 552 854 molendino
581 771 748 852 donavit
784 776 824 850 8(
858 773 1040 852 scotavit.
1078 771 1142 854 Ad
1178 801 1355 856 mensam
1399 774 1699 856 Cancnieorum
1727 775 1922 860 Lunden·

130 889 173 966 sis
203 883 388 964 Ecclesiae
418 884 611 966 Esbiruth
647 911 736 964 cum
774 880 1006 963 molendino
1042 885 1084 963 in
1121 885 1280 993 Rogen,
1312 892 1363 966 '&
1397 887 1555 970 coeteris
1591 888 1673 968 suis
1700 891 1922 974 attinentiis

128 996 241 1102 sylvis
270 995 459 1075 omnibus
489 1002 527 1076 8(
555 996 673 1075 terris
711 994 880 1076 donavit
907 1001 946 1074 8(
988 999 1170 1088 scotavit.
1229 999 1688 1109 Similiter'·Saxulstorp
1718 1002 1761 1081 in
1790 1002 1918 1086 Ruma

127 1133 209 1192 cum
240 1105 414 1185 Ecclesia
444 1111 482 1186 8(
511 1109 668 1187 coeteris
696 1109 780 1186 suis
809 1107 1032 1186 attinentiis
1060 1106 1209 1189 eisdem
1238 1109 1445 1191 Fratribus
1474 1110 1527 1191 ad
1556 1138 1732 1192 mensam
1754 1112 1922 1195 donavit
1999 1131 2012 1210 j

125 1221 366 1305 &scotavit
399 1218 461 1298 Ad
505 1218 693 1300 candelas
737 1244 869 1298 cereas
913 1223 1124 1328 utriusque
1166 1222 1336 1300 Coronae
1372 1228 1411 1300 8(
1447 1221 1499 1302 ad
1549 1250 1709 1304 cereum
1753 1242 1920 1306 noctur-

124 1363 215 1414 num
246 1334 286 1410 in
317 1331 565 1410 monasterio
611 1331 722 1408 Beati
765 1330 973 1407 Laurentii
1003 1348 1180 1438 quatuor
1209 1359 1363 1411 marcas
1404 1336 1563 1441 argenti
1606 1336 1776 1443 singulis
1805 1339 1920 1418 annis

124 1448 167 1527 de
197 1469 319 1525 censu
350 1443 550 1536 Civitatis,
578 1443 652 1551 qui
681 1441 904 1548 vulgariter
920 1439 1070 1520 dicitur
1100 1443 1374 1523 blidsommers
1404 1445 1558 1549 Gylde,
1587 1447 1710 1529 dedit.
1741 1447 1919 1529 Venera-

122 1559 190 1640 bili
225 1554 401 1634 Domino
442 1555 560 1633 Erico
605 1551 853 1633 Nidrosiensi
896 1553 1203 1660 Arehipraesuli,
1249 1571 1418 1662 propter
1462 1559 1662 1636 iustitiam
1704 1559 1917 1656 exsulanti,

122 1686 277 1750 centum
307 1693 459 1746 marcas
487 1667 655 1771 argenti.
685 1663 858 1743 lllartino
887 1665 1076 1770 Bergensi
1107 1667 1319 1774 Episcopo
1351 1668 1647 1777 quinquaginta
1671 1696 1823 1750 marcas
1854 1700 1918 1751 ar·

120 1782 240 1886 genti.
272 1777 431 1884 Nigcllo
461 1778 664 1884 Episcopo
694 1774 1004 1881 staffengrensi,
1035 1779 1331 1886 quinquaginta
1376 1805 1529 1856 marcas
1574 1782 1741 1886 argenti.
1800 1783 1918 1862 ivaro

120 1889 429 1996 Hamarcopensi
461 1889 677 1995 Episcopo,
708 1889 1002 1996 quinquaginta
1019 1917 1185 1969 marcas
1209 1890 1377 1995 argenti.
1409 1887 1579 1968 Nicolao
1594 1891 1805 1972 Aslonensi
1821 1895 1917 2001 Epi-

118 2029 251 2110 scop0,
281 1998 418 2080 ciffum
436 2016 672 2106 argenteum
690 2002 730 2077 8(
753 1999 939 2077 scutellas
968 2021 1197 2109 argenteas,
1227 2028 1327 2109 quas
1343 1999 1445 2078 idem
1465 2003 1690 2108 Episcopus
1718 2004 1756 2081 ei
1784 2031 1917 2112 quon·

122 2116 210 2195 dam
241 2111 424 2204 dederat,
455 2109 631 2215 donavit.
681 2111 856 2188 Domino
887 2111 984 2216 Regi
1015 2111 1151 2190 ciffum
1184 2100 1417 2219 argenteum
1462 2111 1700 2192 mirabiliter
1743 2111 1916 2194 fabrefa-

118 2245 234 2320 ctum,
265 2251 383 2333 quem
417 2223 610 2301 Domirms
639 2222 907 2302 Nidrosiensis
936 2226 971 2300 ei
1001 2221 1208 2330 quondam
1239 2221 1418 2317 dederat,
1450 2227 1489 2300 8(
1520 2224 1727 2302 vasculum
1749 2252 1918 2304 aureum

119 2365 205 2417 curn
225 2363 361 2414 musco
374 2329 495 2412 dedit.
529 2327 722 2412 Dominus
738 2334 849 2412 Suno
866 2334 899 2410 ei
917 2333 1131 2413 tenebatur
1145 2333 1315 2413 reddere
1332 2335 1494 2412 CXXX.
1523 2361 1676 2413 marcas
1692 2338 1861 2443 argenti,
1877 2344 1916 2418 8(

117 2447 215 2529 illud
244 2446 424 2527 debitum
465 2446 637 2523 Domino
668 2448 787 2524 Petro
818 2444 1097 2534 Roschildensi
1143 2449 1345 2552 Episcopo
1374 2453 1411 2523 8(
1445 2446 1656 2525 Fratribus
1699 2448 1780 2526 suis
1824 2449 1915 2527 reli·

115 2561 214 2670 quit.
247 2559 448 2665 Episcopo
479 2553 753 2634 llosclrildensi
784 2557 1079 2664 quinquaginta
1108 2583 1260 2636 marcas
1289 2559 1445 2662 argenti
1475 2557 1634 2638 duabus
1656 2560 1788 2637 minus
1818 2587 1915 2638 con-

115 2687 284 2750 cesserat
313 2666 365 2747 ad
392 2666 604 2746 emendum
639 2665 832 2761 Alstofta,
875 2696 974 2776 quas
1010 2664 1122 2747 idem¹
1169 2669 1372 2775 Episcopo
1401 2669 1568 2764 remisit,
1610 2676 1649 2749 8(
1677 2668 1818 2750 ciffum
1848 2700 1912 2749 ar·
2000 2751 2002 2756 ,

111 2798 321 2891 genteum,
351 2807 471 2888 quem
501 2780 537 2856 ei
567 2777 773 2886 quondam
804 2777 988 2874 dederat,
1027 2777 1201 2859 donavit.
1260 2777 1508 2884 Fratriejus
1540 2781 1712 2859 Domino
1742 2783 1913 2861 Cancel-

19 2979 24 2996 ,
113 2895 233 2986 laria,
263 2891 402 2970 ciffum
434 2905 689 2998 argenteum,
719 2918 837 2996 quem
869 2892 904 2967 ei
936 2892 1130 2969 Dominus
1160 2892 1271 2969 Suno
1301 2888 1508 3000 quondam
1538 2890 1721 2983 dederat,
1752 2893 1920 2997 legavit.¹

111 3006 285 3083 Domino
320 3003 497 3080 Esbcrno
527 2999 665 3079 ciffum
709 3017 964 3108 argenteum,
1012 3021 1137 3110 >quem
1181 3001 1433 3081 Hildebrand
1476 3001 1642 3098 fecerat,
1674 3007 1713 3078 8(
1743 3031 1911 3108 parvum
2017 3043 2023 3054 ’

112 3115 277 3208 ciffum,
308 3113 357 3191 de
387 3142 470 3220 quo
499 3117 617 3190 Pater
645 3112 732 3218 ejus
762 3114 947 3219 potiones
977 3115 1158 3220 accipere
1173 3113 1346 3207 solebat,
1377 3118 1416 3190 8(
1445 3112 1612 3191 cuilibet
1628 3113 1804 3192 liliorum
1820 3142 1911 3193 suo-

110 3257 199 3308 rum
230 3225 345 3305 ciffos
389 3241 601 3330 argenteos
637 3221 686 3302 de
716 3223 934 3330 majoribus
963 3224 1062 3303 ciffis
1098 3224 1219 3304 dedit.
1278 3226 1450 3304 Domino
1494 3222 1726 3302 Alexandro
1770 3223 1909 3304 ciffum

107 3354 343 3444 argenteum
373 3335 424 3415 de
459 3334 692 3413 melioribus
721 3339 759 3410 8(
789 3335 932 3414 loricas
960 3365 1061 3443 quas
1090 3335 1266 3414 habebat
1295 3342 1332 3414 8(
1362 3335 1522 3414 duobus
1553 3334 1642 3414 filiis
1671 3337 1770 3429 suis,
1809 3335 1912 3416 duos
1997 3363 2021 3398 ··

107 3450 223 3531 ciffos
252 3461 462 3554 argenteos
492 3445 669 3540 modicos
699 3445 820 3526 dedit.
880 3447 1061 3526 Dominae
1102 3448 1335 3553 lllargareta’
1365 3445 1466 3526 duos
1496 3445 1615 3525 ciffos
1659 3447 1908 3552 llojanorum

109 3561 330 3641 idolorum.
362 3558 577 3636 Canonicis
608 3556 658 3635 de
689 3557 887 3636 Paraclito
917 3557 1050 3635 ciffum
1083 3575 1318 3665 argenteum
1349 3556 1398 3638 dc
1428 3557 1552 3664 plano
1584 3585 1724 3664 opere,
1755 3556 1909 3662 ponde·

107 3689 266 3753 rantem
301 3670 460 3747 circiter
502 3667 638 3746 decern
686 3697 838 3746 mareas
875 3673 1042 3772 argenti.
1103 3669 1293 3774 lllajorem
1340 3660 1477 3746 ciffum
1523 3685 1756 3772 argenteum
1791 3695 1911 3773 quem

108 3787 207 3865 Sora
241 3780 402 3874 habuit,
432 3779 605 3886 Capellae
634 3778 684 3858 de
715 3781 814 3858 Sora
845 3777 975 3874 dedit,
1006 3779 1056 3858 ad
1086 3782 1248 3860 calicem
1279 3780 1515 3858 laciendum.
1550 3780 1607 3855 De
1637 3778 1811 3856 scutellis
1827 3780 1906 3857 suis

104 3893 308 4004 argenteis
337 3891 453 3998 jussit
483 3891 625 3969 calices
655 3889 738 3970 lieri
776 3891 818 3968 in
850 3895 1092 3970 monasterio
1122 3892 1173 3971 B:
1195 3893 1402 3970 Laurentii
1434 3890 1559 3969 fortes
1583 3896 1619 3968 8(
1650 3889 1905 3968 suflicientes:

104 4007 220 4116 quod
250 4031 346 4084 vero
375 4001 437 4080 his
467 4001 667 4110 praedictis
706 4002 756 4081 de
785 3998 886 4080 ciffis
916 4005 1114 4108 argenteis
1138 4009 1177 4080 8(
1206 4003 1380 4083 scutellis
1416 4027 1538 4106 super
1584 4001 1704 4078 fuerit
1734 3999 1783 4078 ad
1813 4028 1907 4108 per-

103 4117 297 4198 ficiendas
326 4119 506 4194 Coronas
535 4115 575 4191 in
607 4113 759 4220 templo
788 4116 1214 4222 reservari.praecepit.
1275 4113 1467 4191 Dominus
1508 4112 1733 4190 Alexander
1765 4111 1906 4192 habuit
1962 4206 1965 4214 ¹

17 4267 18 4276 ¹
106 4247 202 4310 octo
233 4227 412 4306 marchas
442 4227 529 4303 auri
559 4230 598 4303 8(
627 4223 830 4304 dimidiam
862 4221 909 4302 ad
943 4252 1045 4331 opus
1075 4225 1218 4304 casulae
1249 4233 1287 4301 8(
1316 4250 1579 4318 coronarum,
1609 4249 1657 4300 ea
1691 4250 1775 4330 quo
1805 4247 1919 4303 auro·

100 4367 291 4448 magnam
327 4354 483 4446 partem
512 4324 655 4416 casulae
683 4335 764 4442 jam
794 4338 944 4442 apponi
976 4335 1061 4416 seci.
1093 4335 1289 4416 Eschillus
1320 4333 1533 4442 presbyter
1563 4335 1734 4412 annulos
1764 4359 1905 4412 aureos
1942 4383 1945 4396 ·

44 4493 50 4500 ·
98 4451 228 4531 habet
258 4448 309 4528 ad
339 4475 442 4554 opus
472 4445 691 4527 eorundem
722 4443 1003 4545 reservandos;
1040 4463 1252 4554 argentum
1297 4445 1407 4554 quod
1452 4444 1698 4552 liuthgerus
1727 4447 1763 4523 ei
1796 4459 1903 4522 tene-

98 4563 228 4643 batur
258 4559 503 4668 persolvere,
533 4575 663 4639 totum
693 4557 940 4667 pauperibus
971 4559 1086 4665 jussit
1116 4558 1286 4665 erogari.
1346 4557 1542 4634 Dominus
1587 4555 1905 4635 Archidiaconus

96 4674 153 4755 de
183 4685 371 4780 argento,
401 4668 512 4777 quod
543 4673 696 4777 aceepit
725 4696 801 4778 pro
830 4668 993 4748 decimis
1022 4675 1060 4747 8(
1090 4698 1111 4748 a
1141 4667 1387 4776 presbyteris
1416 4673 1455 4744 8(
1484 4663 1534 4745 de
1565 4685 1753 4772 argento,
1788 4665 1902 4774 quod

94 4785 226 4865 habet
256 4782 452 4861 Dominus
484 4780 731 4877 Alexander,
761 4781 935 4859 Domino
972 4781 1287 4888 Archiepiscopo
1323 4778 1591 4871 Nidrosiensi,
1626 4785 1663 4856 8(
1694 4780 1902 4886 Episcopis

98 4893 345 5004 praedictum
374 4907 586 4998 argentum
618 4892 837 4999 persolvat,
867 4897 905 4971 8(
934 4889 1046 5001 quod
1070 4891 1274 4972 residuum
1305 4891 1400 4986 suit,
1435 4893 1539 4970 inter
1556 4891 1792 4968 monasteria
1810 4890 1902 4967 Sea-

102 5011 186 5088 niae
217 5010 257 5084 8(
286 4999 480 5086 Selandiae
510 5001 680 5084 fideliter
715 5000 901 5082 distribui
931 5005 1135 5111 praecepit.
1195 5005 1391 5083 Dominus
1422 5001 1651 5081 Alexander
1680 5018 1810 5079 autem
1841 5027 1904 5078 ar·
2026 5020 2030 5030 ·
