4404 5960
977 407 1040 436 ι-
1148 362 1229 460 arn
1338 379 1396 440 ε.
1452 403 1469 460 .·

298 611 317 680 ,'
382 637 387 691 :
461 579 647 704 Urbanus
675 587 747 663 &u
775 574 1005 668 Venerabili
1028 589 1174 698 Fratri
1199 649 1208 670 .
1239 610 1248 668 ε
1279 585 1474 698 Episcopo
1502 584 1691 666 Scarerui
1714 583 1880 667 Salutem
1902 591 1961 695 &u

413 831 418 841 γ
458 727 518 807 De
547 725 822 836 predicatione
850 729 992 809 Crucis
1021 757 1099 838 pro
1124 728 1309 812 subsidio
1335 728 1475 811 Terrae
1502 729 1668 808 Sanctae.

291 855 296 866 “
467 839 528 918 De
557 841 720 918 summis
750 838 937 920 Celorum
966 842 1164 920 Dominus
1196 857 1355 920 ¹terram
1399 865 1469 920 sue
1513 837 1761 934 Natiuitatis,
1795 853 1838 916 et
1878 843 2033 948 passionis

291 951 504 1060 aspiciens,
533 946 630 1030 dum
659 954 731 1057 per
759 950 938 1055 singulos
968 947 1052 1032 dies
1081 951 1125 1032 in
1156 951 1223 1034 illa
1254 951 1374 1031 variis
1403 965 1649 1058 provocatur
1683 947 2034 1044 iniuriis,necesur·

290 1061 350 1170 git
380 1060 576 1170 populus,
605 1083 727 1172 quem
756 1063 842 1170 ipse
870 1061 1041 1144 redemit
1083 1062 1134 1144 ad
1168 1058 1456 1142 vindicandum
1484 1060 1626 1140 Crucis
1666 1057 1918 1166 obprobrium
1942 1091 1982 1142 ex
1998 1091 2034 1144 co

321 1174 483 1282 recipue
513 1198 596 1253 non
624 1173 824 1252 immerito
851 1170 948 1272 addi
976 1174 1027 1256 ad
1064 1169 1246 1254 dolorem
1288 1194 1454 1253 suorum
1495 1171 1706 1252 vulnerum
1748 1186 1913 1278 reputat,
1949 1173 2036 1282 quod

286 1202 405 1367 locus
434 1284 501 1364 ille
535 1285 832 1379 Sanctissimus,
875 1281 918 1366 iu
953 1314 1038 1396 quo
1067 1285 1198 1394 ipsum
1227 1281 1313 1363 Celi
1343 1280 1490 1391 Regem
1534 1282 1660 1389 Virgo
1704 1309 1891 1392 puerpera
1928 1285 2036 1392 genuit

285 1394 482 1490 ¹continue
498 1387 735 1475 ‘vexationis
764 1395 933 1476 lassatur
962 1397 1175 1504 angustiis,
1205 1411 1245 1476 et
1273 1395 1504 1476 successivis
1532 1389 1707 1476 dissidiis
1741 1387 1934 1490 laceratur,
1954 1421 2037 1474 nnnc

288 1507 331 1586 in
361 1505 474 1597 illum
507 1505 778 1606 sarracenica
793 1505 952 1588 furente
980 1506 1138 1603 sevitia,
1168 1534 1277 1586 nunc
1305 1505 1346 1584 in
1370 1505 1543 1588 eundem
1559 1499 1710 1584 furoris
1739 1504 1964 1584 immanitate
1976 1519 2039 1582 tar·
2137 1579 2138 1588 ,

287 1618 403 1697 tarici
432 1609 565 1714 senui,
592 1615 656 1696 vel
684 1617 782 1695 etati
810 1645 975 1727 parcere
1004 1619 1135 1698 nescia
1179 1618 1367 1698 seviente.
1409 1613 1472 1696 Ad
1501 1617 1579 1696 hoc
1608 1616 1716 1695 enirn
1759 1615 1939 1723 precipue
1962 1613 2039 1694 lilio

289 1757 381 1808 rum
409 1729 511 1810 lucis
539 1729 710 1808 intentio
739 1727 931 1818 tendere,¹
953 1730 1060 1809 circa
1089 1728 1131 1810 id
1160 1727 1307 1808 debent
1337 1755 1476 1807 eorum
1491 1725 1649 1806 assidue
1673 1725 1825 1805 revolvi
1852 1721 2039 1821 Precordia,

209 1907 211 1912 ,
285 1867 336 1922 ac
365 1836 595 1920 sollicitudo
625 1839 792 1934 versari,
834 1854 880 1918 ut
922 1836 1029 1919 illius
1072 1857 1196 1935 terre,
1239 1865 1360 1947 quam
1393 1839 1436 1916 in
1464 1833 1724 1918 hereditatem
1770 1836 1847 1915 sibi
1872 1835 1938 1915 Dei
1962 1834 2040 1914 lilius

288 1949 485 2059 preelegit
514 1947 861 2046 abhominationes
890 1952 1053 2058 expiare
1081 1966 1298 2043 conentur,
1327 1965 1368 2030 et
1397 1950 1554 2056 potenti
1583 1975 1705 2027 manu
1735 1950 1911 2028 resistere
1936 1943 2039 2054 pollu-

287 2061 450 2157 entibus
479 2063 604 2170 ipsam
633 2059 723 2140 filiis
751 2061 1021 2143 tenebrarum.
1068 2061 1152 2142 Hec
1181 2059 1365 2169 profecto
1395 2058 1635 2150 dissimulari
1678 2087 1761 2138 non
1807 2057 1961 2150 debent,
1994 2055 2038 2136 vel
2136 2147 2138 2156 .

287 2173 443 2255 obtusis
472 2171 637 2252 auribus
667 2173 871 2280 preteriri,
902 2200 952 2252 ne
987 2171 1137 2254 Redem
1168 2189 1235 2252 tor
1270 2189 1406 2251 noster
1444 2187 1599 2256 ,cuncta
1642 2168 1855 2278 previdens
1895 2166 1968 2246 falli
1990 2195 2040 2246 ne·

287 2284 392 2378 scius
419 2283 725 2392 ingratitudinis
753 2284 851 2364 vitio
879 2280 1107 2393 redemptos
1136 2201 1603 2390 liborarecomperiens
1631 2279 1769 2360 abeis
1797 2279 1930 2359 faciem
1944 2279 2040 2356 iratus

287 2412 454 2490 avertat,
483 2421 633 2504 eosque
662 2395 774 2473 velut
804 2391 991 2502 indignos
1021 2411 1190 2503 paterna
1219 2396 1350 2505 gratia
1378 2389 1647 2502 derelinquat.
1678 2393 1773 2472 Non
1802 2393 1882 2472 sint
1896 2391 2000 2500 igitur
2011 2387 2041 2466 li·

286 2506 330 2586 lii
357 2503 585 2587 devotionis
611 2507 878 2601 immemores,
907 2505 1020 2615 quod
1049 2507 1135 2615 ipse
1163 2505 1355 2586 Christus·
1374 2505 1417 2582 in
1445 2521 1552 2583 terra
1568 2503 1637 2583 illa
1653 2504 1695 2581 in
1722 2501 1850 2582 forma
1866 2503 1959 2581 servi
1976 2526 2041 2579 cara

230 2664 232 2674 ι
284 2644 378 2698 nem
408 2632 546 2696 nostre
574 2616 826 2726 mortalitatis
855 2615 1021 2697 indutus
1049 2617 1179 2697 crucis
1229 2645 1313 2697 non
1356 2616 1499 2698 metuit
1540 2614 1678 2694 subire
1719 2630 1973 2705 tormentum,
2010 2626 2040 2687 ut

285 2746 453 2809 mortem
486 2745 663 2807 nostram
692 2727 901 2808 moriendo
931 2727 1172 2822 destrueret,
1201 2744 1242 2806 et
1271 2729 1393 2807 vitam
1422 2723 1667 2835 resurgendo
1695 2724 1882 2806 fidelibus
1915 2745 2039 2830 repara·

182 2847 187 2872 '
274 2835 359 2928 ret.
387 2841 616 2942 Quesumus
645 2836 858 2948 diligenter
888 2837 1099 2936 attendant
1142 2839 1317 2947 qualiter'
1337 2838 1412 2920 illa
1452 2836 1688 2917 miserabilis
1734 2838 1849 2946 regio
1891 2833 2065 2942 depressa.

284 2952 387 3030 iacet
418 2948 517 3030 diris
541 2949 768 3057 angustiata
797 2947 984 3058 flagellis,
1013 2948 1208 3060 quodque
1236 2952 1278 3030 in
1307 2978 1394 3031 eam
1422 2950 1546 3057 pestis
1588 2947 1781 3027 tartarica
1825 2943 2041 3055 supervenit,

283 3057 398 3158 cuins
424 3076 542 3139 tanto
572 3059 709 3168 potius
737 3061 930 3140 nimirum·
956 3059 1081 3142 futuri
1111 3062 1313 3172 vicinique
1342 3060 1564 3152 formidant
1591 3059 1791 3153 incursus,
1816 3072 2042 3168 quantogra·

282 3173 372 3253 vius
401 3169 469 3251 ille
498 3199 626 3267 sevus,
656 3187 697 3250 et
726 3170 995 3279 dampnabilis
1023 3171 1292 3253 Tartarorum,
1319 3169 1495 3281 populus
1518 3187 1689 3266 terram,
1718 3197 1845 3278 quam
1873 3195 1938 3248 sue
1962 3163 2044 3244 subi·

198 3329 201 3340 ,
282 3283 339 3362 cit
367 3282 571 3378 servituti,
600 3281 924 3364 intolerabilibus
954 3283 1233 3363 exactionibus
1262 3286 1515 3391 opprimens,
1557 3277 1627 3361 sic‘
1659 3279 1766 3360 illins
1812 3279 1957 3361 incolas
1981 3291 2043 3354 tor

281 3409 432 3503 quetur
460 3393 704 3490 immaniter,
724 3410 775 3473 ‚et
804 3391 963 3501 affligit,
992 3393 1104 3504 qood
1133 3393 1323 3502 degentes
1351 3393 1428 3474 suh
1444 3421 1584 3474 eorum
1599 3391 1860 3500 tyrampnidc
1889 3386 2045 3470 libentius

281 3521 407 3584 metas
434 3505 574 3583 mortis
603 3503 815 3611 eligerent,
844 3525 965 3614 quam
993 3507 1050 3584 sic
1079 3503 1255 3585 vivendo
1282 3521 1394 3584 tanta
1425 3505 1561 3584 subire
1591 3531 1738 3610 genera
1769 3517 2044 3586 tormentorum.

280 3613 495 3724 Exurgant
524 3615 660 3723 itaque
688 3613 782 3694 fidei
811 3615 1004 3695 zelatores
1019 3615 1070 3697 ad
1087 3614 1360 3696 defensionem
1377 3615 1483 3697 dicte
1499 3615 1688 3723 Regionis
1708 3614 1885 3696 eiusdem
1908 3609 2045 3691 Redem-

280 3728 410 3836 ptoris
439 3730 634 3832 martyrio
662 3743 894 3821 consecute,
923 3754 998 3806 nec
1027 3725 1150 3805 adid
1179 3739 1388 3836 tepescant
1417 3752 1557 3806 eorum
1572 3725 1705 3820 animi,
1734 3724 1807 3807 sed
1825 3717 2046 3812 ferventibus

278 3836 487 3918 desideriis
517 3836 803 3922 accendantur.
832 3838 920 3917 Hoc
949 3839 1056 3917 enim
1085 3839 1170 3944 ipse
1214 3839 1287 3917 Dei
1321 3839 1426 3918 filius
1469 3839 1575 3918 inter
1618 3852 1749 3916 cetera
1795 3827 2048 3916 sollicitudinis

277 3948 455 4032 humane
482 3949 644 4028 servitia
675 3949 944 4057 gratissimum
972 3964 1151 4055 reputat,
1181 3964 1221 4026 et
1251 3949 1305 4028 ob
1319 3949 1362 4030 id
1377 3948 1444 4028 illa
1461 3947 1646 4056 rependit
1662 3949 1836 4058 premia,
1864 3971 1942 4056 que
1961 3940 2048 4050 prin·

164 4155 173 4172 Ι
277 4059 461 4168 cipaliter
490 4057 680 4162 affectare
710 4058 920 4154 debemus,
951 4074 991 4138 et
1020 4074 1175 4167 petere,
1207 4058 1305 4139 dum
1333 4061 1375 4140 in
1403 4061 1507 4139 valle
1539 4059 1659 4166 positi
1688 4059 1890 4167 presentis
1920 4048 2049 4133 miserie

277 4170 435 4253 indulta
465 4171 584 4251 nobis
613 4168 864 4251 excurrimus
892 4185 1074 4278 tempora
1104 4171 1321 4264 servitutis.
1350 4173 1451 4250 Cum
1481 4171 1606 4278 igitur
1635 4167 1686 4248 de
1715 4186 1773 4266 te,
1833 4195 1925 4248 uem
1952 4160 2051 4244 habe·

275 4309 320 4364 re
346 4279 547 4365 credimus
575 4284 758 4362 timorem
790 4283 970 4379 Domini,
1001 4298 1052 4361 et¹
1071 4307 1267 4376 amorem,
1297 4285 1451 4392 quique
1480 4276 1771 4388 multiplicibus
1800 4199 1920 4363 donis
1947 4276 2052 4374 virtu·

275 4412 362 4476 tum
392 4385 574 4502 preditus
602 4391 860 4475 laudabiliter
887 4395 983 4490 scis,
1014 4409 1055 4472 et
1084 4392 1192 4472 vales
1207 4393 1420 4500 proficere,
1452 4394 1525 4473 ubi
1555 4392 1714 4492 labores
1744 4387 1962 4500 impendis,
1988 4407 2051 4462 ma·

274 4529 395 4613 gnam
423 4506 466 4585 in
495 4506 670 4584 Domino
700 4501 885 4586 fiduciam
912 4503 1149 4598 habeamus,
1180 4521 1405 4612 sperantes,
1434 4521 1480 4584 ut
1508 4503 1551 4582 in
1580 4504 1865 4610 prosecutione
1878 4491 2053 4610 presentis

272 4614 427 4720 negotii
455 4632 686 4696 constanter
714 4612 905 4711 militans,
935 4612 1038 4694 illud
1066 4613 1295 4693 efficacibus
1324 4605 1486 4710 studiis,
1515 4629 1555 4695 et
1586 4611 1717 4722 plenis
1743 4611 1896 4695 debeas
1924 4602 2052 4689 allecti·

271 4723 351 4808 bus
380 4750 636 4831 promovere,
665 4725 959 4805 fraternitatem
987 4739 1100 4804 tuam
1127 4751 1336 4834 rogamus,
1366 4740 1406 4804 et
1433 4723 1646 4804 hortamur
1674 4740 1830 4806 attente
1869 4725 1918 4804 in
1938 4716 2053 4801 remis·

213 4843 217 4852 '
271 4836 427 4916 sionem
466 4833 543 4914 tibi
585 4836 861 4964 peccaminum
906 4836 1180 4940 iniungenteS,
1226 4850 1429 4945 quatenus
1463 4833 1694 4917 huiusmodi
1737 4833 1923 4943 predicte
1965 4847 2052 4909 terre

121 5013 145 5044 ,.
270 4960 421 5031 sutum
450 4943 600 5026 Christi
627 4944 815 5032 fidelibus
845 4947 889 5029 in
916 4946 1059 5057 Regno
1101 4944 1236 5027 Suetie
1272 4962 1417 5056 perte
1460 4948 1535 5030 vcl·
1567 4973 1641 5058 per
1680 4945 1823 5047 alium,
1874 4973 1945 5027 seu
1972 4939 2053 5020 alios
