4398 5958
845 507 903 529 ...
1016 465 1097 576 459
1209 417 1343 530 ..⁸

6 637 102 790 lm
154 683 427 772 misericordia
455 711 530 768 nos
559 665 768 767 confortat
852 687 907 771 od
935 683 1180 770 intendimus
1210 685 1252 766 in
1280 714 1328 768 eo
1359 709 1476 794 posse
1504 689 1709 794 sperantes
1731 689 1949 798 paruipen·

2 758 98 858 lffffl
152 802 283 885 dimus
311 825 454 894 onera,
483 797 642 879 labores
683 797 794 876 consi
824 816 931 879 erate
960 797 1221 892 calcauimus,
1250 803 1289 879 &
1317 797 1470 879 caeteris
1507 799 1658 876 nostris
1685 825 1732 879 ac
1759 799 1950 884 Fratrum

9 893 105 1018 lumb
152 930 384 994 nostrorum
411 905 806 989 incommoditatibus
835 910 879 988 in
907 907 1086 990 eiusdem
1122 907 1454 989 considerationis
1497 910 1791 991 examinatione
1832 929 1946 1019 post·

20 1012 102 1090 'lm
149 1023 310 1134 positis,
341 1035 385 1102 vt
412 1020 647 1127 Principum
675 1023 715 1097 &
742 1021 1007 1101 Praelatorum
1034 1015 1256 1099 eorundem
1284 1019 1441 1100 facilius
1464 1021 1662 1125 possimus
1674 1019 1825 1102 habere
1839 1050 1945 1130 prte-

8 1136 101 1204 ⁸=l⁰l
149 1134 329 1228 seutiam,
358 1158 405 1211 ac
432 1131 569 1213 Terrae
599 1126 801 1238 praedictae
829 1132 1140 1213 subucntionem
1168 1129 1384 1212 efficaciter
1413 1157 1665 1236 promouere.
1725 1133 1945 1215 Ciuitatem

12 1234 103 1317 olm
149 1243 461 1352 Lugdunensem
490 1270 574 1350 quo
603 1239 706 1319 inibi
736 1242 962 1323 Concilium
990 1270 1082 1322 cum
1110 1242 1252 1321 maiori
1281 1238 1565 1322 commoditate
1581 1246 1859 1342 conueniatur,
1890 1244 1942 1328 de

23 1351 103 1458 spiriu
151 1357 331 1464 ipsorum
361 1351 534 1434 fratrum
563 1350 731 1433 consilio
760 1349 949 1433 duximus
974 1349 1215 1461 eligendam.
1245 1351 1370 1455 Quod
1398 1351 1516 1432 nobis
1531 1368 1670 1433 tenore
1684 1356 1945 1463 praesentium

1 1479 104 1546 ²⁰atrrr
150 1465 388 1547 nunciantes
415 1464 719 1546 vniuersitatem
749 1463 944 1544 Vestram.
962 1491 1181 1560 monemus,
1210 1491 1398 1572 rogamus
1426 1467 1467 1542 8r
1494 1462 1703 1545 hortamur
1730 1469 1775 1547 in
1806 1469 1946 1549 Domi·

4 1575 100 1660 iunius
150 1607 205 1658 no
233 1575 467 1688 Apostolica
495 1573 610 1654 vobis
639 1573 904 1655 nihilominus
932 1575 1171 1655 auctoritate
1206 1574 1458 1672 mandantes,
1494 1591 1696 1685 quatenus
1724 1580 1767 1656 in
1797 1577 1945 1686 praedi·
2059 1655 2073 1662 -

15 1692 105 1804 integr
152 1704 215 1770 cta
229 1687 405 1767 Ciuitate
433 1683 696 1794 Lugdunensi
711 1685 823 1765 iuxta
844 1688 1120 1795 praescriptam
1147 1713 1220 1794 per
1249 1686 1499 1794 supradictas
1527 1685 1660 1765 literas
1676 1685 1946 1796 formamstu·

8 1807 102 1891 vdent
153 1799 279 1881 deatis
313 1799 442 1894 omni,
472 1823 593 1906 quarn
625 1795 871 1876 ineuitabilis
900 1799 1114 1877 necessitas
1142 1824 1226 1877 non
1255 1796 1429 1905 indiget,
1462 1798 1719 1896 excusatione
1743 1803 1945 1908 postposi-

32 1905 103 2004 aefflsz
153 1927 195 2006 ta
209 1911 250 1988 in
267 1908 432 2016 praefixo
461 1935 536 2016 per
563 1905 722 1987 easdem
751 1906 887 1988 literas
914 1909 1090 1988 termino
1119 1935 1360 2017 comparere.
1400 1911 1549 1988 Datum
1578 1908 1689 2017 apud
1708 1909 1858 1992 ,vrbem
1878 1939 1946 1998 ve·

12 2037 104 2120 eddi:
154 2037 281 2101 terem
309 2017 451 2102 Idibus
477 2017 629 2127 Aprilis
658 2045 765 2099 anno
794 2019 1011 2141 secundm
1189 2021 1195 2052 ¹

34 2151 102 2232 dm

17 2267 104 2346 lul·
162 2252 292 2357 568.
493 2288 499 2306 ⁸
812 2253 962 2397 1273
1010 2255 1059 2384 d,
1107 2256 1138 2359 5
1185 2256 1302 2357 Jun.
1509 2347 1514 2362 .
1635 2251 1972 2404 Linkbping‘

22 2378 103 2463 cml
235 2447 382 2534 Abbo'ten
402 2473 475 2533 Nus
497 2471 558 2534 och
584 2471 754 2534 Conventet
773 2473 785 2532 i
806 2473 928 2556 Nydala
950 2475 1108 2536 tersum-ar
1127 2443 1278 2556 Biskopen
1309 2471 1371 2534 och
1402 2471 1666 2554 Dum-Cupitleti
1689 2473 1863 2560 Linkdping
1895 2497 1950 2540 om
2040 2459 2049 2470 ⁸

18 2513 102 2644 ''lull‘'
288 2553 472 2634 deltagaudc
494 2556 504 2614 i
525 2555 590 2616 alla
610 2555 752 2616 llostrets
775 2555 856 2637 goda
877 2557 953 2619 verli
975 2556 1036 2619 och
1057 2560 1239 2640 gerningar,
1261 2567 1340 2618 saint
1361 2577 1399 2618 en
1419 2556 1589 2637 sjelamussa
1609 2555 1713 2618 narde
1736 2557 1787 2638 dt,
1808 2559 1870 2622 och
1880 2559 1949 2625 dra·

7 2627 55 2700 ἶΐῧ,
77 2637 98 2715 l
287 2635 470 2746 begapgelse
491 2636 552 2700 den
577 2658 608 2700 tt
636 2638 709 2702 Juli·
1178 2639 1182 2650 '
1689 2717 1720 2775 B·
1738 2721 1763 2776 δῖ
1779 2722 1824 2790 41,

628 2858 695 2942 'De
722 2859 998 2942 anniuersario
1014 2863 1207 2964 fratrum
1234 2861 1462 2967 rtoueuallis.

321 3001 557 3085 Uenorabili
584 3004 628 3084 in
655 3003 806 3085 christo
833 3007 941 3114 patri
968 3032 1015 3086 ac
1044 3005 1220 3088 domino.
1248 3004 1299 3084 Η.
1327 3002 1393 3086 dei
1428 2999 1561 3112 gracia
1595 3002 1786 3110 episcopo
1821 3003 1952 3088 linco-¹

79 3107 91 3135 ¹'
158 3113 270 3226 pensi
297 3115 456 3222 totique
484 3115 665 3224 capitulo
701 3117 988 3198 canonicorum
1020 3115 1199 3197 eiusdem
1241 3115 1404 3197 ecclesie
1448 3130 1696 3194 sacrosancte
1737 3111 1873 3204 frater.
1896 3117 1949 3222 N,

19 3195 89 3308 ,Ψ
157 3225 286 3321 dictus
314 3225 440 3307 abbas
467 3216 691 3308 noueuallis
719 3243 911 3338 totusque
939 3225 1117 3309 eiusdem
1142 3228 1225 3309 'loci
1248 3253 1473 3336 pauperum
1494 3225 1633 3306 christi
1647 3240 1873 3306 conuentus
1887 3253 1951 3310 sa·

16 3411 21 3425 ,
156 3337 279 3417 lutem
309 3342 348 3416 &
375 3339 609 3419 oracionum
636 3335 833 3448 suffragia
869 3337 1111 3419 denotarum
1152 3339 1296 3447 Magne
1339 3336 1553 3418 deuocioni
1580 3352 1711 3417 vestre
1740 3363 1821 3448 qua
1850 3365 1952 3445 pau·

71 3518 72 3526 i
95 3477 104 3484 ·
155 3463 353 3559 pertatem
368 3466 546 3530 nostram
561 3450 671 3558 larga
685 3450 972 3534 beneficiorum
985 3453 1213 3533 vestrorum
1228 3450 1361 3556 gracia
1377 3449 1618 3556 preuenistis
1633 3446 1686 3531 ad
1702 3447 1952 3557 responden·

32 3635 38 3648 ‚
67 3653 80 3670 ι,
157 3559 254 3646 dum
282 3586 332 3639 ex
360 3561 449 3668 pari
477 3561 571 3645 licet
598 3588 673 3641 uos
701 3587 836 3641 rerum
865 3562 1004 3668 inopia
1033 3589 1117 3643 non
1145 3562 1363 3668 permittat.
1394 3588 1444 3640 ex
1458 3587 1581 3640 censu
1608 3577 1742 3640 tamen
1760 3562 1951 3670 spiritua·¹
2018 3569 2023 3577 '

7 3756 11 3769 ,
156 3673 255 3752 lium
283 3669 485 3752 bonorum
514 3673 747 3753 oracionum
775 3670 963 3753 videlicet
991 3699 1037 3752 ac
1073 3673 1270 3783 regularis
1312 3670 1574 3752 obseruancie
1616 3665 1952 3780 complementum
2032 3679 2039 3694 “

156 3780 356 3864 defectum
383 3782 616 3865 huiusmodi
651 3784 840 3891 supplere
883 3783 1101 3891 cupientes.
1144 3782 1263 3864 vobis
1290 3782 1526 3863 Reuerende
1569 3799 1758 3890 paterae
1787 3783 1951 3866 domine

67 3993 72 4003 ‚
157 3893 537 4004 venerabilibusque
565 3896 768 3975 canonicis
798 3893 961 3976 ecclesie
990 3911 1123 3974 vestre
1151 3893 1310 4002 plenam
1338 3893 1478 3975 demus
1520 3895 1877 4001 participacionem
1906 3920 1952 3974 o·

2 3995 69 4061 ⁵¹⁶⁵*
138 4003 310 4084 emnium
325 4003 528 4098 bonorum
543 4031 624 4116 que
645 4004 809 4086 domino
845 4005 1087 4088 concedente
1116 4007 1218 4085 fiunt
1245 4007 1289 4085 in
1318 4003 1440 4085 domo
1458 4022 1605 4085 nostra
1634 4005 1876 4087 blonasterio
1890 4006 1960 4088 vi.·.

1 4101 67 4213 as
157 4114 306 4222 delicet
332 4132 467 4196 sancte
495 4118 620 4197 marie
649 4115 699 4196 de
727 4118 942 4198 nouaualle
970 4119 1014 4196 in
1041 4120 1123 4197 vita
1138 4113 1290 4227 pariter
1318 4122 1358 4197 dr
1390 4117 1433 4195 in
1448 4132 1587 4196 morte.
1605 4116 1713 4219 Quia
1741 4143 1839 4198 vero
1867 4117 1952 4200 sin:

1 4237 11 4333 J
31 4223 62 4305 ἶ
155 4228 348 4336 'gulorum
377 4229 649 4312 anniuersaria
678 4243 772 4336 post
801 4255 941 4308 corum
970 4228 1126 4309 obitum
1156 4227 1365 4310 obseruari
1393 4255 1478 4307 non
1508 4242 1686 4335 possunt.
1730 4254 1854 4308 vnum
1883 4255 1955 4310 an·

47 4327 63 4384 ³
157 4339 427 4420 niuersarium
455 4340 499 4418 in
527 4337 708 4420 futurum
740 4342 945 4419 annuatim
975 4367 1050 4447 pro
1094 4340 1282 4421 omnibus
1309 4341 1352 4418 in
1380 4340 1558 4419 crastino
1598 4354 1751 4447 septem
1780 4338 1957 4425 fratrum
2039 4339 2073 4409 '·

20 4478 57 4502 -“’
158 4448 349 4530 duximus
377 4449 662 4532 celebrandum
690 4449 968 4558 sollempniter
995 4454 1037 4531 in
1067 4469 1272 4531 conuentu
1296 4453 1375 4529 Pro
1402 4450 1571 4559 singulis
1600 4465 1735 4529 autem
1766 4477 1859 4533 cum
1887 4476 1956 4532 eo-

37 4563 54 4611 i
157 4589 250 4640 rum
280 4561 416 4641 obitus
443 4579 585 4642 nostro
615 4561 736 4642 fuerit
764 4561 944 4669 capitulo
973 4562 1177 4644 intimatus
1205 4561 1370 4669 plenum
1400 4561 1614 4642 seruicium
1633 4562 1737 4640 sicut
1766 4555 1956 4669 pro'vno

155 4671 343 4784 quolibet
370 4689 554 4753 nostrum
581 4676 666 4754 lieri
694 4673 797 4757 solet
824 4673 981 4754 institui
1008 4673 1210 4754 faciemus.
1260 4673 1496 4779 Specialiter
1541 4689 1675 4752 autem
1717 4699 1793 4778 pro
1834 4674 1956 4753 uobis

155 4777 488 4866 reuerendissime
516 4800 631 4894 pater
659 4804 750 4891 post
778 4801 935 4893 tempus
964 4785 1192 4864 vocacionis
1220 4796 1353 4864 vestre
1380 4783 1485 4862 sicut
1524 4807 1602 4892 pro
1628 4784 1737 4865 bone
1764 4785 1955 4868 memorie
2019 4861 2045 4886 ,,

155 4896 315 5002 gislone
343 4892 550 5003 episcopo.
578 4896 651 5006 qui
679 4897 834 5002 primus
861 4925 885 4974 a
913 4893 1155 4977 fundacione
1184 4894 1327 4977 domus
1354 4911 1491 4976 nostre
1519 4896 1739 4987 couventui
1780 4893 1954 4976 fratrum

151 5033 252 5098 suas
278 5005 454 5090 decimas
480 5006 711 5113 assignarit.
741 5004 827 5094 fieri
853 5022 1092 5086 consuetum
1129 5022 1187 5086 est
1230 5006 1346 5088 annis
1386 5004 1572 5117 singulis¹
1596 5007 1664 5088 fiet
1703 5004 1855 5100 ibidem
1884 5031 1954 5090 ve-.
