4362 5946
765 465 862 534 ·-,-
972 427 1051 532 359
1161 473 1218 492 .-

117 631 254 792 xoc.
369 616 404 717 Γ
508 709 511 716 ·
768 661 916 764 1252
966 655 1335 816 aarum„
1594 651 1913 806 *Panga

202 880 287 944 Plsv.
310 881 506 942 lunomrrrus
527 878 597 944 1v=s
618 829 699 942 Ili-ef
712 879 760 942 till
782 843 1142 946 cistercienses-orden
1162 879 1320 958 Abboter,
1342 875 1476 944 rdraude
1497 876 1622 944 Ordeus
1639 875 1780 946 fithom.

1562 994 1778 1061 badbb

285 1134 553 1213 lurocuncrus
582 1125 797 1242 episcopus
829 1159 969 1212 seruus
997 1157 1208 1212 seruorum
1237 1129 1314 1211 dei.
1357 1128 1521 1210 Dilectis
1549 1129 1640 1211 filiis
1683 1127 1826 1237 abbatj
1855 1133 1911 1212 ci·

123 1244 249 1328 stercii
279 1246 446 1352 eiusque
476 1242 745 1344 comparibus
777 1244 1115 1325 &conuentibus
1145 1240 1340 1322 vuiuersis
1368 1242 1632 1322 cisterciensis
1668 1239 1822 1322 ordinis
1850 1270 1911 1324 sa·

125 1361 240 1438 lutera
269 1355 310 1436 8(
340 1355 602 1465 apostolicam
631 1353 967 1448 benedictionem.
1010 1359 1111 1435 Cum
1155 1353 1251 1434 olim
1291 1352 1522 1433 duxerimus
1562 1350 1822 1433 statuendum
1862 1373 1910 1436 ut

122 1468 292 1576 exempti
322 1482 648 1577 quantacumque
676 1466 879 1574 gaudeant
909 1465 1097 1569 libertate
1126 1465 1388 1546 nihilominus
1416 1481 1551 1543 tamen
1579 1465 1742 1544 racione
1771 1460 1912 1545 delicti

121 1605 185 1660 seu
213 1592 459 1659 contractus.
489 1594 559 1657 aut
585 1580 645 1658 rei
675 1575 725 1657 de
754 1605 835 1686 qua
864 1595 1006 1657 contra
1036 1579 1145 1685 ipsos
1174 1577 1307 1684 agitur
1335 1579 1411 1657 rite
1441 1576 1597 1683 possint
1632 1578 1770 1656 coram
1798 1575 1910 1659 loco·
2024 1656 2031 1678 Ι

117 1719 204 1771 rum
232 1688 449 1770 ordinariis
477 1689 700 1770 conueniri.
730 1693 771 1767 &
798 1689 856 1768 illi
885 1719 969 1797 quo
1007 1688 1057 1768 ad
1086 1687 1161 1767 hec
1204 1716 1315 1767 suam
1358 1690 1400 1768 in
1442 1687 1550 1793 ipsos
1592 1683 1911 1768 iurisdictionem

115 1817 235 1911 prout
264 1803 327 1881 ius
355 1800 481 1907 exigit
509 1825 694 1880 exercere
723 1825 795 1878 vos
824 1796 1055 1880 dubitantes
1084 1827 1135 1877 ne
1165 1826 1238 1906 per
1268 1795 1599 1878 constitucionem
1616 1793 1846 1877 huiusmodi
1862 1797 1910 1876 li·

113 1913 340 1993 bertatibus
369 1918 408 1992 8(
436 1911 755 1998 immunitatibus
798 1910 915 1991 vobis
943 1918 982 1992 8(
1016 1910 1149 1990 ordini
1186 1925 1322 1988 uestro
1352 1937 1424 2017 per
1465 1909 1679 2018 priuilegia
1707 1912 1747 1988 &
1774 1906 1911 1988 indul-

112 2027 272 2134 gencias
301 2021 354 2101 ab
383 2021 603 2130 apostolica
633 2021 727 2101 sede
755 2048 962 2102 concessas
992 2021 1232 2130 preindicari
1261 2021 1411 2117 valeat,
1440 2019 1559 2099 nobis
1579 2019 1783 2100 humiliter
1811 2045 1910 2129 sup·

110 2135 300 2245 plicastis‚
332 2149 379 2212 ut
408 2133 623 2240 prouidere
651 2160 775 2241 super
804 2133 880 2213 hoc
916 2131 1214 2242 indempnitati·
1244 2150 1375 2212 vestre
1418 2148 1588 2240 paterna
1637 2128 1909 2214 sollicitudine

108 2272 351 2326 curaremus.
382 2245 490 2346 Quia
519 2273 618 2326 uero
647 2243 825 2324 eiusdem
855 2243 1008 2326 ordinis
1037 2271 1147 2324 sacra
1178 2243 1320 2352 religio
1349 2244 1405 2323 sic
1433 2269 1506 2322 vos
1535 2238 1645 2352 apud
1659 2269 1733 2321 nos
1762 2241 1909 2355 dignos

108 2357 250 2437 fauore
281 2355 510 2452 constituit,
547 2373 593 2435 ut
623 2355 741 2436 nobis
768 2356 953 2438 votiuuru
982 2356 1127 2436 existat
1155 2383 1227 2436 vos
1273 2355 1324 2435 ab
1353 2353 1540 2435 omuibus
1570 2380 1747 2462 perque
1789 2356 1908 2438 vobis
1971 2429 1977 2438 ,

105 2486 274 2577 possent
306 2467 518 2575 peruenire
547 2463 759 2576 dispendia
788 2467 984 2550 immunes
1013 2466 1155 2549 libenti
1198 2467 1332 2546 animo
1375 2492 1620 2574 preseruare.
1664 2470 1907 2550 auctoritate

105 2581 223 2660 vobis
253 2578 455 2687 presenti
478 2576 752 2686 indulgemus,
795 2596 840 2659 vt
875 2580 1083 2660 occasione
1126 2577 1432 2658 constitucionis
1474 2572 1705 2656 huiusmodi
1747 2577 1921 2668 nullum,

102 2689 257 2780 eisdem
289 2688 544 2769 libertatibus
587 2695 626 2768 8(
676 2690 998 2773 immunitatibus
1041 2690 1089 2795 ‚in
1134 2706 1340 2798 posterum
1371 2686 1638 2799 preiudicium
1676 2708 1914 2800 generetur„

100 2803 215 2883 Nulli
247 2827 348 2908 ergo
377 2804 450 2879 &c
482 2819 616 2882 nostre
645 2802 913 2883 concessionis
942 2808 1015 2884 &c
1046 2802 1196 2881 Datum
1212 2802 1365 2910 perusii
1380 2796 1766 2881 nonasnouer'nbris.
1796 2804 1902 2885 Pon·

100 2915 281 2995 tificatus
312 2913 441 2992 nostri
469 2939 576 2991 anno
606 2910 773 2994 decimo.
1063 2915 1074 2938 '

97 3319 239 3432 401.
445 3335 449 3340 ·
633 3298 1328 3433 11252d.2aDee.2
1735 3304 1904 3412 Lund.

174 3521 324 3602 Konung
346 3520 567 3584 Currsrorusns
588 3523 598 3583 i
620 3524 778 3586 Danmark
800 3527 878 3589 Bref
894 3523 1027 3588 rb'rande
1049 3514 1131 3588 Albus
1156 3523 1304 3608 hospitale
1335 3534 1414 3602 scint
1435 3523 1539 3588 dertill
1570 3523 1706 3610 lydande
1737 3526 1901 3592 Landtbo·

234 3624 291 3664 ars
312 3603 456 3666 besrielse
476 3605 546 3666 tran
566 3602 641 3668 flere
662 3605 777 3688 Kongl.
796 3607 976 3692 Utslxylder.
1392 3633 1397 3643 ¹

1575 3685 1768 3762 Quum.

271 3823 316 3900 C.
347 3819 413 3901 dei
441 3825 575 3930 gracia
610 3824 817 3904 Danorum
853 3825 1171 3935 Sclauorumque
1211 3825 1299 3906 Rex
1340 3825 1540 3909 Omnibus
1581 3825 1662 3907 hoc
1705 3830 1901 3935 scriptum

83 3934 366 4016 cernentibus
394 3933 437 4011 in
466 3933 632 4014 domino
655 3935 839 4035 salutem.
869 3938 1070 4019 Nouerint
1102 3936 1305 4033 Vniuersi‚
1335 3952 1539 4044 presentes
1569 3940 1609 4016 8(
1637 3935 1777 4035 futuri,
1807 3966 1900 4046 pre·

78 4065 251 4127 sentem
285 4044 473 4152 paginam
504 4047 741 4154 inspecturi,
771 4045 884 4155 quod
912 4077 987 4130 nos
1015 4047 1204 4157 Leprosis
1233 4049 1276 4127 in
1308 4047 1498 4157 hospitali
1526 4053 1650 4127 Awos
1667 4115 1673 4128 .
1692 4049 1899 4130 existenti·

74 4157 170 4254 bus,
209 4177 359 4236 omnes
387 4154 542 4236 villicos
569 4181 663 4236 suos
692 4162 730 4235 8(
759 4157 945 4256 colonos,
976 4189 1067 4240 cum
1097 4162 1310 4239 Garszaetae
1339 4151 1379 4237 8(
1406 4156 1516 4238 omni
1543 4156 1694 4239 familia
1738 4188 1897 4257 eorum,

73 4297 209 4378 quam
231 4266 409 4360 habent,
424 4266 476 4345 ab
492 4269 600 4347 omni
617 4267 885 4376 expeditionis
900 4269 1146 4379 gremmine,
1163 4269 1408 4379 jnpeticione
1423 4269 1647 4367 exactoria,
1661 4270 1774 4368 stud,
1790 4271 1897 4379 jnnae

69 4395 321 4486 ceteroque
345 4383 519 4457 onere&
534 4379 741 4460 solucione
756 4379 885 4488 adjus
900 4386 1054 4491 regium
1070 4397 1275 4491 spectante
1303 4379 1472 4461 Liberos
1508 4380 1728 4462 dimisimus
1757 4387 1797 4459 8(
1826 4409 1897 4472 ex·
2008 4473 2011 4478 ¹

68 4511 136 4570 ern
143 4510 254 4599 ptos
288 4490 342 4569 ob
370 4493 627 4599 peccatorum
647 4507 881 4571 nostrorum
908 4494 1192 4575 remissionem.
1221 4493 1282 4572 Ne
1303 4492 1432 4600 'igitur
1446 4491 1676 4572 memoratis
1704 4492 1895 4603 Leprosis

63 4603 110 4682 in
129 4603 299 4682 'Awos'
326 4625 449 4708 super
475 4599 635 4710 prefata
662 4601 867 4686 Libertate
895 4606 971 4687 sibi
998 4633 1021 4685 a
1049 4604 1168 4686 nobis
1179 4599 1339 4683 indulta
1354 4603 1499 4715 aliqua,
1516 4604 1559 4683 in
1586 4619 1790 4714 posterum
1806 4607 1895 4687 ino·

103 4851 134 4924 ⁴)
160 4844 225 4905 Ur
253 4823 356 4904 enas
370 4839 550 4944 lrle-Bisl.
570 4848 669 4944 Jonas
689 4849 700 4910 i
721 4847 863 4912 Luudd
888 4871 923 4932 ¹7
946 4848 1029 4936 Sept
1055 4847 1133 4912 1288
1153 4847 1327 4913 ridimerad
1347 4849 1476 4912 assu-in
1637 4919 1640 4926 ¹

103 4932 152 5008 **)
182 4924 280 4987 Med
300 4927 485 5012 anteclmng
505 4929 557 4993 nd
578 4929 682 4993 sidant
703 4931 750 4996 Ex
770 4934 848 5016 orig.
868 4933 1002 5002 Menti.
1023 4935 1105 4997 civit.
1125 4935 1235 5035 Kal-st.
1255 4929 1527 5034 (christianistatis
1551 4927 1637 5014 1762.

2099 3903 2122 3942 Ι
