4362 5946
974 436 1395 516 -310-

164 705 171 734 ’
211 625 213 630 ⁵
295 667 426 776 326.
939 665 1090 792 1245
1137 662 1186 770 d.
1232 703 1267 810 9
1313 665 1445 810 Aug.
1911 666 2034 813 Lym.

365 885 455 950 Patr.
476 883 672 946 bresanus
694 881 765 944 ths
786 881 865 944 Bref
879 879 928 944 till
948 880 1201 968 iric-Bislopen
1222 885 1233 944 i
1252 882 1285 946 U
1341 882 1371 945 la
1390 903 1445 946 orn
1470 882 1584 965 spatio
1603 880 1713 965 dagam
1732 881 1806 948 ullnt
1827 885 1879 948 ἰδ’(
1897 886 1970 964 deu,
1986 909 2034 949 ton

416 967 550 1048 bidrogo
570 966 618 1028 till
639 964 936 1049 ateruppbyggande
957 965 1071 1031 afdau
1092 965 1246 1030 albrdndu
1289 967 1466 1050 omlyrkan
1486 967 1496 1026 i
1516 965 1646 1049 Upsala.

1705 1081 1936 1153 badan

452 1222 721 1300 Juuocsurtus
751 1219 964 1325 episcopus
992 1244 1131 1298 seruus
1160 1243 1369 1297 seruorum
1398 1216 1474 1299 dei.
1507 1217 1716 1297 Vniuersis
1737 1217 1877 1299 christi
1892 1216 2039 1300 fidelibus

286 1363 360 1446 per
388 1332 641 1440 upsalensem
684 1329 954 1435 prouinciam.
971 1328 1212 1410 constitutis.
1255 1330 1421 1408 salutem
1452 1333 1491 1406 8(
1520 1328 1782 1435 apostolicam
1826 1329 2040 1414 benedictio

284 1473 387 1527 nem.
423 1442 627 1544 Quoniam
657 1456 702 1518 ut
734 1439 790 1517 ait
832 1440 1037 1545 apostolus
1066 1445 1139 1519 &c
1168 1442 1250 1521 lita
1292 1440 1382 1519 med
1423 1439 1504 1520 Neo
1533 1441 1611 1544 275
1641 1442 1705 1520 till
1729 1443 1857 1520 uitam
1886 1458 2042 1525 eternam.

285 1559 386 1638 Cum
414 1556 539 1663 igitur
568 1553 671 1630 sicut
692 1553 916 1657 accepimus
944 1549 1183 1633 venerabilis
1198 1550 1323 1631 frater
1350 1567 1487 1630 noster
1502 1547 1824 1660 archiepiscopus
1852 1551 2045 1658 upsalensis

284 1666 488 1748 ecclesiam
522 1689 635 1742 suam
677 1687 758 1769 que
800 1661 878 1739 iam
906 1661 1060 1741 dudum
1097 1662 1269 1771 peccatis
1297 1662 1551 1767 exigentibus
1579 1660 1767 1742 inccndio
1795 1660 1873 1744 fuit
1903 1691 2047 1769 »prorsus

284 1779 489 1859 destructa
517 1774 715 1880 inceperit
744 1770 973 1851 reedificare
1003 1773 1053 1853 de
1082 1800 1192 1851 nouo
1222 1780 1259 1852 8(
1287 1770 1339 1850 ad
1383 1774 1733 1853 consumacionem
1770 1773 1897 1880 ipsius
1928 1795 2047 1881 utpote

286 1893 444 1996 inceptc
473 1910 595 1991 opere
617 1897 859 1991 sumptuoso
890 1886 1055 1991 proprie
1084 1911 1169 1962 non
1184 1897 1402 1990 suppetant
1424 1882 1645 1964 facultates.
1675 1883 2048 1966 Vniuersitatemue·

282 2016 406 2080 stram
440 2022 627 2103 rogamus
655 2020 862 2076 monemus
890 2000 929 2073 8(
957 1995 1165 2074 hortamur
1194 1995 1236 2070 in
1253 1991 1431 2072 domiuo
1459 1996 1500 2071 in
1532 1994 1802 2074 remissionem
1829 1996 1945 2088 uobis
1975 2024 2049 2104 pec·

283 2110 481 2190 caminum
512 2107 775 2212 iniungentes.
803 2106 991 2212 quatinus¹
1020 2103 1070 2185 de
1099 2104 1216 2184 bonis
1246 2132 1268 2182 a
1298 2103 1507 2184 deouobis
1521 2103 1678 2184 collatis
1707 2105 1758 2187 ad
1787 2106 1865 2186 hoc
1895 2109 1930 2186 ei
1957 2126 2060 2213 grata.

283 2219 568 2302 subucncionis
583 2223 621 2296 8(
636 2215 812 2296 caritatis
841 2215 1020 2296 subsidia
1049 2217 1222 2323 erogetis
1251 2231 1297 2295 ut
1330 2241 1403 2321 per
1431 2215 1746 2304 subuencionem
1769 2235 1941 2298 uestram
1956 2216 2050 2298 adiu·

281 2350 347 2410 tus
390 2357 493 2437 opus
521 2329 726 2436 inceptum
755 2324 888 2404 ualeat
923 2353 1169 2406 consumare.
1200 2340 1246 2405 ut
1277 2353 1347 2404 uos
1376 2353 1449 2434 per
1478 2327 1551 2406 hec
1580 2331 1619 2406 8(
1648 2325 1724 2406 alia
1753 2328 1858 2408 bona
1891 2357 1967 2438 quc
1993 2329 2052 2410 do·

283 2443 393 2522 mino
423 2440 643 2548 inspirante
671 2435 842 2516 feceritis
871 2435 921 2516 ad
952 2454 1089 2517 eterne
1125 2439 1286 2544 possitis
1314 2435 1515 2518 felicitatis
1557 2435 1703 2545 gaudia
1732 2441 1957 2546 peruenire.
1984 2443 2053 2521 Nos

284 2557 386 2634 enim
410 2550 461 2632 de
490 2547 780 2658 omnipotentis
808 2545 874 2625 dei
902 2547 1173 2628 misericordia
1203 2554 1242 2627 8(
1269 2547 1481 2626 beatorum
1511 2549 1616 2656 petri
1643 2553 1684 2628 8(
1712 2550 1822 2656 pauli
1868 2552 2053 2658 apostolo·

282 2689 371 2744 rum
401 2665 486 2742 eius
514 2677 560 2742 ut
589 2667 634 2740 ea
665 2685 786 2766 quam
816 2659 901 2765 ipse
929 2659 1047 2740 nobis
1075 2659 1270 2738 concessit
1298 2661 1537 2739 auctoritate
1574 2659 1712 2738 conlisi
1758 2661 1948 2742 omuibus
1975 2689 2066 2742 uere·

282 2773 557 2883 penitentibus
586 2777 625 2849 8(
653 2767 845 2849 confessis
866 2771 938 2876 qui
966 2771 1003 2849 ei
1027 2767 1079 2850 ad
1109 2769 1186 2848 hoc
1215 2797 1378 2848 manum
1394 2771 1649 2876 porrexerint
1691 2767 1931 2852 adiutricem
1970 2801 2053 2882 qua·

280 2886 469 2994 draginta
487 2882 571 2962 dics
586 2881 636 2962 dc
651 2881 832 2958 iniuncta
847 2879 925 2960 sibi
953 2882 1181 2988 penitencia
1197 2877 1515 2960 misericorditer
1535 2881 1769 2963 relaxamus.
1798 2882 1949 2963 Datum
1962 2885 2055 2992 Lug·

283 2996 383 3077 duni
398 2997 446 3076 V.
461 2991 555 3100 jdus
578 2991 761 3100 Augusti.
792 2991 1054 3072 Pontificatus
1082 2992 1211 3072 nostri
1225 2995 1358 3072 aluno
1386 2993 1523 3072 tercio.
1638 3067 1644 3076 .

289 3375 419 3528 327.
929 3381 1175 3510 radbd.
1223 3424 1256 3528 9
1303 3381 1434 3528 Aug.
1764 3431 1766 3436 ·
1910 3385 2060 3530 Lyon.
2140 3321 2141 3398 l

2139 3499 2141 3586 t

366 3605 456 3668 Ptrv.
478 3604 673 3666 Iurocrnrrus
695 3602 766 3664 Νι(
787 3603 865 3664 Braf
880 3603 929 3664 till
950 3602 1089 3685 samtlige
1110 3601 1267 3681 Abboter,
1288 3602 1431 3681 Priores,
1453 3601 1672 3665 Archidiaconi
1693 3621 1734 3662 m.
1755 3599 1795 3678 tt,
1817 3603 1850 3663 sd
1871 3605 2063 3666 Prcsterson
2140 3595 2141 3598 ’

418 3687 564 3763 Lelmnum
587 3689 671 3766 incur
694 3686 883 3768 Linldpings
904 3686 987 3762 sust,
1009 3696 1053 3746 att
1074 3683 1273 3767 understddja
1293 3684 1478 3768 byggnaden
1499 3686 1536 3745 af
1561 3687 1749 3768 Linlo'pings
1775 3684 2065 3769 domlyrlagenon

415 3766 527 3850 bidrag
548 3767 586 3828 af
601 3767 845 3850 kyrkotionden,
867 3791 908 3830 m.
930 3790 971 3830 m.

1798 3847 1830 3904 B.
1851 3852 1876 3905 3:
1894 3851 1939 3903 25.

447 3988 716 4066 ,truocrurms
746 3985 959 4092 episcopus
986 4011 1127 4064 seruus
1154 4008 1362 4063 seruorum
1391 3981 1466 4063 dei.
1498 3984 1660 4064 Dilectis
1695 3983 1796 4067 filiis.
1831 3984 2069 4066 Abbatibus.

284 4097 501 4178 Prioribus.
518 4097 845 4193 Archidiraoonis.
861 4096 1089 4205 prepositis.
1105 4093 1276 4176 decanis.
1292 4093 1688 4174 etaliisecclesiarum
1699 4093 2070 4203 prelatis&clcriois

284 4239 328 4289 ac
357 4210 481 4316 laycis
511 4208 692 4287 Ciuitatis
721 4212 760 4285 8(
782 4206 965 4312 dyocesis
984 4205 1235 4313 lincopensis.
1257 4204 1421 4285 ecclesie
1435 4205 1661 4314 lincopensi
1691 4205 1882 4286 subiectis
1904 4208 2071 4286 salutem

212 4387 216 4394 .
285 4326 322 4397 8(
338 4319 596 4427 apostolicam
614 4317 942 4398 benedictionem.
960 4318 1062 4396 Cum
1075 4319 1180 4396 sicut
1194 4314 1414 4396 venerabili
1429 4315 1554 4398 fratre
1570 4334 1710 4396 nostro
1727 4377 1758 4397 ..
1777 4319 1988 4426 Episcopo
2005 4317 2072 4394 lin·

284 4433 445 4535 copensi
460 4428 687 4538 accepimus
703 4428 923 4506 intimante.
940 4427 1159 4536 lincopensi
1181 4425 1344 4506 ccclesia
1373 4428 1450 4505 iam
1480 4427 1632 4508 dudum
1647 4428 1775 4506 nobili
1789 4445 2004 4509 structura
2022 4431 2074 4505 in·

283 4545 459 4644 cepta&
473 4537 704 4646 huiusmodj
719 4565 821 4648 opus
832 4553 971 4647 utpote
987 4527 1156 4650 pr'opter
1171 4538 1295 4646 ipsius
1310 4536 1664 4641 pulchritudinem.
1679 4554 2074 4648 sumptuosumper

284 4650 347 4727 lici
364 4667 536 4756 nequeat
551 4651 702 4760 absque
718 4650 869 4756 magnis
885 4647 1090 4734 laboribus
1105 4652 1144 4728 8(
1157 4646 1352 4756 expensis.
1385 4647 1466 4725 Nos
1480 4645 1532 4726 ad
1549 4673 1681 4728 cavos
1704 4649 1878 4729 libenter
1903 4651 2073 4728 hortan-

282 4759 350 4840 tes.
367 4787 447 4869 que
461 4759 625 4839 salutem
644 4776 814 4842 vestram
830 4761 1050 4868 respiciunt
1066 4769 1297 4840 animarum.
1321 4757 1637 4838 Vniuersitatem
1653 4778 1837 4840 vestram.
1855 4763 2073 4870 Rogamus.

324 4999 348 5074 *l
370 4994 454 5056 Utur·
474 5016 512 5056 en
534 4995 680 5059 odatcrad
700 5000 879 5062 vidimation
900 4998 939 5060 af
953 4995 1131 5061 lrle-Bisk.
1154 4997 1272 5059 unnxn
1293 4997 1304 5057 i
1325 4995 1455 5082 Uptalu.
