4362 5946
811 393 1058 500 *⁹3²7
1168 439 1228 462 .-

126 635 200 700 tata
226 639 308 726 qua
336 615 545 723 fungimur
586 615 828 723 apostolica
856 614 1148 694 confirmamus.
1179 617 1220 692 8ι
1263 614 1458 718 presentis
1499 569 1640 724 scripti
1683 619 1913 725 patrocinio

79 811 81 815 ,
125 727 408 810 communimus
436 724 548 806 Nulli
574 751 673 834 crgo
701 730 775 806 &c
806 741 944 804 nostre
971 721 1292 803 confirmacionis
1329 728 1402 804 &c
1438 723 1589 806 Datum
1618 723 1818 837 skeuiuge
1831 730 1911 810 XV

126 839 208 920 Kal.
235 836 423 944 januarij.
449 835 709 918 pontificatus
735 833 891 943 dominj
920 831 1151 943 juuocencij
1187 859 1292 942 pape
1320 833 1456 942 quarti
1485 861 1593 916 anno
1622 838 1781 945 quinto.
1873 899 1880 908 -

128 1336 256 1440 352.
489 1465 496 1474 ι
747 1348 896 1476 1247
945 1334 994 1437 d.
1048 1371 1119 1440 ao
1168 1331 1288 1437 Dee.
1595 1334 1907 1487 Skenuinge.
2019 1435 2029 1444 .

197 1551 276 1616 Pali.
297 1554 432 1634 Legaten
454 1552 533 1614 Bisl.
553 1553 721 1616 warnos
742 1553 780 1612 af
795 1544 911 1614 sabina
932 1553 981 1613 fo'r
1012 1553 1171 1635 Biskopen
1194 1553 1204 1609 i
1226 1551 1403 1634 Linlb'piug
1434 1551 1519 1632 gisna
1550 1553 1685 1615 rillsttnd
1717 1569 1760 1620 att
1781 1560 1830 1621 till
1851 1560 1933 1622 deu¹

247 1636 347 1698 under
368 1637 474 1698 arbete
494 1633 632 1697 vorando
652 1634 850 1718 domtyrkan
870 1635 1012 1698 curanda
1033 1636 1135 1716 nagor
1157 1631 1209 1694 del
1231 1632 1268 1692 af
1283 1633 1347 1695 alla
1369 1634 1544 1716 lyrkomas
1566 1635 1671 1698 tionde
1694 1641 1704 1698 i
1725 1642 1828 1703 stillet.

1502 1747 1538 1802 A·
1557 1750 1583 1805 ³·
1600 1767 1624 1803 c.
1644 1765 1669 1803 a:
1690 1767 1730 1824 ¹⁷²
1747 1753 1778 1821 ⁴¹)

283 1885 538 1964 Wunrmus
568 1885 829 1964 miseracione
860 1878 998 1960 diuina
1028 1881 1260 1962 sabinensis
1297 1881 1540 1990 Episcopus,
1562 1881 1807 1991 'Apostoliee
1838 1889 1908 1970 Se-

115 1994 176 2076 dis
206 1994 374 2103 legatus.
404 1995 604 2074 Omnibus
634 2011 838 2100 presentes
867 1991 1020 2072 litteras
1052 1991 1293 2102 inspecturis
1321 1991 1489 2073 salutem
1518 1995 1560 2072 in
1589 1999 1752 2077 nomine
1781 1996 1909 2081 domi·

111 2108 154 2187 ni
185 2107 305 2184 Ihesu
335 2106 495 2198 Christi.
525 2104 629 2183 Cum
657 2105 734 2182 iam
763 2100 920 2183 dudum
950 2103 1228 2211 Lyncopensis
1259 2102 1425 2183 ecclesia
1470 2104 1597 2185 nobili
1626 2109 1677 2186 sit
1706 2126 1911 2192 structura

23 2302 25 2308 ,
111 2218 289 2324 incepta.
342 2243 416 2297 nec
446 2215 585 2324 perfici
613 2215 760 2310 valeat,
791 2214 895 2292 sicut
924 2239 997 2292 nos
1027 2214 1104 2320 ipsi
1133 2211 1317 2293 vidimus.
1353 2231 1525 2322 propter
1555 2218 1682 2324 ipsius
1711 2219 1910 2327 pulcritu-

109 2325 254 2408 dinem
283 2343 558 2434 sumptuosam
586 2325 741 2434 absque
771 2324 925 2432 m'agnis
954 2322 1162 2405 laboribus
1192 2340 1232 2402 et
1261 2327 1458 2430 expensis.
1509 2329 1593 2407 Nos
1627 2331 1834 2436 cupientes
1864 2347 1909 2410 vt

108 2454 191 2516 tam
223 2438 339 2545 pium
368 2465 471 2544 opus
501 2435 577 2515 line
605 2433 801 2516 laudabili
831 2449 1100 2514 consumetur.
1131 2430 1441 2515 Considerantes
1483 2441 1604 2516 etiam
1707 2439 1762 2519 od
1806 2444 1910 2524 sicut
1983 2489 1991 2496 -

107 2566 223 2655 pater
257 2547 381 2628 debet
409 2546 626 2627 subuenire
656 2542 959 2627 necessitatibus
987 2545 1161 2625 liliorum
1196 2547 1252 2624 sic
1282 2561 1322 2623 et
1350 2547 1427 2651 ipsi
1456 2545 1529 2652 filij
1564 2467 1739 2656 quadilm
1754 2555 1911 2662 equita·

106 2676 146 2739 te
161 2674 347 2766 pensata.
373 2675 534 2764 patrum
550 2654 797 2764 indigencias
814 2655 1027 2741 subleuare
1042 2671 1244 2764 tenentur.
1274 2655 1571 2736 Deliberatione
1587 2659 1809 2765 prehabita.
1841 2691 1910 2741 au·
1927 2729 1932 2740 .

105 2771 302 2849 ctoritate
331 2798 412 2877 qua
442 2767 648 2874 fungimur
698 2765 885 2848 duximus
914 2765 1184 2861 statuendum.
1215 2781 1260 2842 vt
1278 2793 1379 2850 -cum
1409 2766 1573 2846 ecclesie
1602 2795 1739 2848 omnes
1762 2772 1909 2880 dyoce-

102 2883 156 2960 sis
188 2882 473 2986 Lyncopcnsis
508 2881 589 2958 sint
629 2875 811 2958 edificate
841 2876 891 2955 ad
925 2876 1102 2982 plenum.
1156 2875 1345 2955 officiales
1378 2902 1481 2983 quos
1524 2879 1763 2964 venerabilis
1792 2899 1909 2990 pater

106 2991 174 3071 dei
207 2991 342 3098 gratia
375 2992 599 3097 Episcopus
628 2988 908 3096 Lyncopensis
936 2986 987 3066 ad
1016 2986 1169 3066 dictum
1212 3014 1315 3094 opus
1354 3012 1434 3064 vno
1464 2987 1526 3067 vel
1556 2985 1722 3070 diversis
1753 3008 1909 3101 tempo·

102 3103 224 3182 ribus
265 3099 429 3180 duxerit
459 3097 723 3208 deputandos.
759 3100 953 3180 decimam
981 3114 1131 3204 partem
1165 3096 1273 3175 illius
1301 3114 1446 3206 quarte
1479 3102 1676 3206 portionis
1707 3100 1757 3182 de
1800 3103 1909 3183 deci·

100 3215 178 3292 mis
218 3239 306 3320 que
333 3213 513 3319 ipsarum
542 3208 808 3289 Ecclesiarum
840 3205 1034 3314 operibus
1063 3207 1294 3316 deputatur.
1331 3205 1383 3284 ad
1412 3215 1754 3292 consumationem
1795 3215 1906 3320 Lyn-

97 3323 303 3431 copensis
331 3321 496 3402 ecclesie
527 3322 662 3400 matris
692 3347 829 3399 earum
862 3318 1091 3426 percipiant
1121 3317 1340 3398 annuatim.
1370 3319 1423 3394 Et
1451 3320 1484 3397 si
1512 3321 1584 3428 qui
1634 3323 1677 3400 in
1705 3322 1783 3404 hoo
1811 3349 1908 3403 con-

96 3433 355 3514 tradictores
384 3431 544 3512 fuerint.
582 3430 644 3507 vel
686 3431 866 3510 rebelles.
911 3457 984 3536 per
1026 3429 1254 3535 predictum
1285 3428 1531 3540 Episcopum
1580 3460 1701 3540 quem
1749 3433 1799 3514 ad
1831 3434 1908 3514 hoc

93 3545 407 3626 constituimus.
446 3542 499 3622 ad
533 3541 777 3621 solutionem
805 3539 1034 3622 huiusmodi
1063 3537 1297 3620 faciendam.
1335 3565 1409 3645 per
1449 3544 1909 3624 excommunicacionem

90 3657 340 3737 municione
369 3655 506 3762 previa
522 3651 828 3760 compellantur.
884 3653 1035 3730 Datum
1063 3650 1319 3755 Skaenuingie
1349 3649 1478 3730 Xlll⁶.
1508 3652 1713 3735 Kalendas
1728 3654 1909 3761 lanuarij

89 3766 376 3888 pontificatus
405 3763 559 3845 domiui
588 3763 820 3870 Jnnocentij
849 3789 955 3870 pape
984 3764 1121 3872 quarti
1150 3764 1271 3840 Anno
1301 3760 1459 3869 quinto

92 4143 243 4250 355.
758 4139 906 4266 1248
954 4137 1002 4242 d.
1059 4179 1078 4242 1
1130 4132 1278 4240 Febr.
1644 4131 1922 4281 Risaberg..
1990 4140 1995 4149 ’

29 4397 41 4408 -
171 4357 265 4424 Pdfl.
293 4357 531 4438 Legaten,Bisl.
552 4359 719 4424 wimarus
741 4358 778 4419 af
794 4358 909 4422 Sabina
929 4357 1129 4442 Skyddsbref
1144 4357 1194 4420 liir
1215 4358 1247 4418 sd
1268 4356 1318 4418 val
1340 4353 1423 4418 Saba
1443 4353 1559 4416 kloster
1575 4373 1645 4416 som
1667 4354 1729 4418 alla
1750 4353 1904 4421 denudo

231 4440 383 4526 lydaude
403 4441 555 4504 Hemman
576 4441 637 4504 och
658 4440 880 4559 Lagenbe'teri‘
1547 4513 1583 4570 Α.
1601 4518 1619 4570 6
1646 4533 1662 4570 ι
1684 4476 1759 4573 ¹vt

276 4661 537 4739 Wmnms
567 4656 820 4739 miseratione
857 4645 994 4738 diuina
1024 4655 1252 4738 Sabiuensis
1296 4657 1522 4765 Episcopus
1551 4653 1770 4758 apostolice
1796 4653 1901 4742 sedis

70 4776 258 4886 legatus
295 4769 394 4847 viris
422 4768 654 4875 religiosis..
685 4832 692 4848 .
727 4770 874 4850 Abbati
909 4773 948 4846 8(
977 4766 1198 4872 conuentuj
1227 4765 1461 4872 Monasterij
1497 4762 1547 4844 de
1576 4762 1678 4842 Saba
1711 4764 1900 4871 Streuge·

113 4985 142 5060 *)
171 4977 277 5039 Utur
303 4991 344 5032 en
364 4966 416 5032 vid
437 4970 623 5051 tiirnyandet
643 4971 684 5054 pa
704 4969 725 5031 6
745 4974 781 5033 ir
801 4974 838 5034 al
854 4972 935 5033 Kon.
957 4975 1087 5033 Macros
1110 4973 1137 5032 ll
1159 4972 1304 5032 Emorsou
1326 4970 1356 5032 d.
1368 4969 1407 5030 28
1417 4969 1484 5029 Jan.
1500 4967 1571 5028 1321
1587 4967 1759 5030 vidimerad
1771 4969 1901 5030 assirill.
