4404 5960
827 426 1245 572 -tssiw

133 697 259 805 igiuar
285 692 336 775 ad
366 651 623 804 posterorum
652 695 842 778 noticiam
869 694 1021 802 scripto
1050 691 1377 776 commendantes
1405 705 1613 801 presentes
1650 691 1813 776 litteras.
1832 710 1922 778 'tam

41 911 42 916 Ν
129 805 275 914 sigillo*
293 805 432 887 inostro
450 828 584 918 'qnam
612 808 877 914 prepositi&
904 803 1040 911 sigillo
1068 804 1236 912 capituli
1267 803 1433 885 fecimus
1462 807 1715 890 communiri.
1756 807 1921 892 *Datum

129 918 220 998 hro.
251 921 372 1001 Anno
400 917 556 1026 dominj
584 918 795 1000 hlillesimo
823 915 1017 997 CC.LXX
1045 915 1224 998 secundo
1253 916 1376 998 tercia
1404 912 1468 998 die
1497 917 1655 1026 pasche.
1790 966 1795 980 ·
1991 933 1995 943 “

135 1309 267 1416 561:
336 1281 351 1290 ‘'
763 1289 1011 1452 1‘2723a
1061 1306 1132 1414 26
1178 1306 1303 1454 apr.
1715 1283 1953 1418 ²·'n-0..
2033 1268 2037 1279 “
2131 1250 2137 1272 ’

210 1527 292 1592 Bisl.
312 1526 444 1594 limares
464 1527 582 1612 Stsdga
601 1549 655 1593 om
675 1525 889 1611 Chortjemten
909 1530 920 1592 i
942 1523 1349 1615 Linkiipindinffll‘h·
1653 1539 1728 1666 Π
1747 1609 1778 1666 ,3

126 1717 143 1728 ,Α
160 1683 169 1720 a
187 1703 207 1734 a·
808 1679 812 1686 ’
1801 1703 1804 1713 ¹

294 1747 366 1830 He.
396 1745 460 1829 dei
490 1749 621 1858 gracia
651 1745 895 1856 lincopensis
922 1744 1147 1854 episcopus.
1177 1743 1333 1828 dilectis
1348 1746 1391 1826 in
1405 1744 1558 1826 christo
1578 1744 1681 1826 filiis.
1698 1733 1941 1854 preposita*

128 1855 451 1967 archidyacono·
470 1858 651 1968 capitulo
679 1857 904 1967 lincopensi
932 1863 971 1937 8<
998 1857 1187 1937 omnibus
1220 1876 1302 1940 tam
1335 1858 1571 1964 ¹maioribus
1600 1884 1722 1968 quam
1752 1859 1917 1940 minori·
1961 1867 1966 1884 '
1997 1863 2003 1878 '

127 1968 206 2049 bus
220 1968 387 2063 chorum
403 1969 675 2077 lincopensem
688 1967 1041 2079 frequentantibus
1071 1967 1240 2050 salutem
1269 1970 1311 2049 in
1339 1968 1506 2052 domino
1520 1970 1804 2078 sempiternam
1816 1969 1919 2050 Cum

127 2077 316 2162 decorem
343 2080 487 2163 domus
516 2079 581 2161 dei
609 2109 693 2186 non
732 2077 936 2160 modicum
976 2078 1161 2159 honestet
1187 2079 1415 2161 officiorum
1462 2097 1578 2174 ¹certa
1627 2079 1839 2163 distinccio
1881 2085 1921 2164 8<

127 2187 364 2276 obediencia
393 2189 543 2276 debita'
558 2201 813 2272 statutorum.
863 2191 947 2283 Nos
974 2190 1158 2282 uolentes
1186 2208 1233 2273 ut
1258 2192 1363 2273 sicut
1392 2190 1510 2288 decet
1538 2191 1714 2272 cilicium
1735 2189 1918 2272 diuinum

11 2352 17 2364 ·
126 2315 363 2382 acuerenter
391 2305 431 2382 &
460 2299 641 2384 districte
668 2301 739 2382 fiat
766 2303 810 2384 in
837 2301 1003 2382 ecclesia
1045 2302 1271 2412 lincopensi
1312 2303 1591 2384 auctoritatem
1634 2301 1939 2406 ordinandi&
2016 2385 2020 2404 ,

124 2410 363 2522 imponendi
390 2407 568 2494 officium
596 2414 638 2495 in
667 2415 753 2523 ipsa
783 2411 948 2494 ecclesia
976 2413 1184 2494 scolastico
1219 2404 1270 2494 ex
1311 2441 1511 2495 consensu
1543 2421 1584 2496 8c
1610 2414 1779 2510 consilio
1807 2415 1918 2521 capi-

124 2523 204 2604 tuli
231 2525 360 2605 nostri
388 2520 715 2605 commendamus
757 2525 1025 2633 precipientes
1066 2539 1114 2603 ut
1154 2525 1394 2635 cuicumque
1432 2543 1611 2607 uestrum
1645 2524 1806 2632 legendi
1849 2525 1916 2604 uel

124 2633 322 2746 psallendi
350 2633 529 2722 officium
558 2637 796 2743 imposuerit
811 2635 895 2715 siue
912 2637 1038 2715 maior
1065 2636 1150 2715 siue
1180 2637 1314 2716 minor
1341 2634 1465 2717 fuerit
1492 2633 1655 2719 obediat¹
1682 2634 1916 2716 fauorabili·

124 2752 255 2830 ter&
284 2743 432 2827 deuote
474 2748 761 2856 cuiuscumque
803 2748 968 2828 alterius
997 2746 1049 2828 de
1076 2747 1202 2827 choro
1242 2765 1439 2858 quamam
1461 2749 1526 2828 'ad
1546 2749 1625 2829 hoc
1654 2746 1915 2832 ordinacione

123 2860 392 2968 pretermissa.
421 2857 523 2938 Cum
551 2859 670 2938 nimis
698 2857 749 2939 sit
776 2855 1079 2939 indecorum&
1105 2857 1385 2939 confusionem
1400 2855 1527 2967 offrc'ij
1557 2860 1682 2958 soleat
1710 2858 1913 2941 inducere.

18 3037 34 3067 b
102 2975 171 3049 ”nt
198 2967 311 3080 quod
337 2967 393 3050 ab
422 2968 493 3049 illo
521 2969 572 3050 ad
601 2994 723 3082 quem
765 2985 947 3078 spectare
976 2972 1166 3051 noscitur.
1207 2969 1443 3064 ordinatum¹
1467 2988 1539 3050 est.
1570 2970 1671 3051 alter
1701 2967 1913 3053 deordinet
1977 3055 1985 3072 ⁸
2113 2956 2120 2964 ’

123 3085 164 3160 8ῑ
192 3079 411 3160 conturbet
439 3077 656 3188 Cupientes
684 3081 809 3189 igitur
838 3095 884 3161 ut
912 3079 1077 3161 ecclesia
1113 3080 1155 3159 in
1196 3080 1331 3162 officio
1360 3107 1444 3162 suo·
1463 3082 1515 3163 ab
1543 3081 1620 3162 hiis
1662 3081 1813 3191 quibus
1843 3106 1915 3160 sua

122 3199 277 3298 erogat
292 3187 491 3300 stipendia
505 3188 643 3272 debite
670 3189 958 3302 frequentetur.
987 3193 1200 3272 statuimus
1229 3206 1275 3271 ut
1303 3193 1428 3303 siquis
1443 3186 1604 3272 illorum
1638 3193 1709 3302 qui
1738 3189 1789 3273 ad
1818 3192 1916 3273 cho·
2009 3289 2021 3298 ι

122 3328 231 3406 rum¹
250 3303 309 3383 irc
346 3317 548 3382 tenentum
592 3300 755 3384 desidia.
799 3301 1048 3412 negligencia
1091 3317 1339 3410 comtemptu
1367 3303 1629 3413 ueljtorpore
1657 3301 1834 3413 depressi
1863 3301 1916 3384 ab

120 3411 233 3492 horis
262 3408 482 3522 psallendis
529 3439 572 3493 sc
616 3413 890 3496 subtraxerint
919 3441 1011 3494 cum
1046 3414 1328 3521 increpacione
1370 3412 1582 3521 condigna.
1606 3441 1757 3523 ,penam
1791 3441 1914 3524 quam

122 3522 373 3632 iniungimus
397 3525 482 3604 sine
510 3522 782 3607 diminucione
811 3523 993 3633 qualibet
1020 3527 1076 3605 sic
1120 3524 1343 3607 exsoluant.
1377 3527 1418 3606 Si
1447 3525 1497 3622 de
1526 3527 1733 3608 matutinis
1774 3527 1916 3606 Illlzor

121 3628 320 3715 denarios.
341 3635 384 3743 ¹si
411 3634 462 3715 de
521 3631 632 3716 rima.
659 3635 700 3716 Il
728 3633 927 3717 denarios.
954 3637 988 3714 si
1016 3633 1066 3716 de
1095 3635 1217 3716 tercia
1246 3637 1286 3730 ll
1314 3631 1642 3744 denarios··sj¹de
1675 3639 1782 3718 Vlzta
1812 3636 1915 3718 duos
2022 3723 2031 3732 ,

120 3741 309 3826 denarios
337 3747 371 3833 si
399 3743 450 3824 de
479 3659 600 3826 lisina
625 3745 664 3825 ΙΙ
692 3745 892 3843 denarios,
920 3748 954 3825 si
982 3745 1033 3827 dc
1061 3747 1179 3825 missa
1207 3747 1347 3826 llllzor
1369 3747 1567 3845 denarios,
1597 3749 1630 3827 si
1658 3742 1709 3829 de
1737 3749 1913 3856 vesperis

119 3857 148 3950 [a
178 3851 364 3936 denarios
387 3855 429 3935 Si
457 3853 507 3934 de
537 3855 798 3964 completisll
825 3855 1024 3953 denarios,
1054 3856 1398 3964 precipientes'ut
1427 3861 1460 3938 si
1488 3859 1580 3966 quis
1601 3856 1912 3940 ebdomadarius

117 3967 242 4047 fuerit
271 3965 456 4046 absentes
484 3981 599 4048 notet
628 3968 936 4049 &conscribat
966 3969 1008 4048 Si
1037 3995 1133 4048 vero
1163 3969 1295 4074 ipsum
1324 3965 1655 4049 ebdomadarium
1683 3969 1912 4077 apredictis

116 4078 231 4162 horis
259 4078 462 4185 absentari
490 4080 698 4187 contingat
728 4079 860 4160 soluat
888 4077 1054 4190 duplam
1083 4103 1247 4186 penam*
1268 4077 1555 4178 ebdomadario
1598 4079 1744 4188 prioris
1785 4080 1912 4162 ebdo·
1975 4163 1976 4166 a

117 4187 237 4270 made
266 4191 308 4269 in
337 4187 519 4269 notando
548 4187 733 4268 absentes
763 4192 868 4270 vices
895 4187 1226 4303 su‘a‘s'shppl'ente,
1257 4191 1304 4270 Si
1329 4208 1461 4294 antem
1487 4192 1580 4301 quis
1595 4190 1758 4272 illorum
1779 4191 1911 4272 inofli-

117 4301 224 4396 ciare
257 4315 446 4380 tenentur
474 4298 617 4381 absens
645 4297 769 4380 fuerit
797 4298 848 4380 de
878 4299 1078 4409 premissis
1106 4316 1357 4411 pretaxatam
1388 4311 1533 4409 penam
1551 4302 1592 4381 in
1607 4301 1799 4382 horarum
1822 4323 1911 4410 pre·

115 4409 369 4492 termisslone
414 4408 599 4496 ersoluat
609 4408 744 4492 addita
758 4427 893 4493 tamen
907 4413 1081 4494 eiusdem
1110 4412 1235 4491 tercia
1257 4413 1452 4522 porcione
1475 4417 1516 4494 8(
1529 4411 1604 4494 hec
1618 4414 1828 4495 obseruari
1840 4443 1911 4494 vo-

115 4521 250 4616 lumus
279 4519 366 4602 nisi
385 4437 463 4600 lloc
490 4521 604 4602 iustis
633 4519 926 4633 impedimentis
956 4520 1111 4604 detenti
1139 4523 1204 4604 uel
1220 4521 1269 4602 de
1286 4522 1453 4603 licencia
1469 4523 1667 4605 scolastici
1683 4527 1909 4632 pretermit-

116 4647 218 4712 tant.
250 4631 293 4712 Si
321 4633 527 4714 verosine
555 4632 720 4716 licencia
750 4635 928 4742 magistri
957 4635 1122 4744 propria
1152 4635 1244 4744 quis
1272 4635 1512 4716 auctoritate
1547 4636 1751 4717 ciuitatem
1765 4637 1909 4717 exierit

115 4739 338 4825 secundum
367 4743 637 4852 quantitatem
665 4773 776 4828 more
805 4745 999 4855 prefatam
1030 4772 1176 4852 penam
1204 4745 1448 4854 precipimus
1476 4747 1684 4829 obseruari
1712 4746 1909 4832 mandan-

115 4871 178 4936 tes
206 4869 252 4935 ut
280 4853 321 4938 si,
342 4851 484 4959 vicarij
513 4852 573 4934 de·
590 4855 667 4935 hiis
695 4857 959 4964 personaliter
987 4851 1215 4946 satisfacere
1258 4839 1465 4938 noluerint
1492 4857 1648 4968 dominj
1675 4857 1909 4940 eorundem.
1987 4922 1990 4929 .

114 4963 170 5047 de
197 4962 345 5064 salario
372 4963 554 5074 ipsorum
582 4991 727 5074 penam
754 4985 944 5048 statutam
959 4965 1193 5047 ¹secundum
1222 4963 1385 5046 modum
1415 4997 1599 5052 excessus
1634 4967 1907 5051 deducant&

114 5075 354 5188 persoluant
380 5071 599 5161 adicientes
628 5075 741 5186 quod
768 5072 908 5187 vicarij
936 5095 1192 5160 contumaces
1219 5079 1443 5162 &rebelles
1458 5080 1679 5164 secundum
1693 5080 1908 5164 arbitrium
