4382 5964
962 483 1066 516 x--
1173 444 1256 530 ere
1365 490 1425 522 ..-

254 699 259 707 ·
308 665 466 766 vocam,
493 689 568 748 nos
594 663 640 748 iu
667 661 951 776 perpetuitatis
978 666 1159 778 rigorem
1188 682 1229 747 et
1257 662 1357 750 doni
1386 663 1616 750 firmitatem
1649 665 1905 780 presentibus
1930 699 2077 762 unacum

308 779 442 890 sigillo
469 775 607 861 fratris
634 777 764 860 nostri
796 773 962 862 Domini
990 777 1131 888 Regis,
1163 777 1339 888 sigillum
1368 791 1556 860 nostrum
1581 778 1773 864 duximus
1800 789 2077 872 annectendum.

307 893 457 976 Datum
484 906 526 973 et
552 902 688 970 actum
715 883 826 999 apud
854 887 980 989 Scho,
1007 896 1131 970 Anno
1159 890 1321 972 Domini
1351 887 1404 972 M.
1433 889 1515 973 CC.
1543 889 1750 976 LXXXII.
1779 891 1805 975 8
1833 893 1987 982 kalend.
2010 903 2076 984 Au·

304 1002 436 1114 gluti,
464 999 531 1088 die
558 999 696 1084 Sancti
723 995 1201 1224 ApollinariqLMqrqyris.
1230 1009 1238 1020 '
1318 1105 1369 1220 (L
1409 1109 1466 1223 S)
1973 1075 1983 1092 .
2164 1023 2167 1050 ¹

193 1347 200 1358 ·
317 1433 448 1585 754.
932 1438 1182 1548 sadud.
1233 1473 1300 1544 ar
1353 1437 1545 1586 Aug„
1687 1389 2167 1594 ‘Sederl'roping‘

387 1625 470 1692 Koa.
490 1623 622 1690 raram
642 1621 682 1689 Its
702 1619 902 1710 Skyddsbref
917 1621 969 1688 lb'r
989 1623 1163 1708 stenninge
1183 1624 1300 1688 kloster
1319 1619 1393 1686 med
1415 1620 1483 1685 desa
1502 1605 1738 1710 tillbdriglreter.
1776 1629 1782 1639 '

2166 1427 2167 1448 r

2094 1651 2167 1694 ““““.“.

1820 1703 1851 1763 B.
1867 1708 1895 1766 δι
1913 1707 1972 1766 306.

471 1805 645 1890 macrus
674 1805 742 1916 dej
770 1806 913 1918 gracia·
935 1807 1133 1890 Sueorum
1161 1826 1432 1918 gotorumque
1460 1833 1533 1887 rex
1575 1807 1763 1892 omnibus
1796 1805 1849 1892 ad
1877 1837 1981 1922 quos
2008 1817 2061 1922 p'rr

304 1947 396 2004 sens
435 1920 632 2030 scriptum
674 1919 906 2026 peruenerit
941 1917 1110 2000 salutem
1153 1921 1197 2001 in
1238 1917 1405 2000 domino
1449 1918 1732 2026 sempiternam
1777 1921 1983 2026 Quoniam
2025 1953 2048 2031 p
2165 2015 2166 2018 g

304 2057 444 2144 preces
472 2036 513 2113 &
547 2031 686 2112 merita
714 2029 913 2111 iustorum
947 2057 1154 2140 speramus
1195 2057 1271 2112 nos
1313 2055 1431 2140 posse
1458 2031 1690 2139 pertingere
1719 2028 1771 2111 ad
1808 2031 1980 2114 salutem
2012 2063 2044 2114 r:

302 2144 430 2226 uersis
456 2159 599 2224 notum
627 2139 795 2224 facimus
823 2166 896 2251 per
925 2157 1132 2249 presentes
1219 2137 1275 2223 od
1301 2166 1378 2222 nos
1405 2141 1617 2248 cupientes
1653 2138 1896 2226 deuotarum
1938 2145 2036 2227 ancil

303 2282 396 2338 mam
429 2253 571 2336 christi
625 2253 815 2363 priorisse
842 2255 883 2332 &
910 2277 1097 2334 sororum
1125 2280 1173 2335 su
1245 2279 1343 2334 cura
1385 2251 1539 2336 ordinis
1583 2251 1755 2334 fratrum
1801 2254 2028 2364 predicator
2165 2331 2167 2362 ζ

304 2365 469 2448 domino
497 2367 539 2444 in
574 2361 794 2473 slraeningia
837 2359 1124 2446 famolancium
1151 2365 1299 2446 sanctis
1326 2363 1588 2446 oracionibus
1615 2365 1659 2445 iu
1688 2384 1933 2474 perpetuum
1968 2369 2025 2448 sul
2162 2435 2167 2444 .

303 2480 393 2558 uari
429 2478 666 2586 Recepimus
694 2482 734 2557 br
762 2473 979 2584 recipimus
1007 2473 1133 2558 dictas
1161 2477 1394 2588 priorissam
1421 2480 1462 2557 &
1489 2499 1648 2558 sorores
1684 2503 1775 2558 cum
1811 2480 2028 2590 personis.
2165 2555 2167 2562 ,

303 2585 566 2670 attinentibus
608 2585 684 2668 sub
725 2602 861 2668 nostre
932 2588 1171 2673 rotecoionis
1214 2587 1389 2700 graciam
1430 2586 1643 2696 specialem
1671 2593 1712 2669 8r
1754 2587 1890 2668 locum
1933 2591 1978 2669 in
2017 2620 2027 2666 ι
2165 2639 2167 2648 1

301 2727 413 2782 nunc
442 2715 606 2780 manent
641 2697 791 2780 eisdem
817 2616 1101 2780 oondrmamus
1134 2713 1257 2828 atque
1284 2715 1367 2780 tam
1395 2695 1550 2778 dictum
1578 2695 1713 2780 locum
1741 2724 1865 2810 quam
1884 2698 1967 2780 alia
1996 2700 2021 2780 b

247 2856 252 2862 ·
301 2811 481 2921 ipsarum
516 2806 681 2892 mobilia
709 2808 995 2892 &immobilia
1023 2807 1161 2892 habita
1190 2825 1297 2891 msto
1330 2807 1466 2919 tytulo
1495 2815 1534 2892 δε
1567 2807 1755 2891 habenda
1790 2837 1883 2890 cum
1912 2812 2020 2890 omni
2147 2829 2152 2836 ·

302 2923 360 3006 eis
402 2919 668 3004 attinentibus
702 2935 785 3002 tam
828 2921 869 3000 in
911 2923 1095 3030 personis
1129 2947 1252 3032 quam
1292 2920 1414 3002 rebus
1457 2917 1509 3000 ab
1545 2919 1734 3002 omnibus
1776 2919 2084 3004 exhibicioniem
2164 2919 2167 2936 ‘

303 3033 587 3116 exaccionibus
620 3029 950 3141 imposicionibus
986 3060 1034 3114 ac
1084 3031 1173 3116 aliis
1201 3035 1330 3115 causis
1358 3037 1399 3112 a
1429 3031 1584 3114 iuribus
1621 3033 1741 3138 regiis
1783 3030 2084 3142 quibuscunque

303 3163 498 3230 vocentur
526 3143 755 3236 nominibus
790 3143 942 3230 Damus
970 3150 1010 3227 &
1038 3141 1305 3230 concedimus
1324 3141 1450 3224 libera
1479 3169 1562 3224 esse
1576 3131 1742 3252 penitus
1759 3141 2083 3256 ubicunque-lac·

246 3330 250 3339 .
303 3257 387 3336 rint
414 3260 455 3348 δι
482 3272 667 3366 exempta
719 3253 911 3348 Veientes
955 3253 1068 3364 quod
1099 3255 1291 3338 villici&
1328 3253 1465 3335 coloni
1499 3255 1679 3365 ipsarum
1707 3281 1777 3335 seu
1807 3253 1885 3334 alis
1925 3280 2084 3363 persone

303 3393 385 3478 que
413 3394 523 3447 nunc
551 3367 607 3462 eis
635 3367 807 3464 attinent
842 3365 908 3462 uel
949 3395 1053 3454 ,uas
1094 3369 1151 3449 ais
1201 3368 1372 3447 attinere
1415 3366 1632 3474 contigerit
1674 3365 1716 3445 in
1759 3363 1948 3446 futurum
1997 3365 2083 3446 nulli

303 3475 373 3586 alij
401 3494 660 3597 preterquam
689 3477 880 3586 priorisse
908 3394 979 3574 uei
1003 3478 1335 3588 procuratoribus
1367 3477 1431 3558 sui
1459 3475 1614 3557 ordinis
1635 3491 1852 3557 teneantur
1879 3476 1933 3559 de
1967 3493 2085 3558 cetero

303 3590 346 3670 in
374 3588 512 3700 aliquo
541 3585 786 3698 respondere
831 3589 882 3672 Et
915 3605 961 3677 vt
1005 3587 1163 3699 plenius
1206 3584 1387 3700 predicta
1423 3584 1626 3697 gaudeant
1668 3587 1855 3670 libertate
1910 3587 2104 3690 volumus

302 3700 661 3798 &districtissime
691 3697 920 3800 inhibemus
952 3727 1005 3780 nc
1030 3726 1098 3798 eas
1139 3716 1372 3810 presumant
1416 3698 1512 3786 alias
1547 3699 1591 3779 in
1619 3698 1759 3810 aliquo
1802 3695 1987 3780 indebite
2014 3725 2086 3779 mo

303 3811 446 3896 lestare
483 3827 554 3892 aut
581 3837 816 3908 concessam,
838 3811 894 3890 eis
923 3813 963 3892 81.
990 3807 1122 3906 datam
1150 3840 1174 3891 a
1201 3811 1320 3896 nobis
1347 3809 1543 3908 libertatis
1570 3811 1747 3918 graciam
1785 3809 2085 3920 quomodolibet

303 3922 497 4032 impedire
540 3921 701 4033 Siquis
730 3920 989 4002 autemhuic
1029 3935 1168 4024 nostre
1211 3920 1450 4021 inhibicioni
1488 3948 1592 4018 ausu
1634 3921 1849 4008 temerario
1892 3921 2087 4002 connaire

303 4033 562 4144 temptauerit
612 4028 907 4140 indignacionis
948 4047 1085 4113 nostre
1156 4030 1270 4133 rocul
1319 4029 1446 4114 dubio
1497 4032 1648 4120 sauciet
1690 4028 1891 4114 ulcionem
1951 4033 2097 4132 Datum

288 4147 418 4244 iuxta
445 4142 750 4254 sudhercopiam
787 4168 895 4257 anno
922 4142 1074 4258 domini
1103 4061 1404 4248 ticuxxxlr
1433 4143 1512 4247 XII
1539 4139 1698 4244 kalend.
1727 4139 1984 4254 septembris.

575 4441 579 4453 .
766 4441 809 4482 r.
874 4441 901 4474 ,p
1078 4471 1083 4482 ¹
1237 4470 1240 4479 1
1621 4476 1624 4485 ¹
1756 4469 1759 4482 ¹
1853 4481 1858 4490 ι

313 4511 443 4652 755.
654 4605 658 4612 .
781 4525 845 4636 ἦ,
914 4511 1084 4619 *1282
1132 4511 1181 4628 d.
1236 4513 1301 4619 15
1349 4511 1489 4662 Sept
1729 4546 1733 4563 ·
1913 4593 1916 4600 ι
2159 4545 2161 4614 l

387 4690 549 4782 hemeras
570 4693 764 4760 Testamente
785 4692 992 4780 ald'tskilliga
1009 4681 1159 4792 *hemmae
1179 4696 1241 4762 ocb
1259 4699 1433 4796 penningar
1455 4697 1503 4762 till
1523 4697 1640 4768 kloster
1661 4693 1880 4794 oeb'kyrior,
1902 4715 1948 4762 m.
1973 4719 2035 4765 m..
2159 4701 2161 4758 l

803 4794 897 4868 .'''
1006 4799 1047 4877 ‚'
1383 4797 1387 4806 ’
1640 4799 1970 4882 [Quart.

470 4909 521 4988 ln
550 4895 724 4990 nomine¹
739 4885 937 5020 palris'et
959 4891 1045 4994 lilii.
1074 4917 1113 4994 St
1139 4915 1303 5024 spiritus
1328 4914 1469 5004 ¹structi.
1498 4891 1644 4994 Amen]
1667 4811 2023 5024 Ego'ldgebuigis
2049 4893 2092 4992 de

304 5021 482 5128 glanuas,
513 5017 924 5148 considerans'flhuiius
952 5016 1039 5149 rite'
1061 5039 1211 5110 statum
1240 5025 1549 5116 instabilem&
1577 5026 1851 5213 necessitateqr
1880 5019 2091 5105 ineuitabi-

934 5171 938 5180 ·
1834 5155 1895 5214 em
