4384 5946
880 497 884 504 ·
990 438 1214 579 “· ’”ιά
1320 525 1378 552 ..-

284 707 363 766 suo
398 701 502 766 statu
528 687 796 785 manentibus,
825 692 885 771 uti
942 691 1152 799 largimur,
1180 691 1265 786 nisi
1286 691 1538 776 solummodo
1567 699 1610 774 in
1637 694 1702 776 die
1730 711 1874 775 sancta
1896 723 1940 776 ac
1954 715 2061 797 veno-²

288 793 424 875 randae
451 798 750 878 resurrectionis
778 801 941 882 Domini
970 806 1100 885 nostri
1125 803 1220 883 Jesu
1249 804 1416 903 Christi,
1445 833 1515 884 seu
1542 806 1586 885 in
1628 805 1818 886 natalitiis
1847 823 2062 888 sanctorum

162 983 167 988 .
288 906 595 1014 Apostolorum,
623 921 743 1018 atque
771 907 813 990 Β.
841 912 1028 1022 Baptista
1056 914 1271 1010 lobannis,
1300 940 1374 995 nec
1404 916 1559 994 nonin
1587 913 1828 997 assumtione
1855 916 1989 996 beatae-
2004 945 2063 1024 ge·
2164 905 2165 910 Ν

288 1017 449 1099 natricis
476 1017 631 1116 Mariae,
658 1019 854 1130 simulque
882 1025 925 1104 in
953 1024 1162 1106 dominicae
1190 1026 1354 1105 Domini
1409 1026 1484 1106 Dei
1513 1027 1642 1108 nostri
1669 1025 1885 1108 nativitatis
1905 1023 1986 1123 die,
2000 1055 2063 1136 pa·
2163 1059 2165 1152 ff

287 1131 464 1238 titer'que
510 1133 553 1211 in
594 1131 851 1215 solemnitatis
878 1135 1050 1218 ecclesiae
1076 1153 1156 1218 tuoe
1185 1133 1269 1232 die,
1297 1139 1583 1220 verumetiam
1611 1139 1654 1217 in
1696 1136 1957 1220 ordinationis
1991 1155 2062 1228 tuae

284 1243 473 1326 natalicio
502 1241 756 1325 concedimus
783 1244 866 1342 die,
894 1248 1010 1329 sicuti
1037 1276 1061 1329 a
1088 1248 1314 1331 beatissimo
1328 1248 1619 1356 praedecessore
1633 1265 1772 1332 nostro
1788 1249 1961 1329 Domino
1975 1247 2067 1328 G'rt·
2163 1317 2165 1338 ,

286 1359 404 1467 gorio
440 1354 559 1461 hujus
593 1354 706 1436 almae
747 1356 851 1439 sedis
878 1359 1064 1467 praesule,
1093 1361 1289 1440 sancitum
1317 1378 1389 1441 est.
1447 1361 1497 1440 In
1525 1361 1749 1442 Secretario
1776 1387 1874 1442 vero
1901 1375 1971 1440 tua
1997 1357 2067 1440 fra·

283 1471 452 1556 tenutas
480 1466 646 1573 pallium
673 1465 840 1549 induere
867 1467 1029 1567 debeat,
1055 1476 1097 1551 &
1124 1472 1181 1549 ita
1208 1469 1259 1552 ad
1302 1471 1510 1552 missarum
1552 1471 1745 1554 solemnia
1780 1468 2000 1578 proficisci,
2031 1475 2069 1554 δι
2163 1491 2165 1580 5

283 1579 387 1662 nillil
414 1578 491 1658 sibi
519 1578 689 1686 amplius
717 1579 816 1660 a'usu
843 1583 1062 1662 temerariae
1089 1582 1412 1691 praesumptionis
1449 1611 1658 1691 arrogare,
1697 1581 1847 1664 nedum
1888 1581 2069 1662 exteriori
2163 1591 2165 1664 f

282 1691 425 1774 habitu
452 1688 677 1770 inordinate
702 1691 857 1800 aliquid
886 1695 1121 1802 arripiatur,
1149 1692 1331 1794 ordinate
1346 1695 1483 1791 etiam,
1498 1722 1591 1803 quae
1607 1693 1726 1776 licere
1741 1709 1947 1802 poterant,
1961 1691 2067 1773 aurit·
2164 1761 2165 1776 ,

285 1818 433 1884 tantur.
505 1798 629 1908 Cujus
671 1830 793 1910 quam
835 1801 1057 1886 indumenti
1097 1804 1247 1901 honcs,
1284 1803 1465 1885 modesta
1491 1823 1652 1885 actuum
1679 1806 1889 1886 vivacitate
1917 1829 2069 1884 servan·
2163 1791 2165 1890 l

280 1913 365 1995 dus
391 1925 470 2008 est,
497 1911 722 2010 hortamur,
750 1932 798 1995 ut
825 1919 865 1995 St
892 1918 985 1995 vitae
1026 1932 1266 2017 ornamenta,
1290 1915 1550 2012 conveniant,
1576 1915 1767 2026 quatinus
1795 1931 1959 1996 auctore
1989 1913 2069 1996 Dec
2163 1905 2165 1928 '

281 2039 395 2106 recte
422 2024 639 2134 utrobique
667 2052 803 2131 posses
831 2051 914 2106 esse
942 2028 1201 2134 conspicuus,
1229 2028 1365 2134 itaque
1391 2027 1475 2108 vita
1499 2045 1571 2108 tua
1599 2027 1689 2108 filiis
1717 2027 1797 2108 tuis
1832 2021 1886 2106 sit
1921 2023 2075 2132 regula,
2163 2111 2165 2126 Α

232 2147 234 2150 ’
282 2139 331 2218 in
357 2137 463 2242 ipsa,
491 2136 524 2214 si
553 2163 635 2244 qua
661 2134 858 2224 tortitudo
887 2137 965 2219 illis
993 2137 1138 2245 injecta
1166 2153 1242 2235 est,
1286 2137 1463 2246 dirigant
1502 2139 1546 2218 in
1587 2165 1655 2236 ea,
1696 2135 1809 2248 quod
1854 2138 2071 2233 imitentur,
2162 2167 2165 2238 ς

279 2246 481 2355 aspiciant
507 2247 550 2324 in
577 2247 663 2355 ipsa
690 2276 733 2334 se
761 2276 917 2357 semper
942 2247 1235 2330 considerando
1264 2249 1495 2356 proficiant,
1523 2263 1570 2330 ut
1597 2266 1724 2345 trium,
1739 2263 1832 2356 post
1848 2249 2069 2344 Dominum,
2157 2241 2165 2378 l

284 2357 471 2438 videatur
499 2383 599 2454 esse,
629 2386 712 2466 quo
740 2360 924 2442 vixerint.
966 2360 1061 2441 ¹Cor
1088 2387 1187 2466 ergo
1214 2386 1346 2468 neque
1360 2387 1554 2466 prospera
1568 2388 1660 2468 quae
1675 2359 1951 2467 temporaliter
1965 2358 2072 2440 blan*-
2163 2433 2165 2482 Ι

282 2469 453 2552 diuntur
488 2467 700 2566 extollant,
728 2497 859 2580 neque
885 2470 1053 2552 adversa
1080 2469 1288 2576 dejiciant,
1317 2467 1387 2551 sed
1416 2469 1610 2578 quicquid
1639 2469 1740 2552 illud
1768 2469 1902 2568 fuerit,
1932 2471 2072 2552 virtute
2161 2483 2165 2602 1

27 2623 32 2635 ·
140 2593 143 2606 ’
179 2626 181 2635 2
232 2601 234 2605 ·
279 2581 487 2691 patientiae
515 2579 759 2660 devincatur.
817 2581 981 2661 Nullum
1008 2579 1118 2689 apud
1143 2597 1185 2660 te
1214 2582 1346 2661 locum
1382 2579 1494 2688 odias,
1528 2580 1686 2662 nullum
1728 2580 1844 2662 favor
1887 2580 2073 2664 indiscre·
2163 2607 2165 2670 t

283 2711 352 2774 tus
380 2691 576 2786 inveniat,
604 2690 829 2771 districtum
857 2690 949 2770 mali
979 2709 1241 2798 cognoscant,
1269 2694 1469 2772 insontem
1498 2690 1606 2801 apud
1637 2709 1677 2772 te
1709 2691 1970 2801 culpabilem,
1986 2719 2073 2798 sug·
2163 2735 2165 2800 4

282 2804 413 2912 gestio
442 2801 545 2882 mala
571 2829 656 2881 non
683 2800 819 2899 faciat,
847 2820 1075 2900 nocentem,
1104 2804 1237 2908 gracia
1264 2831 1348 2884 non
1390 2821 1571 2898 excuset,
1614 2804 1821 2885 remissum
1866 2822 1908 2886 te
1950 2802 2072 2888 delin·
2164 2843 2165 2850 ¹

27 2959 83 3028 ss·
276 2913 502 3024 qvi-entibus
528 2941 613 2993 non
641 2912 837 3011 ostendas,
865 2939 916 2994 ne
943 2913 1058 3021 quod
1085 2911 1194 2993 ultus
1221 2941 1305 2995 non
1332 2911 1452 2995 fuerit
1479 2917 1702 3022 perpetrari
1730 2917 1952 3024 permittas.
2019 2913 2074 2994 Sit

159 3023 163 3028 “
271 3027 327 3107 'in
355 3041 394 3105 te
423 3031 464 3104 Se
489 3026 588 3105 honi
616 3025 787 3131 pastoris
816 3024 1008 3121 dulcedo,
1035 3027 1089 3105 sit
1116 3031 1165 3103 &¹
1181 3023 1325 3131 judicis
1354 3051 1491 3104 severa
1518 3023 1733 3122 districtio,
1760 3053 1901 3110 unum·
1917 3025 2073 3119 scilicet,
2164 3059 2165 3072 ¹

284 3137 398 3247 quod
427 3136 657 3215 innoeentes
686 3136 862 3216 viventes
891 3134 1042 3231 foveat,
1071 3134 1200 3231 aliud,
1228 3135 1341 3247 quod
1370 3136 1570 3244 inquietos
1597 3131 1799 3218 feriendos
1841 3165 1865 3217 a
1904 3137 2075 3250 pravita·
2164 3169 2165 3178 ¹

284 3264 326 3328 te
354 3265 590 3356 compescat.
644 3246 726 3328 Sed
758 3275 882 3356 quam
924 3272 1215 3354 nonnunquam
1256 3248 1564 3354 praepositorum
1598 3248 1704 3328 zelus
1739 3247 1837 3329 dum
1874 3242 2076 3330 districtus

271 3357 482 3439 ¹malorum
510 3361 597 3440 vult
624 3355 771 3438 vindex
800 3361 968 3438 existere
991 3355 1154 3440 transiit
1180 3357 1225 3434 in
1253 3355 1530 3441 crudelitatem
1558 3359 1779 3466 correptio,
1808 3361 1910 3440 iram
1925 3359 2074 3468 judicic

284 3468 443 3551 refrena
471 3474 511 3550 8r
538 3496 704 3550 censura
729 3467 951 3576 disciplinae
971 3481 1204 3562 secuturae,
1219 3483 1266 3548 ut
1294 3465 1338 3548 a·
1375 3466 1512 3576 culpas
1555 3467 1690 3566 ferias,
1727 3475 1820 3550 &a
1860 3470 2074 3552 dilectione

284 3608 566 3690 personarum,
595 3607 695 3691 quas
724 3582 911 3687 corrigis,
940 3608 1024 3661 non
1053 3577 1207 3688 exedas.
1263 3577 1547 3660 Misericordiae
1574 3597 1635 3676 te,
1662 3598 1787 3688 prout
1814 3581 1947 3664 virtus
1975 3578 2078 3692 pati«
2164 3617 2165 3624 ¹

284 3710 354 3772 tur
381 3688 627 3800 pauperibus
654 3691 858 3789 exhibere,
884 3691 1087 3801 oppressis
1115 3688 1292 3772 delensio
1316 3707 1389 3784 ⁵tua
1416 3690 1637 3786 subveniat,
1654 3691 2074 3799 opprimentibpsmo·

285 3802 395 3884 deste
423 3804 619 3887 correctio
648 3802 916 3898 contradicat,
943 3803 1093 3884 nullius
1120 3799 1261 3881 faciem
1290 3816 1430 3880 contra
1463 3798 1659 3906 justiciam
1695 3803 1873 3911 aspicias.
1931 3805 2075 3886 Custo-

277 3910 353 3995 'dia
389 3919 499 4014 inte
527 3911 726 4025 aequitatis
754 3911 936 4012 excellat,
964 3930 1012 3994 ut
1037 3938 1111 3992 nec
1145 3909 1311 3992 divitem
1347 3905 1528 4018 potentia
1554 3940 1626 3992 sua
1655 3911 1809 4020 aliquid
1852 3914 1966 4021 apud
2007 3939 2076 3996 vos

286 4044 400 4107 extra
427 4026 531 4106 viam
559 4023 723 4106 suadeat
748 4025 913 4105 rationis
941 4022 1096 4120 audire,
1124 4049 1197 4104 nec
1212 4047 1430 4130 pauperem
1444 4019 1494 4103 de
1509 4049 1553 4103 re
1567 4051 1638 4102 sua
1651 4019 1771 4105 faciat
1790 4023 1997 4108 humilitas
2013 4025 2077 4108 de·

273 4159 457 4246 sperare.
513 4137 715 4238 Quatinus
743 4137 830 4217 Deo
858 4137 1068 4216 miserante
1092 4133 1185 4213 talis
1211 4131 1341 4244 possis
1369 4133 1559 4245 asistere,
1595 4135 1759 4243 qualem
1800 4163 1913 4218 sacra
1957 4138 2077 4224 lectio

269 4249 471 4357 praecipit
496 4245 649 4344 dicens,
675 4265 842 4358 oportet
868 4248 1113 4356 Episcopum
1141 4243 1528 4354 irreprehensibilem
1570 4271 1675 4343 esse,
1718 4243 1788 4328 sed
1829 4243 1907 4326 hiis
1951 4250 2103 4336 omui-2

282 4357 381 4457 bus,
410 4377 456 4438 ut
482 4357 695 4440 salubriter
720 4361 890 4467 poteris,
917 4359 951 4440 si
980 4358 1211 4465 magistrum
1239 4356 1443 4438 caritatem
1469 4355 1668 4454 habueris,
1697 4383 1819 4468 quam
1848 4357 1922 4465 qui
1967 4387 2080 4442 secu·

284 4467 500 4552 tus'fuerit
527 4487 687 4551 erecto
716 4468 933 4580 aliquando
961 4498 1045 4550 non
1069 4465 1233 4550 recedit.
1290 4469 1412 4564 Ecce,
1440 4467 1563 4548 frater
1591 4467 1837 4566 charissime,
1853 4469 1961 4551 inter
1976 4470 2079 4553 mul·

284 4595 328 4662 ta
364 4581 440 4662 alia
467 4583 542 4663 ista
569 4599 664 4664 sunt
687 4576 912 4679 sacerdotii,
939 4583 1137 4662 istasunt
1163 4579 1297 4688 pallii,
1350 4605 1412 4657 uae
1439 4581 1474 4659 si
1502 4578 1678 4662 studiose
1707 4579 1946 4679 servaveris,
1964 4579 2081 4695 qnod

285 4691 384 4772 soris
412 4693 609 4803 accepisse
636 4691 878 4790 ostenderis,
902 4695 1010 4774 intus
1037 4691 1215 4774 habebis.
1271 4606 1411 4772 Eidem
1439 4706 1572 4771 autern
1586 4709 1714 4790 tuam,
1760 4717 1852 4771 uam
1867 4689 1980 4774 intus
1994 4694 2082 4802 epi-

288 4803 399 4885 stolis
426 4807 603 4888 breviter
628 4806 862 4916 ascripsisti,
892 4805 985 4887 licet
1025 4803 1136 4884 laicis
1176 4801 1391 4912 explanare
1433 4801 1646 4899 debueras,
1690 4721 1904 4884 redemtori
1948 4823 2085 4886 tamen

288 4935 429 5003 nostro
457 4919 603 5029 gratias
632 4918 803 5028 agimus,
831 4918 944 5030 quod
971 4945 1058 4999 eam
1085 4916 1128 4996 in
1156 4915 1243 5027 ipsa
1270 4930 1349 4995 tam
1376 4913 1570 4996 brevitate
1605 4931 1759 4996 rectum
1800 4942 1884 4998 esse
1925 4943 2083 5028 coguo-
