4398 5958
828 451 1236 555 -509-

140 692 316 758 nostram
346 673 435 753 iura
464 670 720 752 ecclesiarum
750 672 874 766 tueri,
903 687 944 751 et
976 672 1020 750 in
1048 672 1299 754 exhibicione
1334 674 1488 782 servitij
1536 705 1619 785 quo
1662 676 1778 758 nobis
1806 675 1927 758 iidem
2005 711 2008 718 ·

139 786 285 895 prelati
312 783 481 890 obligati
496 801 591 863 sunt
618 781 778 863 easdem
805 781 989 862 ecclesias
1009 780 1187 875 ,reddere
1217 785 1379 891 penitus
1395 784 1642 894 indempnes,
1664 794 1854 896 quoniam
1884 786 1927 892 id

88 989 90 996 ¹
138 897 256 978 nobis
284 912 325 976 et
353 895 429 974 toti
452 919 612 1004 'regnos
650 898 780 976 anime
814 909 962 988 nostre,
1004 919 1051 974 ae
1086 893 1199 989 lame,
1241 894 1439 976 eredimus
1481 897 1690 1004 expedire,
1735 899 1927 1006 articulos

137 1009 255 1094 etiam
283 1008 325 1086 in
354 1005 497 1110 litteris
526 1002 739 1112 papalibus
767 1002 886 1083 nobis
913 1029 1004 1084 cum
1034 1003 1076 1081 in
1105 1001 1251 1084 mino'ri
1281 1003 1474 1113 dignitate
1488 1035 1660 1088 essemus
1689 1011 1927 1090 transmissis

137 1134 350 1201 contentos
379 1131 515 1224 preter
557 1141 679 1224 quam
707 1113 919 1193 articulum
953 1111 1004 1194 de
1045 1116 1289 1195 testamentis
1323 1143 1443 1225 quem
1478 1115 1763 1200 deliberacioni
1805 1121 1929 1198 maio·

136 1257 226 1310 rum
281 1229 399 1336 segni
441 1252 689 1305 reseruemus
739 1223 1001 1305 ecclesiastice
1043 1223 1293 1306 inridictioni
1333 1231 1659 1333 recognoscimus
1700 1228 1923 1324 subiacere,

135 1339 188 1420 ad
203 1340 323 1418 huius
333 1355 470 1417 autem
486 1337 543 1415 rei
558 1336 846 1444 exeqncionem
862 1335 1083 1442 pleniorem
1098 1336 1350 1442 presentibus
1381 1335 1522 1416 litteris
1538 1339 1713 1447 sigillum
1742 1357 1925 1420 nostrum

97 1479 103 1494 ’
135 1450 324 1531 duximus
361 1445 659 1556 apponendum.
717 1447 865 1524 Datum
893 1461 1071 1537 ostraros
1100 1473 1210 1527 anno
1239 1446 1412 1543 domini,
1447 1446 1829 1546 bl⁰,CC⁰,LXXVl⁰,
1865 1477 1925 1530 se·
2027 1513 2036 1528 .

135 1563 265 1671 ptimo
293 1557 371 1642 kal.
398 1557 525 1665 tunij,
553 1584 663 1637 anno
691 1559 810 1662 negni
836 1558 965 1638 nostri
992 1556 1135 1664 primo.

409 1725 414 1746 ⁴
486 1697 604 1782 sigillet
624 1697 726 1792 tillila
745 1697 818 1761 med
839 1697 899 1760 den
919 1719 958 1760 ur
977 1697 1099 1760 brefvet
1119 1698 1241 1784 llippte
1262 1718 1383 1760 rernsan
1403 1697 1570 1761 bortsallet.

138 1935 269 2064 614.
768 1886 1301 2097 1276·ἀ.“27’Μᾶ]”.

212 2153 391 2218 tue-snt
411 2153 541 2218 Fotxxs·
555 2151 733 2216 vidimation
754 2148 815 2214 och
834 2150 1019 2215 beltdltelse
1034 2154 1077 2238 pt
1098 2155 1237 2236 Lagmon
1258 2151 1382 2216 nomos
1404 2162 1607 2294 resumptas
1677 2238 1701 2309 ᾧ
1763 2242 1778 2278 s

1565 2253 1658 2294 ··n·
1694 2245 1790 2310 ψ)

230 2461 233 2468 ,
285 2371 503 2452 'Uniuersis
532 2371 672 2452 christi
702 2370 889 2452 fidelibus
918 2371 1291 2478 presenteslitteras
1312 2373 1565 2480 inspecturis.
1585 2375 1627 2455 F.
1643 2375 1920 2484 Archiepisco-

128 2511 205 2592 pus
218 2483 436 2590 vpsalensis
457 2482 622 2564 salutem
638 2483 679 2561 in
696 2480 872 2562 domino.
893 2481 930 2560 N
932 2483 1099 2563 oueritis
1115 2510 1188 2562 nos
1204 2498 1486 2562 testamentum
1502 2484 1648 2565 nobilis
1662 2487 1740 2571 uiri
1758 2487 1920 2592 Domiuj

64 2686 68 2692 ⁴
128 2592 317 2685 huldonis
336 2592 502 2701 ,legiferi
528 2592 579 2672 de
609 2591 909 2672 Wermelandia
941 2593 1196 2699 presentibus
1225 2593 1524 2674 venerabilibus
1553 2594 1745 2674 fratribus
1774 2598 1923 2678 nostris

126 2705 310 2784 dominis.
340 2707 387 2785 H.
415 2706 616 2812 Episcopo
645 2702 894 2811 lincopensi.
925 2705 968 2782 E.
999 2703 1203 2810 Episcopo
1233 2705 1418 2784 scarensi.
1450 2706 1495 2782 Α.
1528 2706 1728 2814 Episcopo
1743 2721 1921 2813 strenge-

126 2817 266 2895 nensi.
283 2816 333 2894 K.
363 2817 565 2924 Episcopo
609 2815 813 2895 arusiensi.
843 2815 889 2892 A.
937 2815 1139 2922 Episcopo
1183 2815 1439 2894 wexionensi.
1482 2815 1534 2893 K.
1581 2818 1782 2925 Episcopo
1822 2816 1920 2897 abo-

124 2927 249 3005 nensi.
282 2953 365 3004 non
395 2925 679 3021 cancellatum,
708 2943 792 3005 non
820 2922 1018 3004 abolitum
1052 2953 1125 3006 nee
1154 2925 1195 3003 in
1224 2926 1359 3033 aliqua
1403 2925 1465 3003 sui
1494 2944 1608 3030 parte
1638 2928 1828 3007 uiciatum
1857 2955 1920 3006 re·

125 3038 312 3144 spexisse'
331 3039 372 3118 in
401 3038 475 3116 hec
503 3035 630 3116 uerba
660 3097 669 3115 .
700 3096 709 3115 .
738 3036 790 3116 Se
818 3033 900 3114 Nso
930 3036 1018 3116 530.
1289 3040 1554 3144 Quapropter
1597 3039 1674 3116 hoe
1704 3052 1919 3117 testamen·

124 3163 212 3226 ttnn
240 3148 416 3253 legitime
439 3147 590 3226 factum
619 3144 924 3225 sentencialiter
945 3143 1206 3227 decernentes
1235 3145 1311 3225 sub
1346 3173 1450 3253 pena
1488 3147 1920 3226 excommunicacionis

2 3350 8 3358 .
99 3257 386 3367 ,prohibemus
416 3285 466 3337 ne
494 3258 586 3366 quis
615 3255 865 3336 uoluntatem
893 3285 1006 3336 suam
1035 3255 1183 3336 audeat
1217 3256 1469 3366 aliquatenus
1511 3255 1680 3336 irritare.
1726 3257 1919 3338 'Scientes

124 3365 237 3478 quod
268 3369 393 3476 siquis
421 3369 463 3474 in
494 3368 763 3464 contrarium,
791 3365 927 3447 venire
970 3369 1258 3474 presumpserit
1276 3379 1481 3476 'quamtum
1524 3392 1571 3445 ex
1602 3367 1736 3447 officio
1778 3382 1918 3448 nostro

126 3478 246 3559 nobis
274 3479 490 3575 incumbit,
519 3493 662 3559 contra
691 3479 824 3584 ipsum
853 3505 926 3586 per
954 3506 1029 3557 nos
1056 3479 1121 3557 uel
1151 3504 1224 3586 per
1254 3478 1353 3560 alios
1376 3478 1481 3558 sicut
1509 3473 1559 3556 de
1588 3474 1916 3558 iurefaciendnm

127 3587 268 3684 suerit,
299 3616 606 3696 percensuram
635 3588 940 3668 ecclesiasticam
981 3586 1254 3696 procedemus.
1312 3591 1461 3670 Datum
1490 3611 1599 3669 anno
1627 3586 1794 3695 dominj.
1823 3586 1916 3668 bl⁰.·

91 3707 93 3710 ’
124 3699 370 3783 CC⁰.LXX⁰.
398 3714 523 3782 sexto.
551 3697 651 3779 feria
680 3714 826 3806 quarta
854 3696 946 3806 post
975 3699 1272 3806 penthecosten.
1912 3737 1915 3744 ⁴

603 3841 650 3903 Px
671 3841 845 3902 srdnsiden:
873 3843 991 3904 Littera
1010 3843 1184 3903 testamenti
1205 3841 1321 3924 domini
1343 3843 1431 3912 Hslz.

232 3956 378 4040 Sigillen,
394 3955 439 4041 pt
460 3954 659 4020 sillestrddar
680 3955 716 4017 al
732 3953 887 4020 blandade
907 3955 1028 4036 far-gers
1049 3957 1109 4016 Nm
1131 3953 1212 4016 3-5
1232 3955 1378 4032 sledade;
1394 3956 1439 4019 de
1459 3957 1557 4036 dirige
1578 3956 1599 4034 4
1620 3955 1796 4019 bortlallne.

121 4221 256 4327 615.
627 4219 631 4227 ⁴
757 4221 906 4364 1276
954 4219 1002 4327 d.
1051 4221 1124 4326 30
1171 4220 1289 4362 Maj.
1716 4217 1909 4368 Stalby.
2033 4145 2037 4156 *

200 4407 352 4506 nmmo
372 4443 514 4507 llussozts
533 4451 717 4506 testamento
738 4441 776 4505 ai
790 4441 949 4526 autiutga
971 4441 1047 4524 gods
1068 4439 1272 4522 tillendeliga
1283 4440 1486 4522 inrtttningor
1495 4437 1556 4503 och
1566 4441 1745 4524 namngilne
1755 4459 1909 4524 personet.

1613 4557 1775 4626 nese

280 4692 330 4770 ln
360 4691 521 4771 nomine
549 4691 728 4772 Patris&
743 4691 814 4774 lilii
829 4691 1187 4800 &spiritussancti
1203 4693 1341 4771 Amen.
1371 4691 1459 4797 Ego
1475 4671 1692 4800 Wihlogus
1707 4689 1905 4789 Nicholai
2029 4670 2040 4684 ’

116 4797 324 4916 quondam
351 4798 726 4885 liliusoousiderans
740 4803 1058 4911 &ingemiscens
1079 4799 1337 4909 fragilitatem
1352 4829 1478 4884 meam
1509 4831 1663 4912 ponens
1677 4803 1802 4886 eciam
1817 4817 1908 4882 ante

117 4985 391 5009 m

158 5051 184 5128 *)
205 5047 251 5110 Af
267 5044 367 5108 denna
388 5039 569 5108 viditnation
591 5039 685 5103 tunes
705 5063 744 5105 en
765 5041 964 5128 lilalydande
985 5045 1026 5132 pt
1046 5065 1168 5131 pepper
1188 5045 1225 5109 A.
1246 5044 1274 5109 3.
1295 5067 1324 5108 n.
1345 5043 1375 5122 4:
1397 5043 1425 5105 8.
