4370 5950
965 459 1380 518 ...1100-

100 740 104 750 .
165 760 169 766 ¹
204 699 214 716 ¹·
274 657 472 755 bitamus,
505 655 575 767 qvi
603 655 821 740 Ecclesiam
850 655 924 739 Dei
952 685 1035 738 non
1065 650 1210 738 timetis
1238 647 1531 765 depauperare,
1559 645 1817 766 impediendo
1845 650 1909 737 vel
1937 649 2065 738 omni*

191 843 195 852 .
274 802 331 855 no
370 765 641 853 subtrahendo
684 766 861 850 fidelium
904 764 1155 864 elemosinas,-
1194 771 1233 846 8(
1269 765 1361 847 idco
1397 767 1505 848 unde
1535 769 1612 876 ipsi
1640 796 1710 848 sua
1740 767 1966 865 redimunt,
1993 791 2064 848 vos

274 902 406 966 vestra
449 877 708 960 accumulatis
742 894 917 987 peccata,
945 879 1086 961 silvam
1115 877 1312 988 siquidem
1347 879 1390 958 in
1418 880 1790 986 Gulumsteuselsog,
1828 907 1948 988 qvam
1990 880 2065 958 Ar·

274 991 553 1100 chiepiscopus
582 992 625 1071 in
651 1019 818 1071 suorum
845 985 1163 1100 redemptionem
1192 1008 1448 1097 peccatorum
1478 987 1669 1072 fratribus
1688 978 1840 1070 nostris
1855 989 1906 1070 de
1921 989 2066 1070 Esrom

274 1099 463 1200 eontulit,
497 1131 570 1182 vos
606 1103 650 1180 in
687 1109 859 1185 vestradl
893 1097 1188 1182 damnationem
1225 1092 1380 1180 auferre
1409 1103 1621 1182 conamini.
1679 1101 1809 1183 Saluti
1843 1102 1973 1207 igitur
1997 1126 2066 1180 ve-

273 1233 385 1311 strae,
419 1213 516 1320 qvia
546 1218 585 1292 8(
612 1209 690 1293 hoc
719 1215 837 1294 nobis
867 1215 1030 1311 attinet,
1059 1211 1267 1292 consulere
1296 1213 1523 1320 cupientes,
1553 1241 1601 1292 ea
1629 1235 1747 1322 qvam
1776 1242 1799 1293 a
1826 1213 1914 1292 Deo
1942 1211 2066 1298 habe·

271 1354 361 1406 mus
397 1322 563 1432 Regiam
599 1323 863 1430 majestatem,
894 1325 1009 1407 vobis
1037 1321 1309 1431 praecipimus,
1338 1339 1385 1402 ut
1411 1322 1463 1408 de.
1492 1342 1641 1404 coetero
1670 1319 1847 1432 praefatis
1875 1321 2066 1402 fratribus

271 1431 421 1518 nostris
454 1429 505 1515 de
538 1432 686 1549 Espom
718 1432 762 1514 in
796 1429 908 1515 nullo
944 1436 1135 1520 contrarii
1174 1434 1277 1529 sitis,
1307 1427 1377 1516 sed
1406 1433 1645 1521 omnimodis
1675 1435 1837 1544 praefata
1866 1432 1967 1514 silva
1994 1459 2066 1514 sua

271 1571 385 1658 aeqve
419 1545 536 1626 vobis
570 1545 631 1639 uti
666 1543 944 1652 permittatur:
1001 1543 1222 1641 Videlicet,
1258 1547 1405 1624 stantia
1441 1552 1480 1625 8(
1506 1541 1678 1626 virentia
1707 1540 1749 1626 in
1778 1573 1822 1624 ea
1838 1543 2066 1639 succidere,

271 1677 320 1744 ut
346 1684 438 1752 vos,
466 1642 603 1749 vetera
630 1683 728 1754 uero
758 1651 914 1764 dejecta
942 1657 1152 1737 sustollere
1181 1672 1227 1736 ut
1255 1684 1346 1752 vos,
1375 1649 1432 1736 sal
1462 1683 1653 1764 coquere,
1683 1650 1897 1766 glandibus
1919 1665 2067 1762 porcos

272 1792 452 1880 pascere,
486 1774 526 1847 8(
560 1769 604 1848 in
638 1763 909 1850 omnimodam
942 1763 1155 1850 utilitatem
1184 1791 1296 1845 suam
1324 1784 1370 1845 ut
1385 1795 1457 1846 vos
1482 1783 1656 1861 vertere,
1684 1773 1723 1847 8(
1758 1764 1956 1848 veniendo
1985 1781 2066 1844 tam

325 1907 346 1957 r
373 1905 501 1974 marc,
530 1901 649 1986 qvam
677 1907 750 1987 per
777 1890 906 1959 terras
933 1873 1046 1960 nullo
1076 1871 1321 1984 prohibente
1350 1875 1401 1958 ad
1429 1905 1500 1957 sua
1529 1878 1616 1958 loca
1644 1869 1854 1958 deducere.
1912 1878 1961 1956 Iu
1977 1876 2067 1984 qvi-

270 1909 348 2076 biis
381 1983 569 2070 omnibus
601 1990 636 2070 si
672 2005 811 2070 nostro
841 1988 1008 2070 consilio
1037 1997 1077 2070 8(
1104 1985 1328 2098 praecepto,
1357 1987 1460 2067 sicut
1489 1988 1670 2098 expedit,
1699 1988 1943 2083 obedieritis,
1973 2013 2065 2092 gra-

163 2125 168 2135 '
271 2102 367 2184 tiam
397 2127 421 2178 a
448 2101 586 2196 nobis,
614 2107 654 2181 8(
680 2103 724 2182 in
752 2103 830 2180 fine
858 2103 949 2181 vitae
979 2116 1122 2183 vestrae
1149 2128 1173 2178 a
1202 2101 1375 2180 Domino
1406 2100 1510 2195 Deo,
1540 2092 1652 2206 quod
1681 2093 1823 2180 oculus
1852 2125 1937 2177 non
1951 2095 2065 2193 vidit,

271 2218 353 2318 neo}
381 2208 490 2292 auris
523 2207 677 2291 audivit
705 2217 744 2291 8(
771 2214 815 2292 in
844 2240 913 2292 cor
935 2205 1106 2292 bominis
1143 2235 1227 2291 non
1256 2206 1455 2305 ascendit,
1484 2211 1695 2317 recipietis
1754 2211 1797 2291 Si
1824 2237 1921 2289 vero
1950 2209 2065 2290 aliter

272 2319 460 2418 feceritis,
489 2321 610 2429 regiae
638 2321 855 2428 majestatis
882 2349 971 2402 reos
999 2350 1071 2402 vos
1100 2349 1183 2402 esse
1213 2319 1422 2415 noveritis,
1452 2327 1492 2400 8(
1519 2321 1613 2431 qvia
1642 2321 1772 2401 aliena
1808 2343 1951 2428 rapere
1980 2347 2065 2399 non

272 2431 437 2529 timetis,
478 2426 648 2540 propria
690 2461 767 2539 pro
809 2432 884 2531 eis,
926 2461 1019 2512 nam
1063 2439 1101 2513 8(
1142 2432 1220 2513 hoc
1259 2430 1409 2538 justum
1443 2442 1520 2526 est,
1559 2425 1788 2513 reddituros
1816 2460 1888 2511 vos
1917 2431 2064 2510 sciatis.

272 2543 477 2655 Scriptum
505 2544 656 2650 qvippe
685 2562 764 2641 est,
794 2546 837 2623 in
895 2572 946 2623 vo
975 2538 1064 2652 qvis
1092 2554 1252 2650 peccat,
1281 2545 1324 2622 in
1353 2568 1401 2620 eo
1434 2540 1635 2648 punietur.
1692 2540 1744 2622 Et
1772 2539 1875 2623 sicut
1896 2567 1970 2620 vos
1985 2538 2065 2620 fra·

271 2672 353 2736 tres
383 2683 406 2734 a
435 2647 601 2762 praefata
629 2652 728 2732 silva
756 2648 876 2764 probi
928 2655 998 2751 tis,
1025 2656 1080 2735 ita
1109 2660 1149 2733 8(
1176 2681 1250 2732 nos
1279 2680 1329 2734 ex
1357 2653 1475 2758 regiae
1503 2651 1719 2759 majestatis
1747 2654 1999 2747 auctoritate,
2015 2652 2066 2733 ab
2147 2700 2152 2712 ·

271 2764 411 2848 eadem
439 2758 538 2843 silva
565 2791 636 2843 vos
665 2758 936 2872 prohibemus.
993 2767 1191 2845 Praeterea
1220 2763 1471 2871 praecipimus
1508 2767 1613 2844 Bora
1641 2771 1680 2846 8(
1708 2765 1877 2846 Attide
1907 2764 2065 2858 Ochem,

271 2895 317 2959 ut
331 2869 550 2957 mulierem
578 2901 697 2984 qvam
726 2877 768 2955 in
797 2878 1029 2958 servitutem
1057 2874 1315 2981 redegerant,
1344 2873 1394 2953 de
1410 2873 1535 2953 libera
1550 2873 1740 2956 facientes
1755 2874 1953 2968 ancillam,
1969 2902 2065 2982 pro·

271 2989 370 3096 prise
406 2981 581 3067 libertati
617 2987 840 3068 restituant.
906 2986 1029 3090 Quod
1064 2984 1099 3068 si
1134 3013 1218 3066 non
1253 2985 1437 3080 fecerint,
1466 2977 1644 3091 gladium
1672 3003 1820 3068 nostrae
1848 2985 2064 3091 majestatis

271 3099 443 3177 ultorem
471 3091 655 3178 sentiant.
684 3097 725 3178 Si
753 3126 850 3179 vero
877 3096 1020 3178 fratres
1048 3096 1224 3204 praefatae
1253 3090 1418 3176 faeminea
1432 3096 1488 3176 eis
1506 3095 1662 3208 aliquid
1691 3097 1851 3196 debent,
1881 3096 2064 3191 libenter,

271 3207 381 3317 qvod
409 3202 491 3315 juri
519 3232 673 3289 eorum¹
687 3206 877 3306 debetur,
906 3211 1126 3289 restituant.

279 3597 367 3742 76·
1091 3633 1257 3744 1177·

304 3827 332 3872 .·
354 3815 535 3882 lna-Bisa.
559 3821 572 3883 i
593 3816 694 3881 Lund.
717 3819 870 3884 Asslnons
890 3821 963 3882 dom
985 3815 1024 3904 pt
1045 3821 1170 3884 Esronrs
1190 3788 1558 3902 klostersskogiFamfs
1578 3811 1677 3884 barad
1697 3831 1783 3884 strar
1804 3813 1861 3884 vid
1883 3815 1988 3886 Etbra
2007 3815 2062 3890 den

402 3904 415 3964 i
436 3902 583 3982 Hallaud‚
603 3903 663 3966 och
684 3902 801 3965 lo'rbud
822 3911 888 3966 mot
907 3903 975 3965 dese
994 3905 1182 3967 evertenda
1252 3989 1257 3994 Ι

1741 4017 1778 4074 ι.
1795 4037 1820 4073 0.
1841 4033 1867 4074 ιι
1885 4015 1928 4089 ll·

435 4154 621 4234 Aristion
649 4153 729 4233 Dei
752 4154 881 4262 gnatia
908 4170 1057 4232 sanctae
1085 4154 1304 4233 andensis
1345 4151 1517 4257 ecclesiae
1551 4151 1922 4264 Archiepiseopus,
1953 4156 2063 4262 Apo·

271 4263 420 4344 stolicae
462 4263 566 4343 sedis
594 4265 788 4370 Legatns,
818 4265 949 4342 Daciae
985 4271 1024 4345 8(
1052 4265 1225 4344 Svethiae
1255 4257 1425 4371 primae,
1460 4261 1648 4344 omnibus
1676 4284 1759 4345 tarn
1799 4267 2063 4372 praesentibus

271 4402 391 4482 qvam
419 4371 564 4454 futuris
592 4371 633 4453 in
662 4386 913 4481 perpetuum.
943 4371 1214 4456 Recordentes
1243 4363 1469 4454 studiorum
1486 4370 1694 4456 hominum
1712 4377 1950 4484 implorum,
1975 4403 2065 4485 qvae

269 4483 470 4595 plerisqve
485 4480 663 4567 fidelium
679 4495 774 4564 nota
789 4512 871 4564 esse
886 4480 1097 4582 credimus,
1113 4492 1151 4566 8(
1166 4513 1239 4565 nos
1255 4481 1454 4591 frequenti
1470 4481 1715 4592 experientia
1729 4485 1885 4596 experti
1907 4516 2068 4583 sumus,

270 4593 418 4784 guribus
446 4597 602 4701 pios&
634 4591 836 4703 praecipue
864 4594 988 4676 seculi
1023 4613 1320 4704 contemptores
1349 4595 1571 4678 moliuntur
1607 4596 1721 4706 qvasi
1749 4598 1800 4679 de
1828 4616 1937 4678 terra
1976 4626 2066 4681 era·
2181 4599 2182 4602 ‘

301 4705 425 4800 icaro,
452 4703 595 4784 famam
622 4734 762 4786 eorum
791 4701 959 4787 sinistris
988 4701 1315 4789 oblocutionibus
1343 4703 1556 4805 fuscando,
1584 4708 1648 4789 vel
1664 4707 1902 4790 necessarias
1933 4716 1975 4790 8(
1999 4711 2066 4820 ju-

271 4832 351 4896 stas
378 4812 714 4922 possessiunculas
741 4812 887 4925 injuste
916 4815 992 4899 sibi
1027 4846 1222 4928 usurpare
1258 4810 1589 4922 calumpniando,
1625 4841 1795 4930 suasque
1829 4817 2067 4918 clamando,

86 4954 90 4964 “
197 4957 198 4962 ¹
272 4924 436 5033 dignum
465 4923 650 5008 duximus
678 4930 829 5038 scripto
858 4931 900 5012 in
928 4937 1124 5039 praesenti.
1145 4928 1336 5040 paginula
1364 4945 1506 5012 notum
1534 4929 1664 5013 facere
1693 4935 1731 5012 8(
1752 4929 1869 5013 fidele
1884 4934 2068 5014 testimo·
