4398 5958
1032 361 1090 502 ζ-
1175 369 1280 516 ”sss
1372 449 1449 500 2-

342 655 438 745 culo
477 651 671 762 proponit
698 653 743 733 in
769 649 902 762 primo
942 648 1121 762 generali
1162 650 1349 762 passagio
1376 677 1401 732 a
1429 645 1535 732 Sede
1576 648 1814 760 Apostolica
1854 647 2093 736 stamendo'in

341 765 467 850 Terre
495 764 642 845 Sancte
668 761 895 846 subsidium
934 761 1202 874 personaliter
1235 761 1448 871 proficisci.
1504 761 1643 864 Quare
1669 789 1694 841 a
1723 759 1847 844 nobis
1874 759 2020 853 edoceri
2040 763 2093 846 ho

340 875 487 959 militer
517 873 750 984 postulasti,
786 903 839 958 an
867 873 930 970 ab
968 873 1111 958 eodem
1153 873 1358 982 Episcopo
1387 871 1439 954 de
1465 869 1694 954 redditibus
1735 872 1823 954 suis
1864 871 2092 957 ecelesiasticis

337 989 390 1068 sit
417 982 573 1069 decima
601 985 811 1097 exigenda.
841 988 927 1069 Nos
945 987 1094 1097 'itaque
1121 982 1354 1067 discretioni
1384 999 1454 1065 tue
1482 1011 1557 1092 per
1584 982 1809 1094 apostolica
1837 983 1990 1090 Scripta
2012 1010 2092 1066 man·

337 1097 498 1195 damus,
525 1111 727 1210 quatenns
754 1127 778 1178 a
806 1095 918 1181 dicto
962 1099 1166 1206 Episcopo
1208 1094 1440 1178 huiusmodi
1469 1093 1665 1177 decimam
1705 1093 1865 1203 exigas,
1904 1095 2008 1176 etin
2029 1110 2093 1176 tnto

337 1209 429 1302 loco
455 1207 639 1319 deponas
672 1207 911 1292 tradendam
938 1206 1102 1290 tandem
1130 1206 1241 1288 dicto
1270 1207 1487 1316 Episcopo,
1514 1207 1549 1287 ai
1576 1233 1668 1288 eum
1695 1205 1917 1312 contigerit
1943 1230 2093 1314 persona·

336 1317 431 1401 liter
456 1319 729 1402 transfretare.
758 1319 953 1432 Alioquin
981 1320 1109 1428 ipsam
1138 1335 1278 1400 nostro
1306 1335 1347 1398 et
1374 1316 1473 1399 dicti
1509 1316 1678 1400 subsidii
1719 1316 1890 1397 nomine
1930 1314 2094 1398 custodias

336 1429 562 1542 diligenter.
592 1433 744 1514 Datum
765 1431 891 1514 Rome
919 1428 1031 1541 apud
1060 1432 1252 1513 Sanctum
1280 1431 1444 1512 Petrum
1472 1428 1531 1510 XI
1559 1427 1650 1510 Kal.
1679 1427 1776 1510 Julii
1798 1425 2093 1510 AnnoSecundo.

275 1829 277 1835 ’
339 1823 473 1960 681.
978 1857 1128 1967 1279
1175 1819 1229 1924 (1.
1274 1791 1341 1926 111
1393 1821 1510 1926 Jun.

416 2046 678 2194 ΡἭθὶοουπε
700 2041 769 2126 Ilias
788 2036 868 2108 Brcf
882 2039 933 2104 till
953 2037 1035 2106 Ron
1056 2041 1187 2104 Manum
1209 2040 1219 2102 i
1240 2038 1367 2123 Sterige
1386 2037 1520 2106 rdrande
1541 2036 1611 2104 1111.
1630 2035 1863 2126 landsbjclpens
1882 2031 2029 2104 ntiirude
2041 2043 2091 2098 utrr
2142 2103 2144 2126 Ι

1837 2203 1876 2265 tt
1895 2217 1919 2259 c
1942 2203 1992 2261 rte

498 2348 691 2462 Nicoluus
717 2347 839 2456 Papa
865 2346 906 2427 T
901 2350 1024 2428 ertrits
1037 2346 1279 2427 Cburissimo
1292 2345 1344 2426 ln
1358 2343 1534 2426 Christo·
1552 2344 1655 2426 Filio
1668 2343 1776 2450 Regi
1795 2339 2088 2424 Soetiaellltutri
2143 2423 2144 2452 Ν

501 2489 616 2570 lllam
643 2492 688 2570 in
714 2486 923 2596 desiderijs
958 2489 1094 2598 Regiis
1134 2502 1340 2596 sperantes
1382 2485 1615 2568 deuotionis
1656 2487 1932 2566 sinceritatem
1950 2482 2086 2574 baberi,

335 2627 427 2712 quae
455 2617 631 2682 mentem
656 2619 767 2682 tuam
794 2596 984 2679 sollicitat
1013 2596 1066 2680 ad
1094 2600 1302 2708 negotium
1330 2597 1468 2679 Terrae
1494 2611 1643 2679 sanetae
1657 2596 1843 2679 feliciter
1863 2590 2084 2705 dirigendum,

335 2714 592 2794 serenitatem
621 2711 787 2820 Regiam
813 2735 1005 2819 rogamus
1033 2725 1188 2792 attente
1216 2724 1416 2821 quatenus
1444 2709 1499 2792 ob
1526 2711 1799 2792 reuerentiam
1814 2709 1935 2817 Regis
1958 2708 2083 2810 Regum

335 2823 449 2906 ouius
475 2851 542 2907 res
569 2823 721 2932 agitur,
749 2823 961 2932 pecuniam
988 2819 1153 2904 decimus
1179 2821 1224 2902 in
1252 2819 1395 2929 Regno
1422 2837 1493 2902 tuo
1522 2819 1718 2919 collectae,
1748 2821 1795 2902 in
1825 2816 1992 2902 eiusdem
2012 2814 2080 2895 Ter·

332 2959 390 3014 roe
417 2933 641 3018 subsidium
668 2930 974 3032 conuertendae,
1003 2949 1117 3014 extra
1144 2927 1253 3015 idem
1279 2932 1466 3042 Regnum
1506 2930 1667 3013 extrahi
1708 2930 1841 3013 libere
1882 2927 2079 3040 patiare&

334 3043 388 3127 ad
414 3042 459 3127 id
486 3071 681 3153 prospere
709 3043 984 3152 peragendum
1012 3060 1175 3154 praestes
1200 3043 1330 3153 plenas
1357 3044 1582 3125 securitatis
1616 3041 1816 3128 fauoremt
1858 3043 1913 3122 ita
1938 3033 2028 3149 quod
2043 3059 2078 3113 ax

332 3153 412 3236 hoc
439 3149 591 3233 diuinae
617 3152 835 3236 Maiestatis
863 3156 1034 3263 gratiam
1061 3153 1226 3236 vberius
1255 3155 1462 3250 merearis,
1505 3180 1662 3288 nosque
1696 3153 1831 3234 zelum
1860 3179 1973 3265 quem
1995 3145 2079 3228 habs

334 3264 387 3346 ad
416 3262 717 3372 procurandam
744 3263 946 3376 praedictas
974 3265 1113 3348 Terrae
1139 3266 1460 3377 prosperitatem,
1489 3264 1623 3376 dignis
1650 3267 1694 3347 in
1722 3267 1901 3348 Domino
1922 3257 2079 3342 Laudibus

336 3373 641 3460 commenderis.
673 3379 777 3460 Dat„
792 3379 930 3460 Romae
957 3376 1068 3488 apud
1096 3377 1288 3461 Sanctum
1317 3379 1483 3464 Petrum
1510 3377 1581 3458 XI.
1611 3375 1696 3461 Cal.
1725 3375 1806 3460 lul.
1836 3383 1951 3461 Amic
1975 3372 2014 3452 11.

338 3633 472 3750 6811.
538 3741 541 3748 ,
1003 3681 1155 3790 1279
1202 3643 1330 3750 (1.8
1378 3641 1483 3758 1111.

416 3861 500 3928 nst.
523 3861 655 3928 Hmstcs
678 3864 688 3922 i
708 3861 885 3948 Linkb'ping
905 3862 993 3946 intyg
1013 3873 1058 3924 att
1078 3861 1141 3926 han
1151 3864 1321 3928 diremerit
1342 3857 1836 3946 Srcsssilieslebpdonatlontill
1851 3857 2076 3926 misnenses·

615 3980 619 3988 '
1777 3977 1981 4045 Rbnup

498 4113 700 4198 Omnibus
728 4109 782 4193 ad
810 4139 915 4223 quos
942 4111 1074 4208 littere
1102 4128 1308 4223 presentes
1349 4113 1623 4224 peruenerint.
1650 4115 1700 4198 11
1728 4110 1793 4195 dei
1821 4113 1951 4223 gracia
1975 4107 2077 4206 linet

282 4244 292 4260 ¹
333 4225 468 4335 pensis
495 4225 530 4304 E
561 4225 721 4338 iscopus
748 4221 916 4316 salutem
944 4224 987 4304 in
1011 4219 1177 4316 domino
1204 4226 1504 4334 sempiternam,
1534 4225 1731 4316 Constare
1745 4225 1930 4312 uolumus
1954 4213 2077 4302 euiden-

321 4350 398 4417 ter
425 4362 509 4447 quo
566 4337 681 4446 siggo
708 4333 918 4444 quondam
931 4333 1137 4426 habitator
1165 4338 1208 4417 in
1235 4329 1412 4436 hesteb'i
1434 4337 1478 4419 in
1492 4355 1632 4424 nostra
1647 4332 2075 4448 promaciaconstitutus

334 4447 468 4534 omnia
495 4445 605 4534 bona
634 4473 706 4534 sua
735 4445 897 4528 mobilia
925 4449 966 4526 u
993 4446 1213 4534 immobilia
1227 4445 1283 4526 ob
1302 4447 1433 4539 anime
1447 4477 1518 4531 sue
1533 4443 1754 4537 remedium
1767 4450 1922 4557 integre
1947 4433 2076 4524 contult

332 4555 578 4639 Monasterlo
613 4557 781 4644 aluastrl
808 4571 1009 4667 perpetuo
1039 4554 1292 4679 possidenda.
1328 4561 1417 4653 Hoc
1446 4559 1659 4668 dumtaxat
1691 4555 1859 4643 'adiecto
1886 4553 1988 4692 quod
2011 4547 2075 4630 dum

332 4667 509 4767 uiueret,
537 4669 581 4750 in
607 4670 722 4753 uictu
750 4671 791 4750 &
819 4670 969 4750 uestitu
996 4669 1333 4782 competentibus,
1361 4671 1597 4782 Monasterij
1625 4673 1856 4784 prouisores
1878 4657 2075 4748 ensdensi·

191 4780 195 4788 ’
333 4777 394 4974 bii
407 4779 625 4974 prppp‘ltllere
673 4796 875 4869 curarent.
934 4779 1084 4870 Datum
1117 4783 1240 4864 Anno
1283 4783 1450 4867 domini.
1497 4783 1800 4867 M⁹.CC⁹.LXX.
1830 4783 1957 4865 Nono.
1981 4769 2071 4854 Vlll·

334 4915 443 4988 YUB
567 4952 577 4974 ·
689 4943 692 4950 ¹
1313 4957 1324 4981 s

550 4921 566 5002 J
700 4997 820 5082 sigillet
840 5011 874 5065 ir
894 5001 987 5084 jemte
1007 4998 1067 5068 den
1088 5012 1160 5070 utur
1181 5001 1303 5074 brelvet
1323 5005 1437 5070 slus-rra
1456 5023 1580 5072 mansan
1598 5003 1761 5072 mitonds
1830 5089 1907 5168 683
