4370 5950
981 495 1403 553 ...120-

266 717 442 784 ‘turum
484 691 739 775 concessione
788 681 1028 797 pontificum
1077 684 1294 796 largitior're
1336 717 1490 799 regum.
1520 687 1586 771 uel
1619 689 1851 800 principum
1884 687 2067 772 oblatione
2121 714 2126 725 ·

302 809 491 894 fidelium.
507 829 579 884 seu
593 801 682 911 alijs
696 802 809 881 iustis
842 795 972 879 modis
983 819 988 830 '
1000 814 1209 907 prestante
1219 800 1387 883 domino
1403 801 1552 911 poterit
1567 799 1745 910 adipisci.
1760 800 1874 882 firma
1897 802 1976 883 tibi
1985 805 2069 882 tuis-

298 947 387 1030 que
414 913 708 998 successoribus
737 927 777 990 et
804 910 958 991 illibata
987 931 1259 1019 permaneant
1330 913 1378 993 ln
1405 910 1556 1022 quibus
1583 910 1661 992 hec
1686 911 1863 1022 prcprijs
1905 913 2072 994 duximus

302 1025 566 1138 exprimenda
593 1021 815 1130 uocabulis.
844 1021 1091 1102 Mansionem
1119 1024 1162 1103 in
1189 1021 1344 1133 vpsalia
1373 1050 1465 1105 cum
1498 1023 1757 1134 pertinentiis
1784 1025 1876 1105 suis.
1933 1023 2072 1120 Rambi

261 1167 268 1242 j
303 1131 407 1225 cum'
423 1136 680 1247 pertinentijs
708 1134 800 1214 suis.
838 1132 994 1213 Collem
1030 1162 1123 1215 cum
1159 1133 1409 1246 appendiciis
1444 1131 1764 1222 sustinebar
1783 1133 1933 1246 ¹).cun'1
1966 1133 2074 1242 perti·

195 1305 201 1310 -
302 1249 561 1359 nentijssuis.
591 1247 835 1343 Piscationes
865 1245 907 1325 in
943 1238 1216 1354 elwakarlaby
1251 1273 1343 1338 cum
1378 1245 1599 1353 attinentiis
1627 1248 1720 1350 suis.
1745 1260 1748 1268 '
1778 1252 1818 1326 81
1845 1245 2075 1326 Mansionen

304 1371 349 1446 in
376 1361 544 1443 Munseo
572 1386 664 1439 cum
693 1349 950 1465 pertinentiis
985 1357 1078 1436 suis.
1108 1357 1333 1439 Libertates
1360 1374 1401 1439 et
1431 1357 1700 1440 immunitates
1728 1357 1927 1465 aregibus
1941 1357 1986 1436 et¹
1998 1383 2077 1464 per·

304 1475 441 1578 sonis.
464 1469 577 1578 alijsw
597 1466 895 1549 rationabiliter
943 1465 1107 1548 ecclesie
1157 1489 1300 1552 uestre.
1350 1488 1433 1552 tam
1474 1470 1520 1548 in
1561 1469 1717 1550 colonis
1759 1496 1880 1578 quam
1923 1470 1964 1547 in
1994 1467 2079 1573 alijs

305 1583 493 1666 indultas.
534 1597 642 1660 ratas
690 1579 895 1659 habemus.
946 1594 987 1659 et
1020 1607 1106 1682 ¹eas
1161 1577 1368 1690 perpetuis
1416 1580 1668 1688 temporibus
1716 1579 1892 1662 illibatas
1925 1583 2079 1688 ¹perma-

304 1723 400 1776 nere
442 1693 673 1773 sanccimus.
708 1689 943 1768 'statuimus
987 1691 1160 1797 insuper.
1190 1710 1229 1774 et
1261 1690 1345 1770 'sub
1395 1691 1717 1772 interminatione
1744 1689 2004 1772 anathematis
2030 1691 2082 1767 in·

306 1806 500 1886 hibernus.
531 1831 580 1882 ne
607 1816 779 1882 nocente
800 1797 975 1880 ¹eeclesia
1003 1817 1076 1881 tna
1118 1830 1183 1882 res
1220 1805 1304 1883 eius
1332 1801 1519 1910 diripere.
1539 1855 1542 1864 -
1565 1820 1635 1882 aut
1663 1797 1770 1882 eami
1793 1798 2084 1910 quomodolibet

309 1917 549 2026 perturbare
578 1913 644 1992 uel
663 1910 962 2020 archiepiscopi
991 1914 1227 1993 electionem
1256 1916 1489 1994 canonicam
1502 1913 1706 2023 impedire.
1737 1938 1991 2022 quecumque
2006 1913 2083 2017 per·
2150 1999 2152 2008 ‚

304 2025 406 2134 'sona
435 2023 682 2134 dampnabili
711 2023 934 2112 temeritate
964 2041 1178 2127 presumat.
1207 2024 1469 2105 Prohibemus
1498 2027 1663 2133 insuper
1691 2053 1741 2104 ne
1770 2023 2006 2104 interdictos
2030 2018 2115 2118 uel
2155 2053 2158 2066 ·

173 2193 176 2207 -
307 2137 672 2227 excommunicatos
700 2127 802 2214 tuos'
824 2132 873 2212 ad
903 2129 1082 2214 officium
1110 2155 1192 2226 aut¹
1209 2135 1528 2219 communionem
1558 2134 1875 2216 ecclesiasticam.
1906 2135 1991 2214 sine
2004 2137 2104 2212 con-‘

307 2249 472 2334 scientia
499 2247 566 2356 uel
596 2271 792 2328 consensu
821 2260 894 2323 tuo
926 2245 1151 2357 ‘quisquam
1193 2246 1388 2330 admittat.
1433 2248 1500 2328 uel
1529 2263 1669 2328 eontra
1710 2247 1950 2352 sententiam
1992 2259 2088 2322 tuam

306 2361 499 2467 canonice
527 2355 835 2467 promulgatam.
856 2353 1012 2464 ¹aliquis
1027 2358 1180 2440 uenire
1210 2357 1427 2467 presumat.¹
1454 2361 1531 2440 nisi
1565 2358 1671 2439 forte
1706 2357 1935 2466 periculum
1962 2353 2088 2434 mortis

304 2472 524 2579 imurineat.
553 2486 600 2549 ut
627 2465 724 2547 dum
753 2468 995 2575 presentiam
1024 2486 1134 2549 tuam
1163 2470 1313 2550 habere
1341 2471 1611 2580 nequiuerint.
1641 2495 1713 2585 per
1742 2464 2089 2549 aliumsecundun

227 2570 231 2585 ’
309 2583 477 2667 formam
507 2580 670 2661 ecclesie
697 2577 967 2658 satisfactione
996 2583 1187 2687 premissa
1214 2595 1400 2690 oporteat
1428 2579 1596 2690 ligatum
1625 2579 1794 2688 absoluj.
1840 2579 2091 2660 Decernimus

239 2779 244 2788 ,
309 2701 484 2804 ergoju't
511 2691 613 2770 nulli
641 2692 807 2770 omnino
844 2689 1052 2774 hominnm
1082 2687 1199 2772 liceat
1227 2691 1422 2802 prefatam
1451 2693 1658 2773 ecclesiam
1672 2689 1821 2776 'temere
1845 2689 2089 2800 perturbare.

204 2852 206 2856 ·
311 2824 381 2887 aut
396 2803 482 2885 eius
496 2801 767 2912 possessiones
786 2798 957 2885 auferre.
973 2801 1040 2882 uel
1055 2803 1209 2884 ablatas
1223 2804 1407 2886 retinere.
1425 2804 1617 2884 minuere.
1631 2830 1704 2882 seu
1718 2801 1974 2912 quibuslibet
1987 2825 2094 2884 trena·¹
2139 2850 2143 2855 Δ

310 2918 491 2998 tionibus
512 2911 689 3020 fatigare.
705 2911 776 2994 sed
790 2913 923 3028 omnia
941 2916 1102 3021 integra
1118 2933 1419 2996 conseruentur.
1449 2942 1590 2994 eorum
1605 2943 1681 3022 pro
1695 2942 1874 3024 quorum
1901 2913 2095 3024 guberna·

311 3029 423 3106 tione
465 3053 513 3106 ac
547 3025 839 3105 sustentatione
881 3052 1071 3105 concessa
1120 3044 1214 3108 sunt
1265 3026 1405 3106 usibus
1442 3025 1683 3108 omnimodis
1722 3025 1953 3134 profutura.
2000 3021 2097 3103 salua

312 3136 418 3217 sedis
433 3135 652 3244 apostolice
673 3136 923 3216 auctoritate.
954 3136 1079 3246 Siqua
1093 3138 1218 3246 igitur
1226 3139 1269 3217 in
1284 3135 1466 3218 futurum
1481 3136 1745 3218 ecclesiastica
1758 3138 2005 3216 secularisue
2020 3157 2098 3244 per·

174 3245 178 3257 ’
314 3275 413 3331 sona
440 3247 547 3328 hanc
561 3262 699 3327 nostre
715 3245 1017 3326 constitutionis
1032 3251 1221 3356 paginam
1249 3249 1375 3328 sciens
1391 3267 1532 3344 contra
1548 3275 1636 3328 eam
1651 3265 1798 3328 temere
1821 3249 1968 3328 uenire
1983 3261 2100 3349 temp*

313 3363 471 3454 tauerit.
485 3357 664 3450 secundo
691 3357 864 3438 tertioue
892 3359 1091 3439 commite.
1120 3360 1199 3439 nisi
1228 3378 1383 3440 reatum
1410 3387 1527 3439 suum
1556 3359 1678 3467 digna
1707 3358 1991 3462 satisfactione
2021 3382 2101 3436 cor·

246 3557 254 3574 ,
290 3471 475 3558 xrexerit.
518 3467 728 3577 potestatis
756 3467 1007 3578 honorisque
1035 3471 1096 3549 sui
1126 3485 1263 3568 careat
1291 3468 1498 3578 dignitate.
1527 3497 1717 3580 reamque
1750 3497 1793 3550 se
1828 3469 1981 3550 diuino
2010 3465 2103 3547 iudi·

314 3584 378 3664 cio
407 3581 579 3661 existere
613 3578 663 3660 de
691 3594 924 3688 perpetrata
953 3580 1166 3690 iniquitate
1196 3599 1425 3690 cognoseat.
1442 3581 1483 3661 et
1511 3606 1534 3660 a
1562 3582 1838 3672 'sacratissimo
1859 3605 2041 3690 corpore
2068 3603 2106 3654 ae

217 3788 222 3796 Ι
314 3692 508 3800 sanguine
537 3675 603 3797 dei
632 3707 672 3769 et
701 3689 856 3772 domini
883 3689 1152 3801 redemptoris
1181 3693 1310 3801 nostrj
1339 3695 1422 3775 iesu
1451 3691 1591 3774 christi
1626 3691 1756 3773 aliena
1791 3693 1868 3772 fiat.
1917 3710 2046 3804 atquc
2072 3689 2107 3766 iu

314 3821 495 3884 extremo
523 3801 707 3881 examine
735 3801 917 3887 districte
949 3801 1094 3884 ultioni
1122 3805 1337 3886 subiaceat.
1386 3805 1552 3883 Cunctis
1581 3819 1714 3885 autem
1743 3801 1893 3893 eidem·
1920 3803 2019 3885 loco
2047 3825 2110 3881 sua

318 3917 408 3998 iura
450 3913 706 3995 seruantibus
735 3913 787 3996 sit
817 3941 897 4022 pax
925 3910 1080 3994 domini
1106 3915 1237 4108 nostpp'
1264 3918 1351 3994 iesu
1379 3914 1529 3994 christi.
1603 3916 1805 4018 Quatinus
1848 3930 1888 3994 ct
1919 3914 1993 3996 hic
2035 3911 2110 3992 fru-

274 4021 276 4027 ’
314 4042 425 4106 etum
453 4025 560 4105 boue
589 4024 759 4106 actionis
787 4025 1025 4134 percipiant.
1055 4044 1096 4108 et
1123 4054 1204 4138 apu

315 4137 376 4216 cis
399 4135 618 4217 inueniant.
648 4135 810 4217 AMEN.
841 4163 967 4218 amen.
998 4143 1127 4221 Auru.

514 4243 609 4310 Inous
629 4265 669 4310 era
685 4243 783 4310 cirre!
800 4245 874 4309 med
891 4247 1056 4330 omskrist:

516 4327 594 4392 deus
614 4330 759 4393 salutaris
778 4341 883 4392 noster
904 4332 1023 4398 adiuua
1043 4355 1097 4398 nos
1152 4326 1158 4338 ¹

317 4411 412 4472 lasea·
482 4411 1018 4812 (Pffffismsfiffls)
1078 4423 1165 4530 Ego
1194 4401 1343 4508 Lucuts
1373 4374 1759 4610 capppgqqqktpppl'qsie
1794 4414 2032 4522 episcopus.
2077 4435 2117 4484 ss.

1262 4025 1485 4111 disuictum
1515 4024 1697 4114 iudicem,
1714 4027 1865 4136 premia
1881 4042 2030 4109 eterne
2051 4049 2113 4132 pa·

662 4595 868 4690 LUCIUS.

643 4721 761 4827 papa.
792 4719 883 4802 Ill.'
1095 4746 1102 4763 ¹

811 4875 815 4884 ·
961 4865 963 4872 ¹
1828 4832 1914 4948 Ego

323 5007 589 5030 ffl-

159 5011 166 5028 ’
281 5080 284 5086 ι
369 5051 1165 5151 attemperata.1.a.5.1npat›ecr.2=202.
1231 5037 1247 5062 ''
1355 5050 1411 5060 ’“
1510 5047 1513 5058 ’
1574 5031 1577 5039 ’
