4370 5950
955 405 1377 485 -116'-

273 617 373 714 rime
389 626 524 710 ‘vobis
542 593 867 732 'subscripsimus'
887 638 1034 705 statum
1061 613 1240 716 restrum
1254 615 1421 704 'certius'
1444 622 1651 731 cupientes
1679 613 1911 731 agnoscere,
1936 645 2045 730 quum
2076 659 2078 664 ,
2124 644 2132 657 “

71 727 74 736 ’
164 824 169 836 ,
272 757 345 824 aut
377 741 411 821 si
438 738 603 818 fortuna
621 733 848 816 'secundior
875 732 1015 815 favore
1043 732 1309 816 divininitatis
1334 731 1526 830 arrideat,
1556 731 1824 842 gratulamur:
1851 732 1915 812 sin
1939 731 2047 813 rebus

269 851 430 934 vestris
455 847 629 945 tristior,
671 871 774 954 opus
816 845 1013 951 invideam
1057 843 1193 925 damni
1227 845 1450 928 communis
1492 843 1760 925 infortunium
1796 842 2048 951 deploramus.

270 965 343 1045 Est
371 963 477 1042 enim
504 958 656 1038 rationi
684 986 926 1067 congruum,
955 974 1002 1038 ut
1028 954 1141 1065 quod
1169 983 1381 1038 commune
1409 953 1547 1054 datur,
1575 956 1839 1037 communiter
1867 955 1919 1034 sit
1932 952 2051 1034 feren·

270 1073 378 1180 dum.
443 1072 642 1150 Caeterum
678 1066 729 1151 ad
763 1085 936 1150 vestram
970 1061 1153 1149 notitiam
1181 1068 1367 1149 volumus
1396 1068 1624 1176 pervenire,
1653 1093 1728 1148 nos
1756 1063 1810 1148 ad
1837 1081 2054 1174 partesve·

270 1201 375 1267 stras
410 1205 556 1264 navem
588 1193 767 1261 nostram
802 1207 894 1260 cum
922 1180 1056 1260 brasio
1084 1181 1127 1259 in
1140 1179 1345 1292 „proximo
1373 1179 1476 1278 velle
1505 1176 1696 1290 dirigere,
1726 1195 1772 1258 ut
1798 1203 1849 1257 ex
1875 1174 1960 1257 hoc·
1979 1171 2055 1256 fm-

269 1313 381 1378 ctum
409 1289 590 1374 debitum
617 1292 826 1399 percipere
854 1290 1067 1371 valeamus.
1124 1291 1409 1372 Verumtamen
1438 1317 1560 1400 super
1601 1289 1679 1369 hoc
1706 1287 1893 1370 volumus
1925 1301 2057 1369 vestre

89 1388 95 1396 ³
124 1497 133 1504 ἢ
187 1408 188 1412 ‘
239 1409 241 1418 ’
270 1403 532 1488 fraternitatis
559 1400 710 1483 babere
737 1401 979 1498 consultum,
1008 1404 1040 1481 si
1069 1399 1255 1484 videlicet
1282 1429 1358 1484 nos
1386 1401 1541 1510 Regum
1569 1415 1797 1481 vestrorum
1812 1397 1877 1478 vel
1899 1397 2059 1477 aliorum

270 1533 499 1599 vestrorum
532 1514 674 1593 timere
716 1540 974 1623 congressum
1009 1529 1205 1621 oporteat.
1271 1513 1332 1594 Sit
1365 1513 1490 1621 igitur
1526 1509 1733 1593 industriae
1748 1526 1923 1606 restrae,
1951 1505 2060 1597 nobis

269 1627 337 1712 vel
371 1652 471 1707 voce
505 1624 569 1704 vel
604 1625 759 1733 scripto
793 1626 998 1734 praefigere
1033 1639 1188 1732 partem
1226 1625 1434 1721 tutiorem,
1462 1652 1513 1705 ne
1542 1650 1617 1705 nos
1644 1619 2060 1730 expensam'amittere

271 1739 480 1845 contingat
514 1741 554 1816 &
588 1734 778 1818 laborem.
843 1735 966 1837 Quod
1009 1753 1139 1816 totmn
1181 1763 1256 1844 per
1286 1735 1453 1816 latorem
1481 1741 1740 1844 praesentium
1768 1730 1975 1827 volumus,
2001 1755 2060 1810 ro-

145 1929 151 1936 .
272 1875 413 1960 gamus
442 1845 613 1956 impleri.

280 2237 371 2386 93.
579 2291 581 2298 ⁴
688 2303 691 2310 .
960 2237 1129 2362 1182,
1173 2235 1222 2385 d:
1272 2277 1338 2345 21
1392 2236 1512 2346 Dec.
1845 2227 2067 2340 Velletri.

364 2453 457 2526 Ptlv.
478 2453 595 2521 Luctus
615 2458 686 2520 nus
706 2413 959 2540 stsdffistelaepl
981 2459 1144 2522 Fiirbudet
1175 2459 1225 2521 s'o'r
1262 2459 1408 2545 Kyllene
1440 2462 1586 2526 Prolater
1606 2470 1653 2521 stt
1673 2471 1747 2543 tage
1779 2459 1880 2542 ndgon
1916 2456 2020 2518 tionde
2039 2452 2071 2513 al

410 2542 471 2605 deu
492 2541 571 2625 jord,
592 2561 659 2603 som
680 2538 1035 2606 Cttercienseraecrdens
1057 2541 1261 2606 medlemmsr
1282 2546 1353 2606 med
1376 2567 1454 2628 egos
1465 2543 1585 2606 hender
1613 2544 1691 2606 eller
1708 2543 1748 2625 pt
1763 2545 1808 2604 sin
1819 2540 1954 2602 kostnad
1964 2535 2067 2602 braia

1718 2659 1754 2711 A.
1776 2675 1797 2709 1.
1815 2655 1843 2710 (l.
1862 2656 1888 2709 3.
1906 2655 1943 2719 b).

410 2861 416 2872 .
444 2791 596 2872 Luctus
625 2791 850 2902 Episcopus
878 2817 1019 2872 seruus
1046 2817 1259 2882 seruorum
1287 2794 1353 2904 dej
1368 2839 1386 2856 ·
1399 2792 1700 2876 venerabilibus
1721 2789 1921 2872 iratribus
1935 2835 1954 2850 -
1969 2784 2072 2868 Edu·

239 2947 240 2952 Ν
277 2901 364 2989 ensi
387 2912 425 2986 &
440 2897 667 3012 lingonensi
683 2903 892 3012 Episcopis
907 2909 947 2984 &
962 2901 1119 2984 dilectis
1134 2907 1225 2986 filiis
1240 2951 1258 2971 ··
1274 2905 1491 2989 abbatibus
1506 2951 1524 2966 ·
1538 2905 1743 3014 prioribus
1757 2949 1775 2964 -
1792 2908 1831 2983 &
1846 2901 1937 2981 aliis
1953 2897 2079 2980 eccle·

268 3013 428 3099 siarum
456 3011 626 3121 prelatis
652 3041 833 3094 meorum
861 3014 1172 3124 Episcopatibus
1186 3018 1415 3099 constitutis
1429 3063 1446 3079 ·
1462 3016 1641 3098 Salutem
1663 3023 1703 3096 &
1726 3013 1996 3123 apostolicam
2008 3010 2073 3090 be·

224 3161 227 3169 ·
277 3124 548 3206 nedictionem
563 3122 825 3205 -audiuimus
852 3141 893 3205 et
921 3125 1132 3207 audientes
1159 3129 1296 3238 miratj
1316 3157 1451 3210 sumus
1466 3173 1484 3188 -
1498 3127 1612 3238 quod
1626 3155 1718 3209 cum
1732 3124 1934 3205 fratribus
1949 3119 2073 3204 omui·

278 3237 355 3320 bus
370 3283 388 3298 -
403 3236 691 3334 Cisterciensis
720 3234 876 3316 ordinis
890 3281 908 3297 -
923 3265 947 3314 a
975 3238 1160 3346 patribus
1181 3246 1227 3320 ·&
1247 3239 1597 3346 predecessoribus
1611 3239 1759 3320 nostris
1774 3264 2016 3317 concessum
2029 3231 2075 3311 sit

174 3431 175 3436 ,
279 3356 319 3431 &
347 3377 372 3427 a
399 3347 518 3434 nobis
555 3348 652 3454 ipsis
695 3347 955 3453 postmodum
1002 3347 1283 3430 confirmatum
1297 3397 1315 3413 ·
1330 3368 1375 3430 vt
1405 3350 1460 3431 de
1498 3350 1706 3432 laboribus
1748 3375 1851 3458 quos
1897 3341 2077 3456 propriis

278 3458 464 3539 manibus
480 3474 584 3535 -aut
613 3459 838 3566 sumptibus
868 3457 1092 3540 excolunt*-
1109 3461 1259 3571 neminj
1275 3462 1447 3543 decimas
1463 3463 1620 3543 soluere
1635 3477 1848 3542 teneantur
1862 3503 1882 3518 ·
1897 3456 2077 3561 Quidam

280 3571 332 3650 ab
360 3574 416 3649 eis
445 3564 732 3646 nichilominus
759 3585 903 3650 contra
931 3570 1089 3652 indulta
1118 3574 1221 3655 sedis
1250 3576 1470 3683 apostolice
1484 3621 1502 3635 ·
1518 3573 1692 3654 decimas
1707 3571 1867 3679 exigere
1884 3575 1926 3654 &
1942 3585 2078 3648 extor·
2168 3569 2169 3578 '

280 3707 405 3793 quere
435 3697 673 3786 presumunt
686 3723 704 3738 ·
719 3684 758 3758 &
786 3683 945 3762 sinistra
974 3684 1317 3792 interpretatione
1346 3685 1662 3794 apostolicorum
1685 3681 2003 3790 priuilegiorum
2018 3704 2079 3758 ca·

279 3792 411 3902 pitula
441 3804 716 3898 peruertentes
731 3834 749 3864 ε
765 3808 950 3870 asserunt
965 3791 1016 3872 de
1029 3794 1245 3900 noualibus
1260 3794 1593 3904 deberelintelligi
1608 3840 1626 3856 ·
1641 3796 1710 3876 vbi
1726 3790 1776 3872 de
1792 3791 2012 3872 laboribus
2027 3805 2083 3870 est

165 3967 168 3976 .
279 3905 523 4008 inscriptum
537 3899 759 3980 -Ceterum
796 3897 1058 3983 ‘manifestum
1100 3922 1160 3996 est
1195 3906 1382 3986 omnibus
1411 3908 1482 4016 qui
1511 3925 1616 3987 recte
1645 3905 1808 4015 sapiunt
1842 3927 2084 4011 peruersam

157 4108 160 4113 ,
283 4042 367 4096 esse
394 4011 775 4120 interpretacionem
802 4011 1032 4095 huiusmodi
1061 4021 1100 4118 8(
1128 4016 1726 4114 intellectui·sanocontrariam
1740 4062 1758 4077 ·
1773 4043 1865 4096 cum
1879 4031 2006 4096 1uxta
2023 4040 2084 4094 ca·

197 4189 202 4199 ,
281 4126 458 4318 pitulum
475 4120 587 4204 ’ἱΙΙιιά
618 4151 641 4200 a
670 4124 921 4230 prestatione
964 4122 1210 4208 decimarum
1239 4147 1319 4208 tarn
1347 4126 1397 4208 de
1426 4133 1542 4210 terris
1571 4156 1673 4240 quas
1701 4114 1969 4208 deduxerunt
1986 4171 2006 4188 -
2022 4119 2087 4209 uel

312 4234 494 4316 educunt
519 4232 580 4324 ¹ad
608 4233 763 4314 cultum
778 4263 933 4346 -quam
962 4238 1089 4318 eciam
1103 4234 1154 4318 de
1169 4242 1286 4320 terris
1302 4238 1420 4320 cultis
1435 4285 1453 4302 -
1468 4269 1569 4350 quas
1585 4240 1763 4350 propriis
1777 4239 1973 4320 manibus
1990 4284 2009 4300 -
2025 4231 2088 4318 rel

282 4348 510 4455 sumptibus
539 4345 728 4426 excolunt
743 4348 848 4428 -sint
861 4350 1023 4454 penitus
1038 4350 1213 4432 absoluti
1227 4397 1245 4414 -
1259 4353 1361 4431 Nam
1376 4354 1409 4432 si
1424 4351 1474 4434 de
1490 4352 1706 4435 noualibus
1721 4358 1880 4431 tantum
1895 4350 2090 4430 Romana

283 4458 448 4540 ecclesia
476 4455 650 4564 intelligi
680 4457 874 4538 uoluisset
889 4499 906 4520 -
921 4461 990 4541 vbi
1018 4462 1206 4569 ponimus
1236 4458 1286 4544 de
1315 4463 1526 4547 laboribus
1541 4512 1559 4527 -
1575 4464 1625 4547 de
1653 4461 1869 4547 noualibus
1905 4485 2089 4572 ponere·

282 4595 371 4668 mus
385 4615 402 4630 -
416 4571 520 4649 sicut
548 4569 590 4648 in
606 4567 827 4678 priuilegiis
842 4571 1100 4680 quorundam
1116 4578 1336 4684 apponitur
1352 4573 1521 4656 aliorum
1537 4622 1553 4637 ·
1569 4575 1676 4658 vnde
1697 4575 1888 4685 quoniam
1903 4573 1963 4656 ad
1981 4601 2092 4654 com·

264 4707 406 4784 ‘mune
434 4679 722 4760 detrimentum
751 4680 914 4762 ecclesie
943 4712 1027 4764 non
1056 4704 1116 4766 est
1144 4680 1314 4768 dubium
1342 4685 1570 4770 redundare
1585 4688 1651 4778 -si
1680 4703 1824 4770 contra
1859 4681 1974 4765 sedis
1991 4711 2092 4792 apo-

57 4823 95 4899 f
229 4796 232 4802 '
282 4789 423 4871 stolice
453 4804 601 4870 statura
630 4794 793 4901 impune
821 4820 862 4872 se
891 4822 1007 4902 posse
1036 4801 1129 4912 quis
1156 4798 1296 4880 credat
1310 4845 1328 4860 -
1345 4827 1425 4908 que
1454 4801 1639 4908 optinere
1667 4797 1820 4880 debent
1840 4814 2093 4904 perpetuam

368 4999 393 5064 *l
421 4997 556 5059 Uturen
581 4995 620 5056 af
637 4995 817 5063 tale-Bul.
840 4999 983 5066 Ysaaeus
1005 5006 1016 5065 i
1038 5003 1138 5082 Lund,
1160 5005 1190 5067 d.
1212 5009 1326 5091 splen.
1349 5011 1435 5084 1303,
1448 5007 1595 5072 bevitnad
1608 5007 1740 5083 afskrift,
1751 5027 1817 5068 som
1829 5007 1910 5089 enyo
1922 5004 2099 5068 blifvital

368 5079 512 5144 Abboten
534 5081 684 5144 tomen
707 5085 718 5144 i
740 5082 863 5167 llydela
886 5086 1060 5152 vidimcred
1081 5091 1196 5153 uti.'ett
1215 5093 1380 5156 odateradt
1401 5093 1540 5171 treus.
1567 5088 2096 5168 1.d.4.ti11AhbotenP.isaba.

322 5350 352 5392 Ι
