4370 5950
788 447 1305 542 ’““97“““·1

121 640 222 757 quod
246 637 359 722 fedus
385 624 425 721 et
453 666 604 747 pacem,
630 665 757 750 quam
784 665 831 718 se.
854 641 1048 720 mentitur
1063 638 1278 719 nobiseum
1303 634 1436 750 jnisse,
1451 637 1635 722 nondum
1648 638 1883 750 optInuerit,

118 758 252 867 quippe
279 753 349 862 qui
375 751 593 860 episcopali
623 751 869 833 anathemate
897 748 1228 857 condempnatus,
1257 747 1311 832 ab
1354 748 1465 827 omni
1505 749 1671 832 ccclesia
1709 769 1773 834 est
1813 754 1884 834 ab·

118 865 295 949 orrendus
336 879 379 942 et
420 891 587 972 prorsus
616 860 868 958 abiciendus,
897 879 938 941 et
965 861 1038 970 qui
1064 863 1102 940 ei
1137 857 1493 946 communicauerit
1518 860 1674 961 eibum,
1722 881 1884 974 potum·

115 1005 183 1092 que
208 975 422 1086 prebuerit,
452 974 618 1082 proprie
644 973 861 1060 sustinebit
886 972 1116 1056 substaneie
1142 967 1412 1088 dispendium,
1468 969 1618 1056 Valete.

117 1403 194 1510 72·
312 1335 316 1344 ⁵
593 1351 1401 1515 1168-1177,d.19lan.
1521 1464 1524 1472 Α
1670 1359 1885 1509 Anagniss

182 1586 270 1650 rtfv.
292 1584 478 1652 Assxunsn
500 1583 569 1646 Illts
590 1584 670 1646 Bref
686 1585 736 1648 till
757 1587 924 1648 Nunnorna
944 1586 955 1646 i
977 1555 1126 1646 Gudhem
1147 1581 1221 1650 med
1237 1581 1430 1652 stadfastelse
1451 1581 1491 1674 pi
1512 1580 1600 1645 hvad
1620 1580 1709 1648 detta
1724 1583 1889 1648 klosterei

226 1667 362 1750 Konmg
381 1666 485 1748 Knu'r,
506 1666 573 1730 dess
594 1668 713 1729 Broder
732 1669 813 1731 cller
833 1668 1026 1732 liiretrfidare
1048 1666 1187 1735 crhtllit.
1458 1691 1462 1698 ·
1637 1680 1640 1690 ·
1733 1686 1735 1695 ⁴
1870 1703 1872 1708 .

1575 1765 1668 1837 ¹Act.
1685 1798 1710 1836 a.
1727 1797 1752 1836 sa

261 1919 506 1996 Ansxsuosn
529 1917 742 2024 episeopus
755 1921 897 2000 seruus
910 1945 1123 2002 seruorum
1133 1913 1211 2000 dei.
1229 1916 1392 2000 Dilectis
1404 1919 1450 2004 in
1465 1917 1615 1998 christo
1629 1915 1785 1998 filiabus
1800 1915 1886 1998 Μο-

103 2025 266 2108 nialibus
280 2027 325 2106 in
340 2025 528 2108 Gudhem
542 2026 709 2114 salutem
738 2035 777 2108 8<
805 2029 1062 2142 apostolicam
1079 2027 1411 2118 benedictionem.
1439 2030 1561 2112 Justis
1577 2029 1803 2135 petracium
1816 2027 1887 2109 de·
1950 2096 1957 2100 .

102 2136 247 2218 sideriis
276 2137 445 2242 dignum
474 2156 534 2218 est
560 2165 633 2218 nos
661 2137 818 2226 facilem
834 2141 1002 2247 prebere
1032 2167 1278 2228 consensum.
1308 2145 1348 2220 8r
1375 2157 1471 2226 uota
1487 2168 1567 2249 que
1582 2168 1604 2217 a
1619 2139 1791 2230 racionis
1806 2156 1889 2224 tra·

100 2249 186 2329 mite
200 2277 284 2328 non
301 2247 547 2336 discordant.
562 2247 716 2334 effectu
743 2249 839 2338 hine
858 2268 1131 2364 prosequente
1143 2249 1392 2357 complenda.
1423 2253 1649 2366 Eapropter
1677 2248 1818 2346 dilecte
1848 2250 1891 2328 in

101 2360 243 2441 'christo
273 2358 357 2438 filie
385 2362 532 2445 uestris
547 2360 659 2439 iustis
688 2361 1026 2468 postulationibus
1055 2380 1170 2468 grato
1191 2379 1476 2449 concurrentes
1497 2359 1668 2446 assensu,
1683 2357 1890 2472 Quicquid

98 2496 142 2548 ex
175 2469 287 2550 dono
326 2469 446 2576 Regis
476 2471 622 2550 Canuti
650 2469 715 2552 uel
743 2469 879 2553 fratris
907 2475 991 2553 eius
1021 2499 1094 2552 seu
1121 2469 1293 2551 aliorum
1320 2472 1649 2579 predecessorum
1661 2498 1829 2556 suorum
1842 2471 1889 2580 jn

97 2583 324 2690 prescripta
369 2579 463 2660 villa
505 2581 797 2668 rationabiliter
837 2583 1076 2692 possidetis·
1106 2583 1224 2662 uobis
1259 2589 1297 2662 Sc
1325 2579 1454 2663 eidem
1482 2579 1724 2671 Monasterio
1753 2600 1888 2663 uestro

97 2695 336 2774 auctoritate
373 2693 593 2806 apostoliea
628 2691 919 2782 confirmamus.
956 2693 1218 2802 &presentis
1247 2695 1386 2804 scripti
1414 2694 1640 2801 patrocinio
1668 2695 1894 2788 communi·¹

96 2829 189 2885 mus.
219 2804 455 2886 Statuentes
469 2821 515 2883 ut
529 2803 632 2914 nullj
660 2805 825 2892 omnino
853 2806 1060 2894 hominum
1089 2806 1206 2885 liceat
1232 2805 1336 2885 hane
1364 2805 1551 2922 paginam
1579 2821 1717 2886 nostre
1744 2800 1893 2885 confirss
1996 2835 2000 2843 ·

93 2915 285 2996 nacionis
301 2911 534 3024 infringere.
564 2915 630 2994 uel
645 2914 684 3021 ej
700 2914 949 3024 aliquatenus
964 2917 1174 3006 contraire.
1207 2917 1248 2996 Si
1277 2917 1370 3027 quis
1395 2932 1529 3002 ¹autem
1557 2915 1634 2994 hoe
1653 2929 1890 3024 attemptare

95 3026 405 3133 presumpserit.
447 3023 769 3133 indignacionem
798 3029 1083 3135 omnipotentis
1126 3025 1193 3132 dej
1234 3033 1274 3107 St
1309 3029 1521 3116 beatorum
1554 3024 1666 3132 Petrj
1703 3033 1742 3107 8<
1776 3025 1890 3134 Paulj
1964 3069 1965 3072 κ

94 3139 382 3246 apostolorum
397 3139 482 3224 eius
510 3164 551 3216 se
580 3137 742 3217 nouerit
756 3139 1023 3250 incursurum.
1054 3140 1211 3219 Datum.
1239 3137 1431 3255 Anagnie.
1446 3135 1577 3216 XIIII.
1593 3135 1670 3216 kal.
1684 3134 1890 3221 februarii.

381 3279 562 3364 Blybullan,
582 3278 744 3362 hangande
764 3282 776 3342 i
796 3283 870 3363 gula
890 3280 1038 3354 tvinnade
1054 3279 1268 3354 silkestrddar.
1295 3281 1340 3352 ¹Se
1354 3281 1435 3362 Τὼ.
1456 3277 1486 3356 d.
1507 3295 1557 3341 nto
1582 3299 1608 3341 1.

385 3396 573 3480 Originalets
594 3395 685 3458 skrift
704 3416 792 3479 synes
812 3399 862 3462 till
882 3395 984 3481 nigor
1002 3396 1056 3466 del
1077 3419 1154 3466 ,rara
1174 3396 1246 3470 med
1264 3399 1412 3470 mdrkere
1432 3396 1527 3468 bltck
1546 3389 1690 3485 iiimyad.

83 3761 173 3909 73.
411 3795 432 3850 s
760 3765 911 3876 1166
959 3762 1007 3872 d.
1053 3763 1085 3867 6
1132 3759 1239 3873 Jul.
1372 3859 1373 3862 γ
1527 3687 1890 3912 Slrlandetorp.

158 3981 315 4128 Konrmg
341 3980 528 4046 wnsnns
549 3987 589 4053 bs
609 3984 722 4066 glivo-
737 3987 801 4051 och
821 3984 1014 4050 sko’tes-bref
1034 3985 1075 4068 pt
1093 3982 1530 4069 ,enjordlagenbetillallnnd
1548 3987 1601 4049 till
1622 3983 1746 4049 Esrorns
1764 3986 1888 4062 kloster,
1911 4055 1917 4064 ‚
2014 3971 2021 3984 ¹

212 4088 274 4134 ‚me
324 4065 479 4148 rittighet
495 4069 555 4147 cit,
574 4070 588 4136 i
610 4068 712 4136 lithet
729 4071 804 4136 med
821 4068 1060 4145 astruimur,
1079 4066 1187 4150 bugga
1206 4068 1289 4150 slog.

1567 4181 1605 4238 tt.
1621 4199 1645 4236 e.
1667 4195 1695 4236 rt
1712 4181 1755 4250 llo.

253 4317 576 4398 Wstocmsnws
606 4320 682 4399 Dei
710 4320 837 4426 gratia
865 4319 949 4400 Rex
977 4321 1205 4414 Danorum,
1231 4336 1314 4400 tam
1342 4315 1511 4427 posteris
1535 4345 1656 4427 qvam
1685 4313 1888 4423 praesenti·

70 4425 155 4506 bus
187 4427 375 4508 salutem
405 4433 444 4505 &
472 4455 612 4534 pacem
639 4432 683 4510 in
712 4447 962 4539 perpetuum.
1020 4429 1086 4511 Ad
1113 4430 1242 4512 nostri
1270 4429 1441 4511 nominis
1456 4433 1628 4536 pertinet
1642 4425 1888 4533 dignitatem,

71 4537 164 4618 veri
196 4537 282 4618 Dei
319 4535 544 4620 cultoribus
572 4543 689 4639 veris,
718 4549 757 4623 St
784 4543 987 4649 praecipue
1015 4540 1133 4628 nobis
1160 4542 1362 4650 regiminis
1391 4541 1545 4621 ratione
1574 4538 1789 4618 commissis
1816 4565 1889 4646 pa·

66 4667 240 4729 ternam
284 4647 522 4755 impendere
556 4650 863 4759 providentiam
893 4649 1010 4732 &de
1039 4649 1195 4732 indulta
1223 4651 1343 4732 nobis
1369 4649 1540 4758 desuper
1566 4648 1741 4756 gratuita
1769 4645 1890 4728 bene·
1920 4729 1922 4732 ,

65 4759 151 4843 licii
186 4760 416 4870 portione,
445 4789 526 4870 qvo
563 4763 730 4870 dignum
759 4782 820 4845 est
849 4762 1073 4843 devotionis
1100 4763 1253 4844 intuitu
1280 4789 1419 4844 eornm
1447 4758 1675 4866 indigentiae
1703 4757 1890 4838 subveni-

64 4898 122 4951 re.
199 4870 340 4951 Hane
377 4870 483 4950 enim
517 4871 776 4955 humanitatis
819 4876 986 4983 gratiam
1014 4874 1198 4980 priorum
1225 4888 1453 4980 temporum
1481 4870 1601 4950 duces
1628 4869 1763 4979 adepti
1792 4867 1890 4949 fuis·
1989 4871 1991 4878 ’

60 5011 109 5065 se
138 4985 386 5093 leguntur,
416 4983 486 5091 qvi
515 5000 608 5092 post
636 4986 800 5068 brevem
828 4984 944 5093 regni
971 4985 1202 5094 temporalis
1230 4980 1641 5076 amministrationem,
1661 4981 1808 5162 patriae
1833 4977 1891 5060 fe·

218 5125 283 5180 Sv-
305 5120 392 5193 Dtpt
1639 5115 1652 5162 ¹
