4404 5960
157 2291 160 2304 .
297 2213 448 2345 aprilis.

957 469 1055 504 ...,
1122 427 1225 527 lta·
1314 473 1396 498 ....

295 651 495 742 habuerat
520 652 564 732 in
590 672 668 732 suo
692 645 1039 732 eomitatutotum
1065 649 1231 735 habebit
1253 650 1342 733 iure
1368 649 1448 734 sibi
1535 651 1617 734 isto
1639 642 1939 759 possidendum.
1966 654 2008 735 S.
2042 659 2083 736 8(

293 761 491 882 quricquid
519 762 642 845 babet
676 763 719 842 in
764 760 888 870 curijs
916 761 1137 845 liberorum
1178 791 1344 846 suorum
1371 765 1416 844 in
1441 680 1671 846 stillltaucia
1700 761 1843 844 mobili
1869 769 1930 844 ius
1956 765 2085 850 eidem

293 876 462 964 confero
490 872 733 986 possidendi.
760 871 809 952 si·
823 889 958 954 tamen
986 873 1038 956 ab
1066 876 1302 984 inpetitione
1329 874 1534 956 bonorum
1577 874 1789 956 mobilium
1817 901 1897 983 que
1924 894 2018 957 sunt
2047 879 2088 956 in

293 990 417 1075 curiis
450 987 549 1068 meis
591 985 768 1097 propriis
795 989 836 1065 8(
862 983 1081 1066 heredibus
1124 987 1220 1067 meis
1262 986 1498 1067 attinebunt
1542 1012 1694 1066 cessare
1735 984 1912 1067 uoluerit
1950 985 2087 1069 eadem
2189 995 2190 1004 '

201 1175 208 1182 .
293 1103 462 1185 ratione.
495 1099 600 1180 item
627 1097 837 1178 mulierem
864 1094 1070 1206 quandam
1085 1113 1250 1179 actenus
1292 1098 1333 1176 iu
1432 1098 1638 1179 seruitutis
1710 1124 1858 1178 ressam
1907 1096 2087 1180 libertati

237 1241 240 1248 ¹
292 1216 463 1298 restituo
491 1210 609 1321 eujus
638 1233 786 1290 nomen
813 1225 874 1290 est
901 1207 1054 1290 helena
1083 1235 1174 1290 cum
1202 1237 1287 1290 uno
1315 1208 1399 1298 liio
1428 1214 1467 1290 8(
1493 1207 1628 1290 tribus
1671 1125 1834 1288 &iabus
1869 1209 1938 1288 uel
1966 1211 2017 1291 ab
2046 1238 2090 1291 ea

294 1331 573 1434 inposterum
601 1320 826 1401 nascituris.
854 1319 959 1398 Jtem
986 1345 1064 1429 pro
1092 1317 1341 1400 redemtione
1367 1321 1455 1401 uoti
1484 1321 1562 1400 mei
1590 1346 1674 1430 quo
1703 1321 1805 1400 noui
1844 1345 1910 1400 me
1943 1322 2088 1402 ierusa-

295 1438 433 1519 limam
460 1433 741 1544 profecturum
768 1430 988 1513 committo.
1017 1433 1059 1512 P.
1088 1430 1228 1512 uillico
1256 1429 1307 1512 de
1321 1429 1479 1512 forsith.
1494 1431 1587 1516 ΧΧ.
1626 1429 1783 1512 Maroae
1796 1429 2091 1539 sterlingorum.

295 1549 387 1631 XII.
416 1545 555 1628 solidis
583 1545 626 1624 in
655 1545 791 1623 Merca
820 1544 1063 1650 computatis
1090 1541 1246 1624 dandas
1274 1543 1318 1622 in
1346 1541 1570 1625 subsidium
1614 1557 1723 1622 terre
1758 1558 1906 1622 sancte.
1933 1546 2002 1624 cui
2032 1545 2091 1624 ni-

294 1659 536 1742 chilominus
563 1684 641 1764 pro
662 1654 964 1734 sustentacione
992 1681 1063 1734 sua
1093 1653 1160 1734 uel
1190 1681 1365 1762 expensa
1394 1652 1568 1736 confero
1578 1652 1747 1762 pellium
1762 1655 1980 1737 uariarum.
1992 1657 2090 1736 VIII

292 1767 575 1882 quadragenas
622 1771 662 1844 8(
711 1766 768 1842 Vl
802 1762 973 1845 decades
1013 1766 1167 1845 eutium
1207 1793 1308 1874 quas
1349 1783 1528 1872 exponet
1568 1764 1861 1846 mercatoribus
1903 1793 1984 1876 pro
2032 1795 2090 1848 ar·

180 1935 184 1944 ·
294 1899 433 1992 gento.
460 1881 513 1958 ln
545 1877 668 1986 hujus
695 1875 755 1956 rei
782 1875 1055 1957 testimonium
1083 1876 1178 1957 huic
1206 1895 1313 1958 carte
1342 1877 1517 1986 sigillum
1545 1873 1679 1957 meum
1720 1876 1899 1984 appendi
1928 1877 2018 1964 feci.
2045 1906 2090 1960 ne

296 1993 389 2102 quis
417 1991 463 2070 in
490 2005 696 2109 posterum
724 1988 851 2094 possit
878 1986 956 2067 hoc
983 2002 1266 2090 testamentum
1295 2013 1370 2096 per
1398 2014 1460 2066 me
1489 1989 1534 2067 in
1562 1987 1634 2068 tali
1672 1989 1909 2068 necessitate
1939 1987 2087 2069 factum

295 2094 344 2184 in'
368 2101 530 2182 irritum
561 2125 764 2180 reuocare.
794 2099 1134 2182 DatumForsith
1161 2125 1269 2179 anno
1295 2097 1462 2181 domini.
1497 2096 1976 2181 M·.cc·.Lxx·.1r.v⁰.
2004 2099 2087 2182 idus

965 2383 971 2395 ,
1037 2315 1160 2400 sigillet
1181 2317 1350 2380 bortfallel.

211 2800 214 2809 ,
304 2687 437 2800 560.
497 2747 498 2754 ¹
553 2744 558 2758 ·
749 2615 751 2622 Ι
926 2717 1074 2824 1272
1124 2682 1172 2787 d.
1223 2683 1293 2788 26
1342 2681 1469 2832 Apr.
1623 2821 1627 2830 Ι
1981 2688 2084 2796 Bro.

384 2904 467 2971 Bisl.
487 2901 620 2968 llsrrres
641 2899 758 2985 Stadga
777 2921 830 2965 om
846 2877 1151 2968 ¹DomProrttio'nden
1172 2901 1209 2964 as
1220 2901 1406 2992 'llaniloerua
1426 2905 1437 2966 i
1458 2905 1642 2990 Llnkdping.
1703 2912 1711 2932 ¹

1662 3009 1666 3040 ι
1753 3033 1756 3040 .
1798 2985 1857 3046 aa.
1875 2987 1901 3042 3:
1924 3003 1964 3043 rr.

466 3088 677 3169 Uniuersis
705 3101 910 3194 presentes
938 3085 1091 3168 litteras
1119 3088 1371 3194 inspecturis.
1406 3088 1478 3168 He.
1498 3084 1576 3169 dei
1591 3087 1725 3196 gracia
1739 3088 1986 3198 lincopensis
2014 3091 2089 3198 epi·

300 3199 449 3310 scopus
476 3202 645 3280 salutem
673 3200 715 3279 in
744 3195 910 3278 domino
930 3197 1053 3278 ‘lh'esu
1082 3197 1233 3278 cbristo
1264 3198 1373 3277 Mota
1402 3225 1539 3279 coram
1571 3199 1693 3281 nobis
1718 3199 2091 3281 interdilectoslili·

302 3315 349 3407 o‘s
375 3312 627 3423 prepositum
657 3309 931 3418 lincopensem
974 3337 1024 3390 ex
1066 3338 1144 3390 vna
1174 3327 1288 3417 parte
1314 3315 1354 3388 8(
1383 3311 1604 3417 capitulum
1645 3310 1824 3392 eiusdem
1851 3312 2020 3392 ecclesie
2047 3337 2090 3391 ex

303 3421 443 3503 altera.
472 3434 594 3531 super
621 3419 796 3502 decimis.
840 3421 1014 3502 ecclesiis
1056 3418 1358 3529 parochialibus
1386 3437 1426 3500 et
1453 3418 1696 3532 quibusdam
1744 3423 1842 3503 aliis
1871 3424 2088 3532 questione.

303 3533 368 3615 Ex
395 3535 599 3614 communi
628 3535 809 3641 ipsorum
838 3532 1037 3640 peticione
1065 3559 1110 3610 ac
1137 3544 1337 3610 consensu
1366 3556 1488 3640 super
1517 3534 1716 3640 premissis
1745 3550 1916 3641 propter
1945 3537 2092 3616 benun

303 3647 416 3754 pacis
444 3659 485 3724 et
514 3641 729 3726 concordie
757 3670 842 3752 quo
870 3640 1042 3723 eosdem.
1071 3643 1175 3722 sicut
1209 3641 1327 3722 decet
1354 3643 1532 3722 membra
1560 3637 1679 3724 unius
1707 3643 1870 3753 collegij
1885 3645 1930 3723 in
1953 3671 2091 3754 perpe·

303 3773 419 3838 tuum
446 3757 642 3863 coniungi
659 3753 859 3834 'uolumus
887 3759 926 3833 8(
954 3754 1060 3834 uniri
1089 3752 1225 3832 taliter
1269 3751 1457 3832 duximus
1486 3754 1742 3835 statuendum
1771 3773 1819 3837 ut
1846 3755 1991 3865 predia
2018 3783 2092 3867 que

304 3868 410 3950 circa
439 3867 567 3974 ipsam
596 3867 800 3947 ciuitatem
828 3862 880 3942 ad
910 3891 1135 3944 mensuram
1166 3865 1308 3943 llll:or
1336 3864 1579 3968 thynionnm
1594 3868 1770 3973 propriis
1786 3867 1980 3948 excolunt
1994 3891 2092 3948 sum·

301 3979 441 4089 ptibus
470 3983 509 4056 8(
538 3978 723 4086 espensis
757 3975 942 4084 canonici
983 3974 1132 4080 singuli
1161 4003 1182 4052 a
1211 3973 1455 4053 decimarum
1499 3979 1751 4082 prestacione
1785 4005 1868 4086 que
1896 3995 2093 4088 perpetuo
2148 4049 2152 4054 .

303 4091 467 4170 racio'ne
501 4116 598 4169 cure
646 4087 888 4197 parochialis
930 4083 1130 4166 debentur
1174 4085 1301 4164 libera
1343 4085 1505 4193 penitus
1548 4087 1722 4168 habeant
1764 4094 1803 4168 &
1846 4095 2093 4196 exempta&

299 4201 354 4294 ,de
385 4202 526 4282 ceteris
554 4227 604 4279 ex
634 4200 794 4306 integro
824 4197 1060 4307 persoluant
1093 4195 1264 4276 decimas
1293 4212 1541 4276 memoratas.
1571 4199 1655 4277 ··Ne
1680 4225 1876 4305 processu·
1902 4202 2093 4308 temporis

304 4312 504 4422 ampliatis
533 4311 816 4391 canonicorum
848 4307 998 4389 ibidem
1026 4308 1176 4414 prediis
1204 4311 1414 4418 contingat
1443 4307 1569 4415 ipsam
1597 4310 1803 4390 ecclesiam
1825 4310 2092 4418 parochialem

305 4415 734 4529 enormiter'ledlper
761 4421 926 4502 totalem
955 4417 1275 4499 subtraceionem
1314 4419 1561 4501 decimarum
1579 4419 1817 4501 ·Statuimus
1850 4423 1978 4500 eciam
2009 4449 2092 4536 pre·

305 4549 420 4614 textu
448 4535 568 4614 huius
596 4550 642 4612 ut
677 4533 860 4612 canonici
896 4559 998 4611 onus
1042 4531 1236 4639 prepositi
1280 4527 1462 4609 releuant
1504 4528 1691 4610 facientes
1719 4533 1890 4614 vicarios
1933 4559 2028 4612 suos
2054 4535 2092 4612 in

306 4646 394 4754 ipsa
423 4645 587 4726 ciuitate
615 4645 794 4740 infirmos
823 4643 983 4722 visitare
1011 4645 1044 4721 si
1073 4642 1225 4720 fuerint
1266 4641 1450 4749 requisiti
1477 4667 1571 4721 cum
1614 4642 1754 4750 vicarij
1794 4646 1991 4753 prepositi
2033 4647 2093 4724 cui

306 4754 514 4835 ‘dbmmissa
543 4771 603 4835 est
625 4783 723 4836 eura
750 4755 973 4833 animarum
1001 4763 1084 4831 tam
1114 4751 1284 4830 ciuitatis
1319 4777 1441 4858 quam
1478 4753 1666 4860 parochie
1700 4753 1857 4834 ruralis.
1885 4756 2002 4835 iustis
2030 4781 2094 4833 ne·

307 4865 433 4973 'gociis
462 4866 614 4945 fuerint
642 4866 828 4973 occupati
858 4865 900 4943 Si
928 4889 1025 4943 vero
1055 4865 1264 4968 contingat·
1290 4864 1518 4971 quempiam
1552 4855 1841 4968 ‘canonicorum
1869 4866 2008 4974 plures
2035 4893 2094 4945 ec·

309 4977 447 5057 c‘lesias
475 4977 724 5084 parochiales
752 4979 796 5055 in
825 4977 911 5084 ipsa
955 4973 1139 5052 obtinere
1183 5001 1262 5052 vna
1303 5000 1442 5056 earum
1485 4961 1536 5055 de
1584 4965 1860 5058 iurisdictione
1903 4977 2093 5086 prepbsiti

307 5089 494 5197 exempta
522 5113 644 5195 quam
675 5088 821 5195 eligere
850 5085 1025 5166 voluerit
1053 5085 1150 5166 alias
1179 5084 1533 5169 eidemsubiectas
1561 5088 1725 5168 nouerit
1735 5090 1867 5200 pleno
1877 5089 1976 5170 iure.
2012 5089 2091 5170 llec
