4368 5950
976 465 1488 562 ...mg-.-¹

294 690 339 772 in
367 701 528 800 portant
555 705 628 766 nec
675 701 817 794 parcat
857 685 973 768 fratri
1000 687 1189 799 proximo
1223 685 1289 766 uel
1319 689 1459 767 amico.
1489 687 1563 797 qui
1589 685 1745 768 statutis
1787 683 1952 766 concilii
1992 682 2079 764 uili·

293 803 427 910 pensis
454 825 614 879 morum
643 797 708 877 uel
737 798 820 879 uite
848 799 972 880 abicit
997 799 1261 880 honestatem.
1292 797 1356 878 uel
1386 823 1472 878 non
1501 797 1693 878 obseruat
1707 796 1751 876 in
1765 811 1945 877 tonsura.
1962 797 2079 876 uesti-

292 911 372 992 bus
400 915 441 1014 8(
468 910 556 990 aliis
583 906 822 990 modestiam
848 909 1086 992 clericalem.
1117 927 1380 1018 precauentes
1410 907 1581 988 sollicite
1609 935 1661 987 ne
1687 905 1884 988 beneficia
1900 905 2081 1020 confera-

292 1024 347 1102 tis
373 1019 561 1130 indignis.
592 1047 665 1100 nec
693 1048 937 1130 quemquam
965 1023 1209 1130 permittatis
1236 1019 1385 1102 habere
1414 1019 1553 1128 plures
1581 1033 1821 1128 personatus
1848 1017 1916 1099 uel
1943 1045 2083 1124 parro-

243 1127 249 1152 '
291 1131 443 1214 chiales
471 1131 653 1214 ecclesias
681 1129 840 1212 habitas
868 1148 961 1240 post
989 1132 1205 1213 concilium
1233 1131 1418 1240 generale
1460 1129 1609 1241 quibus
1650 1157 1750 1209 cura
1783 1131 1836 1208 sit
1863 1131 2084 1230 animarum

294 1271 463 1324 annexa.
493 1244 571 1323 nisi
601 1241 738 1324 forsan
779 1270 903 1350 super
943 1244 1021 1325 hoc
1063 1243 1210 1324 haheat
1254 1240 1549 1350 indulgentiam
1589 1238 1693 1322 sedis
1715 1241 1956 1348 ,apostolice
2000 1267 2085 1348 spe·

189 1391 194 1407 ·
290 1353 444 1435 cialem.
473 1353 653 1434 Abbates
682 1381 781 1434 uero
810 1355 916 1463 nigri
946 1353 1099 1437 ordinis
1136 1353 1342 1434 celebrare
1382 1352 1461 1433 hoc
1489 1379 1598 1432 anno
1623 1351 1890 1459 prouincialia
1918 1351 2085 1433 concilia

293 1491 379 1545 non
408 1465 610 1544 omittant.
640 1481 765 1572 prout
794 1467 928 1546 extitit
956 1469 1000 1546 in
1029 1465 1253 1574 prescripto
1289 1462 1462 1545 concilio
1493 1463 1726 1544 stabilitum.
1756 1469 1810 1564 8(
1824 1465 2085 1550 utbonorurn

294 1573 476 1657 studium
505 1573 786 1656 commendare
820 1579 1029 1684 possimus.
1059 1581 1100 1656 8(
1128 1577 1274 1684 punire
1303 1574 1588 1684 negligentiam
1633 1599 1923 1681 prouersorum
1964 1601 2086 1682 super

293 1687 374 1768 hoc
402 1686 453 1767 ab
482 1685 559 1767 illis
587 1686 799 1794 certiorarj
827 1687 1013 1767 uolumus
1042 1693 1081 1767 8(
1116 1685 1364 1767 mandamus.
1421 1686 1525 1765 Sane
1554 1708 1646 1765 cum
1675 1683 1772 1765 olim
1802 1713 1876 1766 uas
1919 1713 2085 1766 aureum

293 1823 444 1878 manna
472 1796 636 1903 plenum
665 1795 803 1878 christi
832 1825 981 1907 corpus
1010 1797 1202 1879 deitatem
1230 1797 1444 1879 continens
1473 1795 1725 1903 prefigurans
1753 1796 1796 1876 in
1825 1796 1948 1878 archa
1979 1796 2085 1877 fede·

293 1909 351 1987 ris
381 1934 480 1999 auro
509 1923 614 1989 tecta
641 1906 748 1989 infra
775 1927 912 1990 sancta
941 1925 1174 1988 sanctorum
1214 1907 1339 1989 fuerit
1380 1906 1623 1988 collocatum
1666 1923 1711 1987 ut
1746 1905 1897 1988 munde
1926 1908 1969 1989 in
1999 1909 2086 1989 loco

156 2102 158 2110 .
294 2016 520 2131 venerahilj
542 2034 783 2099 seruaretur.
801 2018 982 2101 dolemus
997 2019 1217 2128 plurimum
1232 2024 1272 2098 8(
1287 2020 1493 2097 tristamur
1504 2014 1621 2126 quod
1643 2018 1685 2096 in
1699 2015 1905 2126 plerisque
1920 2021 2086 2126 prouin-

295 2129 369 2236 cijs
403 2129 631 2214 sacerdotes
660 2131 886 2218 sanctiones
915 2131 1130 2210 canonicas
1158 2131 1282 2209 immo
1311 2127 1497 2210 diuinum
1525 2123 1721 2208 iudicium
1744 2146 2083 2236 contempnentes.

199 2321 203 2330 ,
295 2267 451 2324 sacram
479 2241 759 2321 eucharistiam
786 2242 949 2320 incaute
979 2237 1216 2322 custodiunt
1244 2246 1284 2321 &
1311 2238 1525 2322 immunde.
1556 2266 1603 2318 ac
1617 2236 1809 2320 indeuote
1824 2256 2085 2324 contrectant

294 2352 411 2462 quasi
438 2379 514 2432 nec
533 2368 767 2442 creatorem
799 2354 968 2433 timeant
996 2350 1061 2432 uel
1092 2366 1363 2432 recreatorem
1392 2348 1565 2458 diligant
1593 2364 1665 2428 aut
1693 2348 1870 2455 judicem
1893 2352 2086 2432 omnium

284 2479 581 2571 expauescant.
594 2490 840 2573 quamquam
855 2463 1063 2572 apostolus
1076 2461 1313 2560 terribiliter
1328 2463 1594 2545 comminetur
1608 2458 1931 2543 deterioraillurn
1945 2465 2085 2550 mereri

295 2572 497 2683 supplicia
524 2575 597 2684 qui
626 2574 753 2654 filium
789 2573 855 2672 dei
896 2573 1199 2656 conculcauerit
1232 2573 1299 2653 uel
1342 2573 1578 2682 sanguinem
1612 2574 1842 2655 testamenti
1884 2574 2085 2681 pollutum

294 2684 469 2767 duxerit
500 2702 570 2765 aut
598 2686 784 2792 spiritum
813 2687 939 2794 gratie
968 2685 1251 2765 contumeliam
1288 2683 1429 2764 fecerit
1472 2711 1597 2793 quam
1626 2677 1942 2793 transgressores
1990 2685 2086 2794 legis

293 2795 483 2900 Mosayee
510 2797 584 2903 qui
612 2796 751 2878 mortis
780 2797 978 2878 sententia
1007 2795 1269 2904 plectebatur.
1298 2796 1359 2875 Ne
1387 2795 1514 2902 igitur
1543 2790 1593 2873 de
1622 2813 1758 2878 cetero
1789 2823 1862 2903 per
1891 2797 2086 2877 incuriam

293 2905 551 2990 sacerdotum
579 2906 623 2985 in
651 2904 864 2987 indeuotos
879 2906 1019 2988 diuina
1033 2906 1261 3018 indignatio
1279 2906 1443 3012 grauius
1459 2901 1703 3002 exardescat,
1720 2904 1899 2990 districte
1916 2909 2086 3016 precipi-

147 3065 156 3084 ι
294 3016 404 3099 endo
432 3015 689 3131 mandamus„
707 3019 900 3126 quatinus
929 3045 952 3097 a
980 3015 1255 3100 sacerdotibus
1282 3016 1525 3100 eucharistia,
1544 3017 1587 3097 in
1603 3015 1697 3097 loco
1709 3016 1904 3126 singulari
1933 3017 2085 3104 mundo

295 3130 418 3208 etiam
446 3133 487 3207 8(
513 3129 670 3236 signato
698 3155 856 3236 semper
884 3128 1106 3210 honorilice
1135 3127 1331 3208 collocata
1360 3126 1507 3208 deuote
1536 3153 1585 3206 ac
1612 3124 1785 3208 fideliter
1813 3145 2088 3228 conseruetur.

292 3235 491 3320 Sacerdos
519 3265 619 3320 uero
647 3237 820 3347 quilibet
848 3238 1081 3348 frequenter
1110 3237 1251 3320 doceat
1267 3238 1425 3344 plebem
1441 3264 1567 3334 suam,
1584 3252 1631 3317 ut
1646 3265 1738 3318 cum
1753 3240 1795 3318 in
1814 3240 2086 3322 celebratione

290 3349 503 3432 missarum
537 3349 719 3432 eleuatur
748 3349 879 3432 hostia
908 3348 1094 3430 salutaris
1121 3347 1298 3459 quilibet
1343 3365 1578 3428 reuerenter
1607 3347 1784 3430 inclinet.
1817 3349 1924 3432 idem
1939 3351 2087 3432 faciens

291 3487 386 3542 cum
413 3462 540 3569 ipsam
583 3474 721 3568 portat
763 3461 977 3568 presbyter
1018 3459 1070 3542 ad
1087 3488 1093 3494 ·
1111 3459 1314 3541 infirmum
1356 3487 1478 3568 quam
1506 3458 1549 3538 in
1577 3459 1736 3540 decenti
1777 3460 1920 3544 habitu
1948 3490 2090 3572 super-

294 3571 432 3682 posito
459 3569 613 3651 mundo
642 3569 840 3652 uelamine
868 3569 971 3651 ferat
999 3576 1039 3650 8(
1067 3571 1215 3654 referat
1244 3570 1460 3650 manifeste.
1498 3597 1545 3649 ac
1573 3569 1795 3652 honorifice
1823 3588 1915 3653 ante
1946 3590 2088 3681 pectus

294 3711 387 3765 cum
415 3680 528 3788 omnj
556 3683 785 3762 reuerentia
814 3688 854 3763 8(
882 3684 1025 3763 timore
1053 3708 1212 3791 semper
1238 3698 1372 3762 tamen
1387 3682 1536 3761 lumine
1551 3678 1803 3788 precedente.
1818 3710 1911 3763 cum
1927 3687 1978 3766 sit
1994 3713 2090 3765 can·

220 3784 224 3794 ¹
296 3793 374 3877 dor
402 3793 503 3873 lucis
532 3809 678 3873 eterne.
708 3811 754 3874 ut
782 3821 833 3875 ex
861 3791 939 3873 hoc
969 3792 1079 3902 apud
1107 3821 1246 3873 omnes
1281 3792 1380 3874 fides
1409 3797 1449 3870 8(
1478 3789 1644 3872 deuotio
1673 3809 1885 3900 augeatur.
1936 3794 2089 3875 Prelati

215 3927 217 3934 '
297 3921 432 3986 autem
459 3904 580 3984 huius
609 3902 784 3984 mandati
812 3905 993 4012 grauiter
1022 3905 1168 4009 punire
1196 3931 1281 3982 non
1309 3900 1504 3981 differant
1538 3919 1863 4011 transgressores,
1892 3907 1926 3984 si
1954 3913 1995 3987 8(
2008 3906 2090 4015 ipsi

295 4014 477 4099 diuinam
505 4020 546 4095 8(
573 4031 752 4094 nostram
779 4016 927 4094 uolunt
955 4013 1136 4121 effugere
1177 4013 1384 4092 ultionem.
1414 4012 1611 4093 Attendat
1653 4015 1781 4120 igitur
1809 4043 1928 4101 unus
1945 4019 2090 4126 uisque

218 4201 222 4208 .
294 4142 343 4208 ut
372 4130 429 4209 sie
457 4125 691 4208 mandatum
719 4143 903 4207 nostrum
938 4125 1050 4205 iuxta
1092 4141 1322 4231 susceptum
1357 4121 1535 4203 officium
1573 4141 1806 4234 exequatur·
1825 4045 1943 4236 quod
1966 4153 2090 4208 nemo

288 4254 487 4320 'coronam
514 4239 600 4319 eius
628 4238 809 4346 accipiat,
839 4236 904 4316 nel
937 4234 988 4317 dc
1016 4262 1090 4318 suo
1118 4234 1210 4314 loco
1237 4235 1322 4315 eius
1351 4233 1642 4316 candelabrum
1670 4238 1848 4346 amoueri
1862 4242 2090 4348 contingat.

296 4347 367 4430 sed
395 4349 532 4458 potius
560 4364 759 4429 mereatur
788 4346 977 4453 coronarj
1005 4346 1135 4454 gloria
1163 4350 1203 4424 8(
1231 4344 1395 4426 honore.
1426 4347 1516 4426 Dat.
1544 4345 1721 4461 Viterbij
1754 4349 1869 4430 VIIII
1896 4349 1988 4431 Kal.
2003 4351 2093 4432 De-

132 4526 133 4529 .
254 4474 262 4490 ‘
299 4461 468 4544 cembris
494 4461 755 4546 Pontificatus
777 4457 911 4566 nostrj
940 4484 1048 4537 anno
1077 4459 1246 4560 Quarto.

778 4601 949 4686 Blybullan
969 4597 1142 4683 vidhtiuger
1161 4601 1209 4666 uti
1233 4609 1280 4663 ett
1300 4597 1475 4682 segelgarns
1497 4599 1596 4663 andra.
