4362 5946
814 365 873 460 -'-
984 385 1063 477 355
1158 437 1232 518 g·-

131 627 262 774 391.
331 640 333 651 '
758 626 1005 733 125sd.
1060 595 1141 768 19*
1179 624 1311 771 Aug.
1604 624 1922 738 Stockbolm.

204 830 322 913 Btaoan
342 845 425 910 Jarls
441 845 618 929 ,befallning
637 845 686 908 tlll
707 844 934 910 Atarndalands
955 846 1106 908 Invlnare
1128 855 1182 924 att,
1205 848 1300 930 enligt
1330 843 1415 908 hvad
1442 845 1526 912 lb'rut
1545 848 1691 932 stadgadt
1722 859 1771 931 tr,
1801 849 1922 935 arligen

257 929 381 1012 crlfigga
402 929 593 1013 tredjedelen
615 929 652 992 af
668 928 897 1012 Fattigtionden
919 930 966 992 till
988 929 1108 1014 Upsala
1130 931 1325 1014 Domlyrka.
1480 1011 1550 1085 Μ
1577 1030 1593 1066 ⁸
1622 1019 1680 1086 νή
1713 1015 1729 1067 5
1755 1017 1786 1087 ς)

288 1114 330 1194 Β.
361 1111 426 1195 dei
453 1116 589 1224 gracia
620 1115 712 1195 Dux
741 1139 956 1208 sueorum,
975 1111 1176 1193 Omnibus
1206 1109 1487 1222 Attundaland
1515 1115 1844 1216 inhabitantibus,
1858 1145 1921 1198 sar·
2036 1173 2048 1227 5

120 1226 248 1306 lutem
277 1231 316 1306 &
347 1225 545 1334 graciam,
576 1227 777 1328 Quoniam
808 1224 859 1307 ad
887 1250 963 1305 nos
990 1238 1146 1330 spectat
1176 1227 1248 1304 &c
1277 1222 1359 1306 tila
1387 1227 1478 1304 med
1498 1223 1699 1334 fdljande
1730 1229 1812 1310 Nm
1841 1231 1918 1336 392

117 1341 188 1420 till
212 1336 418 1448 quondam
447 1337 554 1446 regis
583 1335 634 1417 de
662 1335 834 1416 consilio
862 1351 1003 1415 nostro
1032 1334 1205 1415 aliorum
1233 1333 1499 1415 discretorum
1529 1353 1636 1419 terre
1665 1345 1739 1430 &c
1770 1340 1843 1418 oeli
1855 1349 1920 1423 ci·

117 1450 220 1532 dure
247 1449 313 1530 till
337 1447 497 1556 possitis
526 1447 723 1530 obtinere.
755 1450 905 1530 Datum
920 1443 1158 1543 stoekholm,
1182 1472 1291 1528 anno
1307 1445 1462 1528 domini
1477 1443 1916 1553 M⁰‚CC⁰‚LII⁰‚XIIII?‚

10 1597 18 1606 ·
66 1629 71 1644 ,
116 1554 280 1642 kalend.
310 1556 547 1666 septembris
582 1563 771 1639 Presente
813 1555 1036 1639 venerabili
1064 1573 1179 1665 patre
1208 1558 1385 1637 Domino
1419 1558 1573 1639 Jarlero
1614 1562 1918 1669 archiepiscopo

115 1670 339 1781 vpsalensi‚
354 1669 427 1780 qui
442 1670 565 1750 ceiam
580 1670 676 1752 huic
690 1670 823 1750 littere
843 1667 1018 1776 sigillum
1047 1696 1164 1750 suum
1179 1671 1368 1778 apposuit
1383 1670 1426 1750 in
1440 1671 1712 1753 testimonium
1727 1673 1922 1758 veritatis.

119 2062 258 2209 392.
779 2065 929 2168 2252
980 2062 1029 2167 d.
1072 2099 1107 2196 ¹2
1156 2059 1271 2168 Oct.
1596 2057 1914 2228 Thorsba'lla.

200 2281 336 2366 Konung
357 2285 557 2350 Wanoanans
579 2283 766 2348 stadlastelse
788 2283 828 2366 pt
850 2282 1039 2366 tredjedelen
1059 2282 1097 2346 as
1110 2280 1238 2346 tionden
1259 2283 1337 2348 eller
1356 2283 1389 2346 sd
1410 2259 1536 2348 lallode
1562 2279 1778 2368 fattigtionden
1808 2289 1819 2348 i
1851 2285 1912 2347 Ti-

251 2366 409 2430 turdaland
430 2369 478 2431 till
499 2369 619 2454 Upsala
640 2367 837 2451 Domkyrlsa.

1378 2448 1415 2503 A.
1432 2447 1458 2518 4.
1475 2465 1500 2504 a.
1519 2464 1543 2504 t:
1562 2449 1588 2505 3.
1604 2447 1677 2520 (arv.
1692 2448 1719 2518 4,
1740 2447 1781 2523 5.)

287 2586 352 2665 W.
382 2585 449 2668 dei
477 2588 611 2698 gracia
639 2587 726 2665 Rex
755 2612 953 2665 sveorum.
983 2583 1182 2664 uniuersis
1209 2580 1467 2682 tirundaland
1495 2584 1784 2666 habitantibus,
1807 2586 1913 2666 salu·
1982 2645 2003 2672 -‚
2120 2587 2174 2648 ι’

104 2715 196 2808 tem
226 2698 478 2806 &graciam
509 2698 712 2802 Quoniam
740 2695 794 2776 ad
824 2724 898 2775 nos
927 2711 1094 2803 spectat.
1110 2711 1248 2776 sancte
1277 2695 1438 2777 ecclesie
1468 2724 1708 2804 promouere
1737 2725 1912 2778 commo·

104 2806 215 2888 dum
245 2811 285 2886 St
312 2808 519 2890 honorem.
549 2837 595 2890 ac
622 2829 671 2888 ea
700 2836 779 2917 que
808 2807 851 2886 in
879 2807 1086 2915 presencia
1114 2823 1253 2887 nostra
1283 2811 1323 2884 &
1351 2807 1401 2893 de
1416 2835 1615 2889 consensu
1629 2824 1771 2912 nostro
1784 2810 1911 2889 ecele-

102 2920 169 3000 sie
200 2916 266 2999 dei
295 2920 596 3000 racionabiliter
623 2917 769 2999 collata
799 2934 893 2997 sunt
922 2919 1127 2999 roborare.
1163 2917 1265 2997 Jdeo
1295 2919 1910 3006 vniuersitatem‘uestram.hor-

101 3049 248 3112 tamur
276 3031 319 3110 in
349 3028 524 3112 domina.
555 3059 601 3112 ac
630 3028 746 3109 vobis
774 3030 943 3108 tirmiter
971 3027 1234 3135 precipiendo
1263 3030 1507 3112 mandamus.
1534 3031 1728 3142 quatinus
1751 3031 1912 3110 tertiam

101 3160 273 3249 partem
303 3139 352 3222 de
381 3141 556 3223 decimis.
586 3169 665 3251 que
694 3166 919 3248 pauperum
952 3139 1176 3247 uulgariter
1205 3141 1477 3248 appellantur.
1508 3158 1632 3251 prout
1661 3142 1911 3249 temporibus
1956 3131 1974 3161 ⁴

99 3252 244 3333 felicis
271 3255 472 3336 memorie.
506 3253 615 3333 Eriei
644 3253 762 3331 tertii.
791 3250 959 3332 illustris
988 3251 1193 3360 quondam
1210 3252 1341 3358 Regis.
1375 3251 1596 3336 deconsilio
1613 3253 1808 3335 karissimi
1836 3281 1908 3361 pa-

98 3364 187 3444 tris
219 3366 357 3444 nostri.
387 3363 426 3444 B.
457 3365 571 3446 ducis
600 3364 768 3443 svechie.
809 3369 848 3443 82
885 3363 1057 3442 aliorum
1086 3361 1352 3442 discretorum
1394 3382 1501 3445 terre
1544 3380 1739 3446 statutum
1766 3364 1844 3446 fuit
1871 3369 1911 3445 &

96 3475 310 3554 hactenus
339 3475 611 3564 obseruatum,
661 3472 906 3580 Vpsalensis
938 3473 1113 3553 ecclesie.
1144 3474 1344 3555 beniuole.
1374 3477 1539 3583 integre.
1556 3481 1595 3554 &
1620 3474 1807 3557 fideliter.
1838 3503 1909 3556 an·

95 3587 174 3667 nis
206 3584 373 3690 singulis
404 3584 454 3666 de
483 3603 618 3666 cetero
647 3585 689 3662 in
718 3603 961 3692 perpetuum
991 3584 1220 3664 exsoluatis.
1250 3602 1293 3664 vt
1323 3614 1371 3666 ex
1401 3613 1450 3667 eo
1479 3616 1501 3668 a
1530 3585 1694 3668 domino
1722 3589 1910 3668 meritum

94 3699 319 3804 consequi.
349 3701 388 3775 8<
418 3724 440 3775 a
470 3699 588 3778 nobis
617 3697 791 3804 graciam
821 3696 980 3804 possitis
1010 3698 1206 3802 optinere.
1238 3697 1322 3776 Nos
1358 3715 1504 3779 autem.
1535 3698 1631 3780 dicti
1662 3699 1783 3806 Regis
1810 3726 1909 3778 con·

91 3809 383 3888 stitucionem.
415 3837 536 3916 quam
566 3808 616 3888 de
646 3805 814 3886 consilio
843 3806 969 3913 patris
998 3809 1126 3886 nostri
1155 3805 1292 3886 edidit.
1336 3809 1575 3889 innouantes
1617 3811 1836 3889 statuimus.
1865 3823 1909 3886 vt

91 3917 252 3998 nullus
282 3915 331 3998 de
360 3917 493 3998 cetero
523 3915 781 4026 supradictas·
804 3916 988 3998 decimas.
1018 3917 1173 4024 prefate
1210 3918 1374 3999 ecclesie
1409 3920 1632 4028 deputatas.
1662 3945 1735 4025 per
1763 3946 1805 3998 se
1841 3918 1908 3998 uel

89 4057 185 4138 per
204 4029 314 4107 alios.
331 4027 524 4108 detinere.
557 4057 626 4108 seu
643 4026 870 4134 impedire.
893 4045 1107 4138 presumat.
1122 4027 1193 4137 qui
1223 4047 1400 4110 nostram
1429 4030 1763 4136 indignacionem.
1792 4025 1908 4108 volu·
2005 4083 2008 4089 s

86 4143 189 4221 erit
220 4143 383 4219 euitare.
416 4142 573 4220 Datum.
603 4138 925 4220 thorsharchum.
960 4142 1081 4218 Anno
1125 4139 1290 4219 domini.
1333 4138 1737 4223 M⁰.CC⁰.L⁰.Il⁰.VI⁶.
1780 4167 1907 4220 nonas

84 4251 306 4334 octobris.
325 4267 508 4357 presente
525 4267 641 4359 patre
657 4265 809 4331 nostro.
839 4250 1013 4330 domino.
1043 4251 1084 4330 B.
1115 4251 1218 4331 duee
1233 4277 1429 4331 sueorum.
1447 4257 1487 4330 &
1517 4249 1746 4332 venerabili.
1778 4265 1906 4357 patre.

82 4363 291 4447 domino.
319 4363 500 4442 Jarlerio.
545 4362 768 4470 Vpsalensi.
799 4352 1114 4470 archiepiscopo.
1144 4361 1215 4471 qui
1243 4363 1368 4440 eciam
1403 4363 1533 4471 sigilla
1548 4390 1631 4443 sua.
1647 4361 1741 4442 huic
1770 4362 1905 4445 littere
1982 4366 1984 4370 ⁴

43 4501 46 4504 ·
78 4493 389 4584 apposuerunt
417 4475 460 4554 in
492 4474 761 4552 testimonium
789 4472 983 4559 ueritatis.

77 4617 242 4701 Sigillen
262 4619 272 4675 i
294 4615 371 4677 rdda
392 4613 453 4677 och
479 4613 564 4676 hrita
596 4613 811 4676 sillestrddars
842 4615 901 4676 Nto
928 4633 952 4673 2.
972 4607 1152 4687 bortlallet3
1174 4631 1203 4672 2.
1224 4612 1235 4672 i
1257 4611 1822 4693 3262222222,2221211222221121122ς
1845 4610 1872 4671 3.
1893 4613 1917 4671 i.

614 4697 740 4778 riidgult
759 4717 828 4776 vax,
850 4695 968 4758 hvaraf
984 4696 1064 4759 blott
1085 4695 1211 4778 stycken
1233 4704 1287 4758 tiro
1308 4717 1394 4779 quar.

70 4821 384 4848 Ν

128 4889 164 4964 *)
199 4879 328 5022 lmycklt
349 4879 587 5024 igtadl‘astelsen
608 4879 646 4941 af
663 4879 745 4942 Kon.
766 4881 883 4942 Brncss
905 4878 934 4939 d.
956 4897 995 4962 29
1015 4879 1085 4940 Jun.
1114 4848 1190 4940 2325
1212 4877 1314 4957 (jemla
1345 4877 1404 4940 llto
1437 4877 1496 4963 393
1528 4875 1589 4940 och
1621 4877 1710 4962 394),
1741 4875 1859 4937 hvaraf
1886 4894 1904 4935 a

187 4977 304 5044 exemp
318 4983 353 5023 ar
396 4973 479 5024 nnas'
1774 4970 1779 4981 '
