4404 5960
734 377 1258 546 Ι-ἀὸι-

1795 538 1807 576 t

148 668 282 752 densis
308 664 487 777 capituli.
502 663 658 776 dominj
689 663 790 775 joon
814 664 902 749 litle
928 671 968 746 8t
996 667 1177 774 proprio.
1204 683 1324 777 atque
1353 664 1610 750 dominorum
1636 666 1774 778 jacobi
1794 667 1936 762 branse

32 777 35 783 ’
149 807 223 865 son
257 778 364 890 petri
399 777 620 860 torlahson.
655 776 817 857 nicolai.
865 775 1000 857 dilecti
1034 775 1172 878 fratris
1190 773 1200 798 ’“
1214 780 1291 858 mei
1312 778 1354 858 δι’
1384 776 1554 860 aliorum
1581 782 1802 862 amicorum
1827 787 1935 864 mem

41 889 66 988 '¹
149 919 238 972 rum
272 889 413 997 sigillis
440 886 518 969 leci
558 888 797 995 consignari»
853 893 1000 969 Actum
1027 884 1163 967 lundis
1192 915 1298 968 anno
1326 886 1481 969 domini
1496 889 1690 970 ‘MCCLX
1717 915 1827 972 nono
1855 893 1935 979 XII

149 999 356 1082 Kalendas
371 996 611 1081 Nouembris
640 1001 910 1106 Exsequtores
939 1015 1070 1078 autem
1097 998 1322 1078 testamenti
1350 1001 1428 1078 mei
1456 1002 1669 1082 constituo.
1715 1003 1934 1086 Dominum
2009 1051 2016 1058 -

149 1112 248 1220 joon
278 1110 363 1189 litle
389 1126 432 1189 et
460 1109 628 1190 dilectos
656 1108 952 1194 concanonicos
978 1134 1087 1188 meos
1122 1110 1360 1216 magistrum
1405 1109 1604 1196 nicolaum
1644 1111 1851 1193 thurchilli
1884 1130 1934 1200 ⁴et
1987 1141 1990 1147 ·

150 1222 386 1331 magistrum
411 1235 618 1328 trygctum
650 1215 824 1299 tuhonis
887 1259 904 1288 ,·
1429 1250 1436 1266 ¹

38 1471 44 1478 ’
156 1481 290 1607 541.
447 1605 451 1618 Β
783 1473 933 1619 1269
979 1471 1027 1578 d.
1077 1511 1149 1619 29
1196 1471 1316 1644 Oct3
1406 1635 1412 1650 .
1615 1467 1932 1587 Stochholm.
2043 1435 2056 1460 ·

233 1697 338 1760 Bauer
358 1695 559 1758 Mrenusscrs
579 1691 676 1774 betyg
696 1702 741 1753 att
762 1691 822 1753 han
854 1693 944 1773 gilvit
964 1693 1008 1752 sin
1030 1693 1146 1754 Hustnr
1179 1683 1316 1753 Uareno
1338 1692 1503 1774 Brunneby
1524 1689 1585 1752 och
1606 1693 1772 1757 Linlaldsd
1793 1701 1803 1760 i
1824 1699 1934 1782 uthyte

281 1777 333 1838 tm·
353 1774 392 1836 de
413 1774 513 1837 henne
534 1777 544 1834 i
565 1773 788 1856 morgcngdfva
810 1774 950 1836 lemnado
971 1775 1033 1836 Bro
1053 1775 1114 1835 och
1145 1774 1293 1856 Helleby‚
1322 1775 1363 1836 af
1378 1773 1483 1835 hvilla
1514 1777 1578 1835 sina
1609 1776 1809 1856 egendomar,
1831 1781 1933 1842 tillila

282 1856 355 1920 mod
376 1855 451 1919 llere
462 1855 572 1935 andra,
592 1855 656 1920 hau
674 1854 833 1920 auordnar
852 1878 891 1922 cu
914 1854 965 1918 del
986 1855 1034 1918 till
1054 1859 1165 1924 Wreta
1185 1857 1300 1920 kloster
1320 1855 1386 1932 och,
1401 1876 1440 1919 eu
1460 1857 1512 1918 del
1532 1857 1580 1918 till
1600 1859 1699 1920 andra
1719 1859 1860 1942 andeliga
1882 1864 1932 1922 in·
2048 1859 2056 1880 ⁸

281 1939 462 2020 sa'ttuingar.
966 1979 976 1996 ·
1641 2020 1669 2076 Α
1695 2021 1711 2076 3
1737 2023 1791 2078 Η

313 2153 522 2236 Vniuersis
540 2170 756 2262 presentes
785 2152 938 2236 litteras
967 2155 1110 2237 visuris
1139 2154 1204 2234 uel
1233 2151 1443 2234 audituris.
1473 2151 1712 2235 Benedictus
1727 2157 1965 2267 quondam⁸

147 2263 284 2372 Magni
312 2266 417 2344 lilius
456 2263 626 2344 salutem
655 2268 699 2370 inst
727 2263 889 2346 domino
932 2268 1223 2372 sempiternam.
1279 2265 1479 2345 Nouerint
1506 2267 1684 2344 vniuersi
1727 2286 1933 2375 presentes

147 2375 320 2456 Litteras
348 2376 585 2482 inspecturis
613 2375 736 2478 Quod
765 2377 848 2456 Nos
874 2403 965 2454 cum
988 2374 1132 2456 dilecta
1156 2401 1282 2453 uxore
1299 2392 1434 2454 nostra
1449 2373 1612 2456 vlwilde
1627 2378 1826 2457 cambium
1842 2409 1933 2487 pre-

147 2485 308 2569 diorum
336 2484 502 2566 facimus
529 2485 573 2564 in
600 2484 708 2565 hunc
736 2484 917 2566 modum:
936 2487 1175 2595 Recepimus
1203 2486 1311 2564 enim
1340 2485 1392 2565 ab
1419 2484 1569 2566 eadem.
1596 2485 1928 2588 Brottthaellaebir

147 2597 280 2678 curias
308 2595 495 2677 videlicet
522 2595 611 2675 illas
637 2623 739 2705 quas
765 2595 843 2675 sibi
870 2596 912 2676 in
940 2595 1165 2676 donacione
1202 2610 1372 2707 propter
1418 2595 1587 2702 nupcias
1623 2597 1928 2704 assignauimus.

147 2708 300 2787 Dentes
327 2703 563 2814 eidempro
590 2706 891 2814 permutacione
920 2705 1193 2814 predictarum
1219 2706 1316 2786 alias
1340 2703 1439 2785 duas
1453 2705 1584 2784 curias
1600 2705 1727 2786 silicet
1741 2708 1932 2814 Brunnae·

84 2874 93 2886 -
147 2817 205 2916 hir
235 2816 527 2909 &Linoaldsrt
557 2819 692 2898 sinos
721 2817 1146 2925 premoricontingat‚
1175 2817 1480 2925 inperpetuum
1511 2813 1779 2924 possidendas.
1794 2821 1931 2929 predie
1989 2901 1999 2920 ,

147 2946 252 3008 ctam
280 2953 379 3006 uero
407 2928 652 3008 mansionem
686 2943 865 3007 nostram
893 2929 935 3007 in
963 2925 1040 3006 bro
1068 2925 1244 3008 claustro
1273 2924 1506 3005 Monialium
1533 2924 1584 3005 de
1618 2927 1755 3006 wratis
1782 2931 1826 3037 jn
1855 2959 1930 3010 no·

62 3035 76 3044 ’
147 3052 323 3119 strorum
346 3036 614 3117 remissionem
643 3057 900 3144 peccatorum
926 3038 1170 3116 conferimus
1198 3037 1284 3116 iure
1299 3051 1497 3144 perpetuo
1513 3035 1804 3142 possidendam.
1833 3041 1930 3120 Hel·

148 3144 253 3248 laebl'
280 3147 431 3227 curiam
460 3162 635 3248 nostram
668 3145 788 3226 vendi
816 3146 1003 3226 uolumus
1031 3173 1107 3256 pro
1136 3145 1281 3226 debitis
1324 3147 1470 3226 nostris
1512 3147 1554 3224 in
1581 3147 1747 3226 swethia
1776 3153 1930 3258 persol-

146 3256 301 3338 uendis.
343 3258 455 3337 Jtem'
477 3256 578 3338 duos
606 3258 837 3359 octonarios
864 3258 908 3335 in
935 3259 1139 3356 Norosum
1167 3254 1294 3335 thiust
1326 3260 1366 3335 8(
1393 3283 1518 3334 unum
1540 3257 1580 3335 in
1602 3257 1933 3342 sudrrusumeci·'

147 3394 212 3446 am
240 3365 466 3448 uenundari
496 3367 680 3458 volumus
707 3396 783 3475 pro
812 3382 1042 3446 nostrorum
1079 3369 1122 3446 in
1153 3366 1333 3474 dstgocia
1373 3365 1578 3446 solucione
1597 3365 1858 3454 ,debitorum
1887 3387 1933 3451 vt

147 3493 280 3556 autem
296 3479 370 3558 ista
385 3479 518 3558 omnia
547 3472 674 3556 robur
702 3478 911 3586 optineant
938 3476 1145 3556 firmitatis.
1163 3475 1434 3584 supplicamus
1449 3495 1493 3557 vt
1507 3476 1691 3556 dominus
1706 3497 1847 3561 noster¹
1859 3474 1932 3562 'rex

146 3587 242 3668 huic
270 3602 414 3668 nostre·
434 3585 684 3667 ordinacioni
713 3605 973 3696 exequtorem
1001 3614 1042 3666 se
1068 3586 1259 3667 exhibeat
1287 3587 1512 3694 specialem.
1544 3613 1590 3666 ac
1617 3588 1792 3696 sigillum
1813 3581 1962 3672 suum‘

14 3762 19 3772 .
146 3725 229 3776 una
257 3725 347 3777 cum
375 3696 514 3804 sigillis
529 3695 829 3776 -venerahilium
857 3712 1016 3804 patrum
1046 3701 1085 3776 &
1106 3695 1372 3777 domlnorum.
1401 3697 1449 3776 H.
1479 3697 1730 3804 lincopensis.
1759 3701 1809 3780 K.
1838 3731 1928 3782 aro·

147 3807 298 3887 siensis.
329 3797 631 3914 Episcoporum.
660 3807 832 3902 Domini.
863 3807 906 3886 F.
936 3807 1153 3914 vpsalensis
1175 3803 1458 3886 archidiaconi.
1488 3809 1651 3888 Domini
1672 3810 1827 3918 philipi.
1845 3813 1928 3894 Do-

147 3918 245 3996 mini
273 3918 407 4024 algoti.
436 3917 598 3997 Domini
624 3916 848 4024 jngiwaldi.
893 3917 1054 3996 Domini
1083 3914 1251 3996 haraldi.
1281 3916 1470 4024 dignetur
1497 3919 1928 4017 instestimoniumhiis

57 4091 60 4098 ⁴
148 4026 288 4106 litteris
317 4025 519 4106 adhibere.
549 4027 800 4134 presentibus
828 4024 1110 4106 nichilominus
1135 4027 1253 4107 'nobis
1282 4055 1362 4106 non
1380 4026 1928 4140 preiudicantihusquicquid

127 4139 189 4215 ·iu
219 4151 424 4244 posterum
453 4136 549 4216 dum
578 4137 793 4217 uixerimus
821 4134 1010 4216 ordinare
1037 4136 1267 4216 duxerimus
1297 4137 1338 4214 in
1369 4136 1579 4243 premissis.
1644 4138 1791 4218 Datum
1818 4157 1930 4220 stuc·'

146 4247 258 4327 holm
285 4245 580 4326 anni'Domini.
608 4247 885 4326 M⁰.CC⁰.LX⁰.
915 4247 1005 4327 IX0.
1034 4229 1190 4349 Quarto
1220 4245 1297 4324 kal.
1327 4245 1566 4327 nouemhris.
1597 4287 1598 4290 ¹
1653 4319 1656 4326 .

603 4387 649 4450 Pd
669 4385 825 4449 frinsidan
847 4387 919 4450 med
938 4385 1022 4449 olila
1043 4387 1135 4472 blagk
1164 4385 1225 4448 och
1246 4407 1347 4450 annau
1369 4384 1470 4446 hand:

312 4502 521 4585 Fratribus
552 4504 595 4583 in
626 4502 805 4611 skening.
835 4502 889 4584 do
921 4501 1028 4584 ³V111
1061 4532 1213 4582 marcas
1240 4502 1409 4610 argentj.
1442 4501 1541 4609 jtem
1583 4505 1747 4586 cuilibet
1788 4503 1926 4616 domuj
1993 4581 2003 4613 p

146 4613 316 4694 fratrum
347 4613 653 4721 predicatorum.
684 4613 738 4694 do
767 4615 807 4693 in
837 4642 962 4722 regno
989 4614 1156 4694 swethie
1187 4614 1385 4700 marcham
1421 4612 1587 4720 argentj.
1631 4615 1732 4697 Jtem
1759 4618 1924 4698 cuilibet

147 4723 338 4830 hospitali
367 4724 409 4803 in
437 4751 563 4830 regno
590 4731 629 4804 8(
644 4725 809 4806 cuilibet
823 4723 966 4804 domus
986 4724 1153 4826 fratrum
1184 4725 1380 4803 minorum
1402 4723 1633 4817 &cuilibet
1649 4724 1821 4809 elaustro
1840 4756 1924 4808 mo-

133 4834 369 4913 ·nachorum
398 4837 436 4911 &
452 4834 683 4913 monialium
705 4835 747 4913 in
761 4862 898 4942 regno.
916 4835 969 4914 do
984 4832 1186 4913 dimidiam
1204 4860 1374 4914 marcam
1390 4836 1552 4942 argenti.
1565 4831 1628 4913 Ad
1643 4836 1716 4915 ista
1731 4835 1922 4920 soluenda

146 4944 349 5024 arerrdatur
376 4943 486 5022 curia
514 4960 650 5022 nostra
678 4944 722 5022 in
749 4961 1082 5051 sncprawatcum
1098 4942 1379 5052 omnibusque
1400 4945 1547 5024 suntin
1568 4971 1624 5023 ea.
1661 4940 1762 5036 Jtem
1784 4947 1837 5028 do
1858 4977 1922 5030 ee·
2057 4940 2061 4948 ¹

142 5055 263 5142 c‘lesie
277 5055 320 5136 iu
335 5051 564 5154 brunnabi.
579 5052 720 5135 IlIImr
735 5075 888 5157 mareas
901 5053 1070 5162 argenti.
1087 5054 1191 5134 ltem
1207 5053 1261 5137 do
1277 5054 1499 5136 libertatem
1513 5055 1923 5166 asceroinbrunnahy·¹
