4384 5946
980 354 1341 433 ...a-

271 554 561 656 convocatione
592 569 861 675 paganorum,
888 565 952 650 vel
981 569 1225 654 redemtione
1253 570 1616 680 captivorum'sive
1644 573 1823 682 ejusdem
1840 573 1959 656 Sedis
1974 579 2069 685 supss

126 751 138 766 .
304 683 475 764 lemento
504 677 746 764 multimodis
774 681 963 786 periculis
992 683 1241 765 ¹circumdato
1255 680 1305 793 ⁵⁰)
1334 681 1561 765 vel-ibidem
1590 686 1684 766 Deo·
1706 685 1969 768 militantium
1998 688 2073 768 sa·
2158 760 2162 770 .

273 712 383 887 litio,
396 790 451 870 ob
472 816 644 871 amorem
673 791 748 870 Dei
763 817 809 870 ac
825 791 863 871 b.
894 791 996 872 Sixti
1011 792 1258 874 Confessoris
1274 793 1359 900 ejus
1387 811 1584 902 perpetuo
1598 793 1838 902 delegamus.
1870 797 1952 876 Res
1968 824 2070 906 quo·

280 899 438 1012 que51)
467 899 640 1007 praefatae
683 898 808 995 Sedis,
837 907 876 980 &
901 901 982 1014 jam
1012 899 1109 984 dieti
1144 905 1374 1016 monasterii
1409 905 1485 984 sub
1514 905 1740 1014 plenissima
1769 905 2006 987 defensione
2035 913 2072 987 Β(

213 1035 216 1042 ’
276 1011 534 1116 immunitatis
562 1011 732 1092 tuitione
759 1011 964 1108 volumus,
992 1031 1040 1093 nt
1067 1017 1284 1095 consistant
1310 1042 1357 1094 ac
1384 1031 1592 1095 tueantur:
1619 1017 1693 1112 ita,
1722 1033 1768 1096 ut
1789 1016 2071 1125 nullusjudex

154 1193 158 1200 .
276 1121 464 1232 publicus
492 1136 561 1200 aut
590 1122 666 1201 alia
693 1122 882 1229 quaelibet
909 1139 1105 1230 potestate
1132 1125 1491 1233 publioa'praedita
1519 1153 1709 1232 persona,
1750 1124 1805 1206 de
1832 1155 1982 1209 eorum
2010 1155 2077 1205 re·

173 1299 176 1304 .
275 1236 352 1318 bus
381 1226 430 1341 ⁵²)
459 1229 628 1326 fredum,
655 1223 826 1328 tributa,
856 1235 1161 1315 mansionaticos
1189 1234 1252 1314 vel
1280 1253 1438 1343 para-tas
1467 1253 1538 1315 aut
1565 1237 1766 1317 teloneum
1782 1238 1846 1318 vel
1878 1221 1975 1318 fidei
1990 1237 2073 1343 jus·

265 1370 385 1426 sores
414 1341 555 1422 tollere
583 1355 652 1421 ant
678 1340 858 1422 homines
887 1345 1065 1451 ipsorum
1095 1361 1175 1424 tam
1201 1346 1294 1426 litos
1321 1373 1440 1456 qvam
1469 1351 1508 1424 St
1537 1343 1752 1453 ingenuos,
1782 1357 2074 1454 superterram

163 1487 166 1500 ·
275 1480 418 1536 eorum
446 1470 647 1538 mutientes
675 1449 930 1559 distringere,
963 1483 1037 1536 neo
1067 1456 1168 1535 ullas
1196 1455 1379 1563 publicas
1406 1455 1652 1556 functiones,
1680 1473 1751 1542 aut
1785 1458 2072 1554 redibitiones,
2187 1519 2188 1532 .

275 1565 341 1646 vel
370 1565 526 1646 illicitas
554 1563 779 1643 occasiones
809 1567 1014 1672 requirere
1041 1566 1105 1646 rel
1134 1569 1291 1672 exigere
1325 1567 1550 1675 praesumat.
1587 1566 1686 1661 Sed,
1728 1583 1776 1648 ut
1803 1567 1925 1648 liceat
1954 1595 2073 1646 rene·

275 1676 395 1757 rabili
422 1671 736 1782 Arohiepiscopo
765 1673 957 1781 praedicto
986 1678 1148 1784 suisque
1176 1677 1481 1772 suecessoribus,
1506 1703 1555 1754 ac
1571 1678 1680 1756 omni
1696 1677 1814 1757 Clero
1829 1677 1910 1758 sub
1926 1705 2074 1758 eorun-

277 1787 367 1868 dem
396 1784 586 1892 regimine
615 1785 848 1881 constituto,
878 1787 1012 1893 quiete
1053 1788 1096 1865 in
1124 1786 1199 1865 Dei
1226 1787 1387 1867 servitio
1417 1785 1561 1891 degere
1583 1784 1645 1896 ⁵³)
1674 1793 1712 1866 ἃ
1740 1815 1816 1895 pro
1832 1789 1956 1869 nobis
1979 1815 2073 1894 pro·
2187 1849 2188 1854 Ν

277 1898 398 2006 leque
409 1912 546 1976 nostra
573 1910 694 2002 atque
720 1911 827 1974 statu
855 1898 978 1974 totius
1006 1897 1163 2002 imperii
1189 1896 1317 1976 nostri
1335 1893 1387 2005 ⁵4)
1411 1894 1586 1974 divinam
1601 1896 1916 1978 misericordiam
1931 1926 2073 1979 exora·
2186 1885 2188 1960 Ῑ

279 2034 334 2088 re.
390 2009 442 2085 Et
468 2020 515 2082 ut
540 2004 625 2086 haec
640 2005 855 2091 auotoritas
872 2007 933 2084 sui
948 2006 1098 2112 vigoris
1112 2021 1347 2114 perpetuam
1362 2005 1541 2085 obtineat
1571 2005 1811 2101 firmitatem,
1835 2034 1963 2087 manu
1980 2037 2087 2116 pros

281 2119 371 2226 pria
407 2115 545 2198 subter
576 2141 667 2201 ‚eam
707 2115 971 2213 firmavimus,
1007 2121 1046 2197 u
1075 2115 1213 2196 annuli
1241 2115 1369 2196 nostri
1397 2114 1657 2224 impressione
1683 2120 1840 2226 signare
1868 2117 2071 2226 jussimus.

784 2285 908 2361 ,mgnum
924 2285 1081 2362 protestet
1096 2265 1145 2361 (u.
1163 2285 1211 2358 s)
1226 2289 1350 2359 pastam
1369 2287 1558 2379 raptatae.

391 2425 682 2506 Hirminmarus
710 2425 899 2512 Notarius
926 2425 978 2508 ad
1006 2427 1134 2521 uicem
1169 2423 1399 2518 Theodonis
1428 2411 1655 2530 recognovi.
1699 2425 1801 2505 Data
1829 2425 1928 2507 Idus
1959 2426 2071 2534 Maii,
2187 2393 2188 2402 .

280 2543 399 2646 Anno
429 2538 588 2619 Christo
604 2535 784 2642 propitio
799 2534 899 2614 XXI
921 2537 1080 2643 imperii
1108 2535 1270 2614 Domini
1298 2535 1542 2614 Huuoorvtct
1563 2533 1729 2642 piissimi
1757 2537 1933 2642 Augusti
1963 2537 2097 2618 Indi·-

281 2652 413 2744 ctione
441 2649 532 2745 XII.
561 2647 706 2746 Actum
734 2645 977 2754 Aquisgrani
993 2645 1036 2725 in
1050 2643 1199 2754 palatio
1215 2643 1338 2752 Regio
1367 2645 1410 2723 in
1438 2645 1513 2723 Dei
1535 2645 1696 2735 nomine
1723 2642 1900 2740 feliciter.
1931 2651 2085 2738 Amen,
2155 2717 2157 2720 ,

418 2891 468 3012 a]
555 2846 559 2855 ’
802 2883 878 3012 tr
925 2906 1055 3014 sss.

263 3199 267 3207 ,
324 3101 1579 3211 ettv.uuoonus1vs'stadnee1serorAnastastneatrke-uiskops
1604 3124 1738 3192 Embcte
1758 3127 1818 3191 och
1848 3126 1998 3213 uppdrog
2029 3135 2082 3188 att
2169 3119 2174 3126 '

363 3208 515 3276 omvdnda
537 3207 688 3272 Nordiska
708 3209 890 3292 folkslagen.
1524 3253 1525 3257 ,

416 3362 646 3465 Gnncomus
676 3359 912 3466 Episcopus,
941 3385 1078 3458 servus
1092 3385 1300 3454 servorum
1315 3359 1406 3454 Dei,
1420 3361 1609 3440 'omnium
1639 3357 1813 3440 fidelium
1836 3356 2073 3465 dignoscen·
2186 3385 2188 3464 ς

283 3483 347 3554 tiae
375 3490 528 3552 certum
555 3497 639 3551 esse
668 3468 863 3565 volumus,
893 3469 1064 3576 qualiter
1093 3462 1218 3552 beatae
1241 3472 1441 3549 memoriae
1469 3469 1852 3578 praecellentissimus
1874 3470 1962 3550 Rex
1991 3471 2072 3548 Ka·
2183 3529 2188 3552 .

286 3583 397 3664 rolus
424 3599 606 3689 ternpore
634 3577 969 3688 praedeeessorum
1000 3597 1229 3678 nostrorum
1251 3579 1388 3661 divino
1411 3579 1569 3667 afflatus
1597 3582 1760 3688 spiritu,
1776 3595 1933 3685 gentem
1951 3580 2074 3659 Saxo·
2186 3573 2188 3656 l

283 3707 380 3774 num
406 3719 520 3776 sacro
548 3690 674 3771 cultui
707 3688 903 3785 subdidit,
930 3691 1152 3801 jugumque
1181 3693 1352 3787 Christi,
1372 3691 1482 3800 qvod
1512 3717 1630 3771 suave
1659 3717 1705 3770 ac
1740 3692 1825 3770 leve
1840 3708 1918 3785 est,
1942 3689 1995 3770 ad
2010 3716 2073 3766 us·
2187 3741 2188 3744 κ

283 3831 363 3914 que
383 3803 574 3883 terminos
602 3804 809 3882 Danorum
837 3802 919 3881 sive
947 3801 1157 3882 Slavorum
1186 3801 1309 3882 corda
1337 3801 1485 3881 ferocia
1513 3800 1621 3880 ferro
1648 3797 1889 3908 perdomans
1917 3799 2073 3891 docuit,
2187 3793 2188 3804 '

283 3915 544 4022 ultimamque
566 3913 681 4018 regni
697 3912 821 4018 ipsius
835 3926 990 4020 partem
1004 3929 1114 3992 trans
1142 3912 1301 3992 Albiam
1328 3913 1433 4000 inter
1461 3909 1664 4002 mortifera
1693 3937 1940 4019 paganorum
1970 3910 2074 4022 peri·

284 4025 374 4106 cula
401 4025 677 4122 constitutam,
706 4020 892 4121 videlieet
919 4049 969 4118 ne
997 4021 1048 4103 ad
1076 4022 1198 4106 ritum
1226 4022 1473 4110 relaberetur
1501 4020 1724 4129 gentilium,
1753 4020 1961 4116 ueletiam,
1980 4021 2073 4128 quia

286 4133 487 4220 lucrandis
525 4131 660 4229 adhuc
711 4133 896 4239 gentibus
935 4134 1142 4240 aptissima
1180 4131 1410 4229 videbatur,
1452 4135 1622 4240 proprio
1665 4132 1894 4241 Episcopali
1935 4135 2074 4236 vigore

266 4244 456 4326 tundore
483 4240 727 4338 decreverat.
779 4241 862 4323 'Sed
890 4245 985 4354 quia
1020 4267 1126 4322 mors
1163 4240 1348 4338 ellectum
1390 4243 1669 4368 prohibuerat,
1712 4241 1946 4327 succedente
1991 4241 2074 4365 ejus

40 4415 47 4426 .
158 4422 162 4429 .
286 4337 652 4464 praecellentissimo
681 4351 763 4438 filio
783 4352 1045 4448 ,Htunewtco
1073 4353 1319 4460 Imperatore
1355 4357 1457 4462 Aug.
1486 4355 1596 4460 pium
1625 4350 1802 4442 studium
1830 4354 1931 4436 sacri
1963 4369 2074 4458 gem·
2187 4359 2188 4370 ¹

186 4465 187 4468 '
285 4465 386 4546 toris
413 4466 475 4547 sui
490 4463 699 4558 efficaciter
711 4463 907 4573 implevit
932 4466 1036 4566 Quae
1060 4467 1164 4544 ratio
1178 4463 1296 4544 nobis
1311 4491 1384 4572 per
1399 4463 1646 4545 uenerabiles
1661 4462 1862 4546 Ratolfum
1878 4463 1960 4541 siue
1976 4464 2074 4538 Ver·

287 4573 456 4657 noldum
484 4577 724 4684 Episcopos,
753 4599 939 4655 necnon
966 4573 1188 4656 Geroldum
1218 4576 1400 4655 comitem
1428 4574 1491 4655 vel
1520 4575 1682 4654 missum
1719 4572 1984 4654 venerabilem
2013 4585 2074 4648 re·'
2187 4575 2188 4646 ἱ

11 4650 40 4680 '⁵
102 4731 104 4740 ·
152 4799 156 4804 .
289 4687 368 4766 lata
395 4703 455 4767 est
507 4682 790 4787 confirmanda.
845 4687 929 4784 Nos
965 4687 1087 4794 igitur
1116 4711 1273 4784 omnem
1307 4686 1364 4780 ibi
1400 4689 1487 4770 Deo
1527 4684 1692 4790 dignam
1718 4700 1904 4767 statutam
1938 4683 2074 4790 prori-

327 4921 604 5002 messenatae.
651 4926 705 5008 51)
725 4929 842 5014 itania
895 4926 947 5008 52)
967 4927 1067 4992 freda.
1110 4927 1163 5010 53)
1186 4949 1304 5012 gerere.
1349 4927 1400 5007 54)
1423 4931 1505 4992 deest
1525 4930 1629 4991 nostri.
