4370 5950
984 487 1377 566 ..72-

280 681 409 791 rencij
436 685 475 760 8(
503 679 782 760 anniuersario
810 694 879 758 tue
896 681 1225 762 consecracionis
1254 678 1335 777 die,
1363 678 1745 792 decernimusorgo
1774 702 1820 765 vt
1848 685 1946 769 nulli
1982 718 2052 770 om·

260 787 380 876 ‘nino
409 792 560 874 homini
589 791 706 870 liceat
734 790 985 900 vpsalensem
1012 793 1218 877 ecclesiam
1245 810 1397 874 temere
1411 792 1653 902 perturbare
1671 812 1743 876 aut
1766 800 1849 878 eius
1863 803 2064 907 possessio-t
2150 811 2156 820 '

284 935 354 987 nes
382 903 540 985 auferre
570 901 633 983 vel
660 900 820 984 ablatas
848 906 1032 994 retinere,
1062 907 1253 990 minuere.
1295 933 1366 985 seu
1409 905 1662 1014 quibuslibet
1706 911 1986 991 vexacionibus
2011 913 2059 990 l·

280 1023 408 1127 tigare
453 1014 526 1096 sed
569 1014 707 1096 omnia
733 1015 889 1122 integra
911 1024 953 1099 8(
981 1016 1136 1099 illibata
1162 1033 1378 1099 seruentur
1404 1043 1545 1097 eorum
1573 1045 1665 1126 pro·
1680 1045 1856 1128 quorum
1885 1021 2061 1128 guberna·

281 1131 397 1213 cione
435 1133 476 1208 8(
501 1126 797 1208 sustentatione
823 1155 1012 1210 concessa
1039 1147 1134 1210 sunt
1163 1127 1569 1218 vsihusomnimodis
1599 1130 1825 1239 profutura,
1854 1133 1963 1212 salua
1977 1133 2063 1214 sedis
2154 1193 2155 1202 ,

194 1334 197 1342 ,
281 1237 505 1354 apostolice
536 1238 778 1320 auctoritate
809 1255 854 1320 et
890 1239 1094 1322 lundensis
1127 1241 1311 1348 episcopi
1346 1238 1482 1319 debita
1518 1242 1675 1323 iusticia
1709 1250 1749 1324 8(
1776 1245 2006 1323 reverencia
2031 1243 2105 1324 si·

178 1405 194 1466 ¹.
280 1381 366 1466 qua
401 1351 527 1458 igitur
557 1348 808 1434 infuturum
840 1351 1102 1434 ecclesiastica
1133 1351 1372 1447 secularisve
1401 1378 1574 1459 persona
1602 1355 1707 1434 hane
1750 1370 1889 1437 nostre
1938 1356 2067 1436 consti·

282 1464 459 1548 tucionis
474 1462 664 1568 paginam
675 1461 818 1558 sciens,
833 1480 972 1548 contra
990 1469 1094 1544 eam'
1111 1479 1261 1543 temere
1290 1467 1427 1541 venire
1453 1467 1713 1570 temptauerit
1740 1464 1921 1549 secundo
1941 1468 2067 1548 tercio·

283 1605 336 1658 ue
363 1574 607 1658 commonita
634 1573 671 1656 si
699 1599 783 1652 non
812 1592 967 1659 reatum
992 1603 1111 1659 ,suum
1141 1575 1341 1681 condigna
1372 1574 1643 1656 satisfactione
1670 1580 1894 1658 correxerit
1911 1594 2069 1686 potesta·

283 1692 335 1769 tis
370 1685 538 1770 honoris
555 1711 654 1791 ·que
670 1685 750 1766 sui
782 1683 981 1791 dignitate
1013 1705 1168 1783 carcat,
1195 1713 1386 1798 reamque
1411 1713 1461 1765 se
1483 1684 1626 1768 diuino
1656 1687 1807 1768 iudicio
1833 1691 2003 1770 existere
2029 1685 2070 1768 de
2153 1771 2156 1784 ,

284 1813 518 1910 perpetrata
547 1795 759 1904 iniquitate
788 1814 1006 1906 cognoscat
1034 1804 1074 1878 8(
1102 1827 1125 1875 a
1155 1797 1421 1881 sacratissimo
1452 1799 1624 1905 corpore
1652 1827 1701 1878 ao
1727 1803 1925 1909 sanguine
1954 1799 2016 1908 dej
2041 1805 2073 1877 8(

283 1909 441 1992 domini
475 1905 742 2014 redemptoris
777 1910 905 1996 nostri
940 1911 1026 1995 iesu
1058 1909 1201 1994 christi
1239 1907 1373 1988 ‚aliena
1410 1908 1479 1988 liat
1507 1927 1629 2019 atque
1658 1911 1701 1989 in
1729 1927 1914 1992 extremo
1942 1911 2073 1992 exarui·

284 2051 337 2103 ne
373 2019 557 2102 districte
591 2018 741 2101 vlcioni
776 2021 980 2105 subiaceat
1014 2023 1170 2106 cunctis
1195 2038 1331 2105 autem
1359 2017 1489 2098 eidem
1505 2019 1682 2102 locosua
1705 2023 1794 2102 iura
1811 2021 2074 2114 sernentibus,
2115 2045 2117 2051 ·

283 2135 338 2215 sit
374 2161 455 2245 pax
491 2130 644 2212 domini
679 2133 809 2212 nostri
844 2133 929 2210 iesu
962 2131 1103 2220 christi
1137 2151 1341 2242 quatenus
1384 2138 1422 2210 8(
1472 2127 1538 2212 hic
1581 2130 1759 2214 fructum
1784 2134 1891 2214 bone
1924 2135 2075 2214 actionis
2154 2123 2156 2134 ⁴

192 2273 197 2278 ·
285 2246 514 2360 percipiant
547 2249 589 2324 8(
623 2241 735 2357 apud
768 2243 993 2332 districtum
1021 2242 1198 2332 iudicem
1224 2245 1379 2360 premia
1408 2259 1555 2364 eterna·
1576 2245 1687 2352 pacis
1715 2245 1928 2326 inueniant
1959 2271 2074 2326 amen.

290 2641 384 2747 50.
537 2557 540 2566 '
683 2691 685 2699 ·
942 2636 1096 2764 1164
1142 2635 1192 2741 d.
1241 2639 1272 2741 5
1320 2636 1452 2782 Aug.
1942 2638 2075 2743 Seus.

372 2859 465 2928 Ptfv.
494 2859 678 2924 Acesinum
713 2859 783 2921 tna
814 2857 897 2928 ,Brel
911 2852 1129 2940 ‚till'fiueriges
1149 2858 1300 2940 Bislopar
1320 2859 1332 2920 i
1351 2878 1468 2919 samma
1491 2865 1593 2932 tmoe3
1619 2855 1691 2920 med
1713 2860 1835 2921 erinran
1854 2859 2019 2944 derjemte,
2037 2865 2076 2918 att

423 2947 451 3028 ej
478 2946 559 3024 glire¹
576 2944 673 3026 nlgra
692 2941 819 3024 olofliga
835 2939 1063 3024 anordniuger3
1081 2945 1112 3025 „ej
1133 2943 1185 3010 fiir
1208 2941 1380 3020 vttllefnad‚
1401 2952 1476 3002 utan
1498 2941 1547 3001 fdr
1560 2937 1832 3010 Christendomens
1847 2945 2019 3020 liirlofrau,
2039 2961 2080 3002 re·

423 3049 458 3089 sa
478 3027 621 3108 omkring
640 3029 651 3086 i
672 3027 739 3087 sina
759 3023 988 3107 ffirsamlinger3
1006 3026 1036 3116 ,ej
1055 3024 1108 3096 ,liir
1123 3025 1360 3108 ,gatrorutdeta
1387 3023 1629 3107 besttllningar3
1656 3036 1733 3090 utan
1752 3029 1764 3092 i
1792 3028 1855 3091 ¹ullt
1886 3027 2006 3110 redligt
2033 3022 2081 3089 oth

425 3110 569 3176 valsamt
590 3108 691 3178 rairda
704 3111 754 3176 ,sin
774 3106 878 3194 hjord.

1718 3222 1749 3285 B.
1768 3237 1800 3278 2:
1822 3241 1878 3304 ¹79,
1902 3227 1963 3284 (8ο.

457 3361 563 3440 Item
600 3359 656 3446 de
693 3359 960 3440 ordinacione
988 3359 1225 3468 metropolis
1249 3389 1283 3447 s.
1312 3361 1465 3469 rpsalie
1491 3358 1704 3450 alexandri
1732 3359 1852 3470 tercij
1880 3389 2002 3471 pape.

459 3507 702 3593 Arembour
726 3507 943 3616 episcopus
971 3532 1110 3585 seruus
1140 3532 1350 3587 seruorum
1364 3503 1447 3616 dej.
1462 3504 1763 3594 venerabilibus
1785 3505 1994 3604 fratribus,
2010 3505 2087 3584 vni·

292 3623 420 3703 uersis
451 3617 655 3725 ..episcopis
682 3646 756 3728 per
784 3644 956 3724 regnum
985 3619 1130 3698 swecie
1159 3619 1388 3699 constitutis
1413 3617 1586 3706 salutem
1612 3635 1654 3704 et
1682 3617 1946 3730 apostolicam
1977 3621 2089 3700 bene·

292 3733 529 3826 dictionem,
565 3723 833 3811 venerabilem
862 3727 1029 3807 fratrem
1057 3745 1253 3824 nostrum,
1269 3729 1510 3837 stephanum
1541 3730 1641 3809 olim
1669 3729 1888 3840 vpsalensis
1932 3729 2089 3810 ecclesie

294 3845 488 3938 electum,
510 3867 622 3924 nuuc
650 3867 748 3926 uero
781 3839 1134 3950 archiepiscopum
1170 3857 1348 3919 vestrum
1383 3839 1435 3919 ad
1471 3839 1608 3922 sedem
1633 3841 1901 3948 apostolicam
1932 3843 2092 3922 venien·

185 4053 189 4060 ¹
294 3952 552 4054 tem,.debita
569 3949 821 4058 benignitate
838 3951 1104 4057 suscepimus,
1120 3963 1161 4030 et
1182 3978 1341 4030 omnem
1370 3949 1481 4030 illam
1508 3953 1545 4031 ei
1571 3953 1748 4062 graciam
1774 3952 2094 4034 exhibuimus&

294 4069 514 4162 honorem,
545 4091 669 4172 ,quem
700 4061 782 4146 ¹sibi
816 4089 843 4150 a
875 4060 996 4146 nobis
1031 4058 1167 4142 decuit
1194 4061 1389 4144 exhiberi.
1426 4079 1547 4172 atque
1569 4055 1840 4171 peticionibus
1868 4066 1951 4144 suis
1983 4078 2094 4173 grato

296 4193 588 4262 concurrentes
616 4200 798 4269 assensu,
826 4173 938 4254 iuxta
962 4171 1079 4280 quod
1108 4173 1159 4253 ab
1189 4173 1511 4260 antecessoribus
1540 4176 1688 4254 nostris
1713 4174 1770 4262 ,ab
1782 4177 1987 4265 anteactis
2003 4195 2096 4255 tem·

298 4291 470 4401 poribus
500 4286 744 4395 dispositum
776 4283 913 4372 fuerat
936 4287 980 4362 8(
1002 4300 1221 4380 statutum,
1251 4283 1320 4365 sed
1348 4287 1434 4366 rion
1463 4283 1560 4366 dum
1587 4288 1832 4368 exeeucione
1860 4290 2002 4396 operis
2032 4283 2097 4364 ad·

299 4403 528 4514 impletum,
563 4395 753 4512 precibus
785 4403 830 4476 8(
858 4397 1090 4483 interuentu
1120 4394 1318 4488 karissimi
1347 4399 1390 4477 in
1419 4396 1570 4488 christo
1598 4397 1670 4477 lilii
1698 4400 1841 4486 nostri.
1870 4399 1916 4477 C.
1936 4398 2099 4478 illustris

299 4513 405 4622 regis
430 4505 637 4594 sweorum
664 4514 703 4587 8(
726 4507 966 4616 gothorum,
995 4505 1139 4592 restris
1163 4513 1332 4615 quoque
1360 4514 1398 4589 8(
1428 4507 1514 4606 vlfit
1545 4507 1657 4590 ducis
1700 4509 1816 4618 regni
1846 4507 1966 4606 illius,
1984 4507 2098 4618 palli-

299 4653 369 4706 um
401 4620 643 4736 pontificalis
667 4620 822 4708 ,scilicet
853 4615 975 4698 officii
1002 4619 1314 4724 plenitudinem,
1343 4619 1380 4709 ei
1409 4617 1595 4700 duximus
1617 4617 1934 4728 indulgendum,
1964 4623 2021 4702 Et
2049 4645 2097 4698 ne

300 4737 491 4820 decetero
523 4730 737 4841 prouincie
772 4731 917 4844 swecie
951 4726 1252 4836 metropolitani
1281 4731 1408 4838 possit
1433 4758 1534 4811 cura
1560 4727 2001 4827 deesse,commissam
2034 4762 2103 4842 gu·

219 4917 223 4924 .
301 4847 539 4930 bernacioni
573 4872 644 4932 suc
673 4844 926 4958 upsalensem
949 4840 1107 4934 urbem,
1132 4838 1313 4926 ciusdem
1343 4842 1554 4948 prouincie
1586 4857 1824 4950 perpetuam
1853 4845 2103 4952 metropolin

300 4959 603 5054 ordinauimus',
645 4963 685 5038 8(
725 4957 984 5068 episcopatus
1024 4967 1181 5035 vestros
1223 4951 1259 5034 ei
1298 4969 1496 5064 tanquam
1522 4980 1594 5034 sue
1622 4953 1851 5061 metropoli,
1891 4955 2104 5068 perpetuls

799 5095 803 5102 ⁴
914 5089 917 5094 ’
1649 5064 1902 5173 temporibus
