4398 5958
1031 349 1274 508 --ssa
1382 455 1515 546 -y

225 683 232 690 ,
353 609 508 712 effectu.
537 635 628 689 cum
667 613 847 720 ipsorum
888 620 1094 702 manifesta
1121 619 1173 705 sit
1199 625 1362 707 offensa.
1403 631 1633 710 nullatcnus
1675 633 1935 736 absoluantur.
1971 643 2062 748 quari

352 719 475 797 eciam
502 717 835 826 singulisdiebus
863 723 1070 809 dominicis
1099 731 1317 815 &festinis
1358 764 1449 816 curn
1490 739 1567 817 boc
1609 741 1830 820 constiterit
1873 749 2063 854 precipimus

350 851 422 930 per
448 826 652 910 uniuersas
680 831 862 910 ecclesias
888 835 1008 940 buius
1036 839 1184 918 baeradi
1211 845 1254 921 in
1282 871 1365 951 quo
1393 847 1588 926 violencia
1616 846 1721 926 facta
1758 847 1877 928 fuerit
1902 857 2061 959 puplicari

349 956 395 1011 ac
423 935 607 1060 eciamsi
634 935 756 1020 fuerit
784 967 897 1048 opus,⁴
912 941 1078 1050 pulsatis
1118 953 1321 1055 campanis
1363 957 1602 1034 &accensis
1645 955 1820 1036 candelis
1861 961 2062 1069 solempniter

352 1065 574 1147 aggrauam.

728 1224 850 1329 Quod
874 1233 1041 1338 episcopi
1064 1230 1235 1312 babeant
1263 1215 1547 1314 elemosinarius
1575 1239 1736 1317 iuratos.

513 1357 736 1440 Christiane
764 1360 857 1444 fidei
884 1361 1025 1470 religio
1067 1368 1144 1447 hoc
1172 1372 1238 1474 pie
1283 1371 1410 1451 credit
1453 1379 1492 1451 8(
1523 1376 1715 1455 veraciter
1757 1375 1959 1458 confitetur
1986 1379 2064 1484 quod

349 1464 534 1546 dominus
561 1484 603 1546 et
629 1470 806 1548 saluator
832 1490 969 1559 noster
995 1475 1129 1555 ihesus
1156 1477 1326 1558 cbristus
1356 1507 1445 1560 cum
1473 1484 1647 1560 omnium
1674 1481 1789 1561 diues
1812 1501 1910 1562 esset
1933 1513 1995 1590 pro
2017 1511 2065 1564 ue

347 1571 410 1651 bis
443 1599 598 1682 pauper
625 1574 794 1656 effectus
821 1598 879 1660 est
913 1580 1018 1661 vnde
1060 1610 1153 1662 cum
1181 1587 1264 1692 ipse
1292 1589 1372 1666 suis
1401 1591 1664 1670 imitatoribus
1693 1595 1854 1696 premia,
1872 1608 1990 1670 eterne
2000 1619 2066 1670 con·

346 1681 556 1762 solacionis
598 1681 797 1790 promisit,
840 1690 947 1786 beati
982 1691 1115 1799 inquit
1161 1721 1355 1800 pauperes
1401 1689 1566 1802 spiritu,
1607 1698 1802 1805 qnoniam
1843 1701 1998 1804 ipsorum
2018 1706 2067 1778 &c

346 1788 535 1900 idemque
562 1810 677 1898 pater
703 1793 974 1898 orphanorum
1002 1804 1042 1876 8ι
1068 1800 1265 1908 refugium
1293 1831 1515 1912 pauperum
1544 1804 1593 1884 ad
1635 1805 1910 1910 elargitionem
1933 1807 2067 1884 elemosi-

346 1925 489 1979 narum
502 1907 542 1981 8u
554 1899 858 1981 beneficenciam
873 1933 946 1983 nos
962 1906 1176 1988 exhortans
1190 1911 1233 1986 in
1247 1912 1468 2018 ewangelio
1483 1913 1539 1991 ait
1554 1912 1663 2021 quod
1679 1914 1746 1991 vni
1762 1942 1812 1993 ex
1829 1916 1980 1994 minimis
2000 1917 2066 1991 meis

346 2005 493 2087 fecistis
535 2008 630 2087 mihi
672 2006 818 2087 fecistis
852 2013 1045 2122 quodque
1073 2016 1125 2096 ad
1167 2018 1416 2124 probandam
1456 2037 1566 2100 tante
1607 2019 1840 2100 humilitatis
1875 2021 2066 2100 excellentis

347 2119 485 2197 simam
512 2115 732 2195 bonitatem
773 2122 895 2198 eciam
936 2149 1031 2226 pro
1053 2124 1173 2202 calice
1201 2153 1303 2233 aque
1332 2125 1476 2232 frigide
1503 2128 1723 2208 mercedem
1750 2155 1794 2206 se
1823 2132 1949 2208 asserit
1971 2129 2066 2207 reddi·

345 2241 483 2303 turum
511 2224 613 2304 Sane
640 2226 888 2307 consuetudo
903 2228 1175 2338 quodamque
1204 2235 1347 2312 merito
1375 2235 1543 2314 dicenda
1572 2255 1630 2315 est
1661 2238 1888 2340 corruptela
1912 2233 2065 2313 infinibus

346 2332 466 2411 huius
496 2333 700 2439 prouincie
728 2334 864 2413 multis
879 2337 1127 2444 temporibus
1140 2338 1320 2437 inoleuit‚
1349 2343 1460 2449 quod
1481 2345 1629 2425 cibaria
1640 2344 1883 2452 quandoque
1908 2345 2021 2448 pocius
2032 2341 2064 2419 ud

345 2439 662 2548 superfluitatem
682 2468 803 2552 quam
832 2444 883 2523 ad
909 2449 1181 2527 necessitatem
1210 2455 1249 2528 ssr
1278 2478 1501 2558 congruum
1528 2482 1641 2532 vsum
1670 2471 1814 2534 nature
1840 2454 1880 2532 in
1905 2450 2064 2529 refectoria

345 2549 687 2656 suffraganeorum
703 2567 931 2631 nostrorum
952 2552 1182 2662 frequenter
1197 2557 1306 2636 illata
1322 2587 1404 2638 non
1420 2559 1470 2639 ad
1491 2562 1600 2638 sinus
1615 2587 1839 2668 pauperum
1865 2587 1947 2637 cum
1970 2575 2062 2635 taneu

344 2661 455 2742 bona
480 2659 717 2738 clericorum
744 2687 966 2766 pauperum
981 2664 1131 2742 Christi
1143 2681 1237 2742 sunt
1257 2665 1328 2746 sed
1354 2665 1405 2746 ad
1429 2696 1564 2748 manus
1579 2696 1789 2748 cursorum
1818 2673 1855 2747 u
1883 2669 2061 2745 lectatorum

346 2767 492 2876 passim
534 2764 764 2846 offeruntur
803 2768 911 2848 vnde
952 2773 1192 2852 auctoritate
1219 2773 1338 2856 huius
1366 2778 1466 2854 sacri
1495 2777 1651 2856 consilii
1678 2776 1773 2854 talia
1813 2776 1896 2853 fieri
1926 2771 2060 2880 prohibe

346 2903 435 2955 mus
461 2890 677 2956 statuentes
704 2875 817 2984 quod
844 2876 1014 2984 quilibet
1041 2881 1383 2987 suffraganeorum
1398 2901 1627 2964 nostrorum
1642 2884 1791 2964 babeat
1805 2882 2060 2962 elemosinarim

346 2984 521 3063 iuratum
548 2985 620 3087 qui
661 2982 881 3089 fragmenta
923 2993 1055 3067 omnia
1083 2988 1287 3069 refectorii
1320 2995 1381 3070 sui
1416 2993 1524 3073 bona
1565 2993 1643 3072 fide
1684 2991 1849 3098 colligat
1881 2997 1917 3069 Su
1944 2989 2058 3070 collecta

347 3093 390 3170 in
417 3115 510 3168 vem
550 3115 773 3196 pauperum
813 3095 961 3175 Christi
1003 3099 1272 3178 conuertenda
1302 3128 1391 3178 cum
1420 3099 1485 3180 dei
1511 3104 1653 3180 timore
1682 3115 1903 3180 conseruet.

862 3290 926 3366 De
954 3289 1088 3368 ordine
1115 3294 1324 3368 sessionum
1358 3294 1596 3372 clericorum.

508 3421 614 3502 ⁴Cum
642 3421 691 3504 de
719 3428 816 3505 uiris
845 3427 1114 3507 ecclesiasticis
1157 3429 1304 3534 quibus
1339 3429 1554 3534 plurimum
1590 3429 1781 3532 expedire
1818 3429 2009 3508 dinoscitur
2032 3434 2059 3498 rt

347 3538 391 3617 in
419 3533 572 3613 cunctis
601 3534 756 3612 actibus
790 3536 874 3614 siue
900 3537 1063 3638 modum
1091 3535 1352 3644 ordinemque
1371 3551 1610 3617 conseruent
1637 3536 1754 3615 nobis
1785 3536 2059 3636 referunturque

347 3640 438 3724 illos
466 3640 830 3748 irreprehensibiles
856 3642 1033 3723 reddunt
1047 3661 1216 3752 paterno
1238 3644 1415 3725 dolemus
1431 3645 1576 3724 affectu
1605 3643 1655 3723 de
1683 3647 1862 3751 ipsorum
1886 3642 2059 3765 eruditione

348 3777 485 3833 curam
511 3775 648 3855 gerere
676 3750 858 3831 volumus
872 3753 1112 3859 pastoralem
1131 3756 1340 3833 Presertim
1367 3757 1410 3832 in
1423 3754 1499 3831 hiis
1526 3778 1604 3860 que
1618 3752 2058 3833 commocionisudsm·

348 3860 415 3942 die
442 3875 634 3966 generant
660 3859 910 3940 incenciuum
926 3863 1207 3939 contenciones
1230 3862 1425 3970 siquidem
1453 3859 1598 3939 diffusa
1627 3865 1879 3970 restringitur
1903 3856 2057 3938 caritas&

234 3959 237 3964 ¹
348 3969 446 4050 dum
485 3984 639 4050 artatur
682 3973 892 4051 contencio
920 3970 1063 4048 caritas
1093 3969 1280 4050 dilatat'ur
1308 3968 1511 4049 reddenda
1540 3985 1600 4046 est
1628 3971 1749 4075 igitur
1778 3967 1977 4050 concordia
2000 3985 2056 4040 cor

348 4076 467 4159 dibus
508 4078 743 4156 clericorum
785 4105 864 4184 quc
897 4104 1027 4184 penne
1068 4078 1251 4156 columbe
1301 4078 1559 4184 deargentate
1600 4079 1678 4158 sibi
1703 4084 1743 4156 dr
1771 4077 1933 4158 subditis
1957 4072 2057 4152 leucu

337 4184 558 4297 splendere
586 4191 626 4266 &
652 4187 815 4292 pacifice
829 4184 965 4265 sedere
992 4187 1035 4262 in
1049 4185 1318 4290 pulcritudine
1346 4189 1454 4292 pacis
1482 4189 1524 4264 in
1550 4186 1816 4266 tabernaculis
1842 4186 2057 4293 fiducieturu

350 4299 444 4406 quie
458 4295 648 4403 opulenta
662 4295 765 4373 Sane
780 4296 874 4374 licet
888 4294 940 4374 ad
954 4294 1079 4378 instar
1099 4294 1301 4397 gerarchie
1315 4295 1468 4374 celestis
1482 4297 1524 4372 in
1537 4323 1618 4401 qua
1633 4311 1728 4374 sunt
1741 4294 1871 4400 angeli
1884 4279 2056 4405 archangul

350 4408 517 4489 virtutes
541 4417 756 4512 potestates
774 4401 933 4482 ordines
947 4401 1178 4480 differentes
1206 4405 1311 4481 inter
1338 4405 1540 4482 ministros
1559 4401 1722 4481 ecclesie
1750 4403 1951 4483 militantis
1962 4391 2056 4476 sudu

350 4515 599 4620 pensacionis
627 4503 888 4618 promissione
914 4509 1145 4590 differentia
1159 4508 1359 4590 ordinum
1373 4517 1411 4592 8c
1431 4509 1626 4618 graduum
1641 4509 1952 4620 dignitatumque
1962 4500 2057 4627 debeat

353 4623 560 4704 obseruari
586 4637 630 4701 ut
644 4616 806 4728 quidum
821 4617 900 4697 sint
919 4619 1091 4700 minores
1105 4636 1149 4700 vt
1162 4619 1391 4724 pocioribus
1405 4618 1637 4726 impendant
1671 4620 1933 4698 reuerenciam
1946 4607 2058 4721 qudem

351 4755 449 4812 uero
482 4732 648 4809 maiores
688 4730 761 4838 qui
800 4725 1021 4805 minoribus
1062 4726 1314 4807 dilectionem
1355 4725 1587 4835 impendant
1626 4754 1709 4808 non
1749 4727 1852 4808 enim
1892 4726 1990 4804 aliter
2017 4736 2056 4789 ct·

350 4838 471 4926 closis
498 4835 713 4920 subsistere
740 4849 927 4943 poteraut
959 4834 1035 4914 nisi
1057 4832 1283 4920 huiusmodi
1310 4863 1476 4943 maguus
1503 4835 1736 4918 differeucie
1757 4833 1858 4916 ordo
1883 4836 2056 4916 seruaretul
