<?xml version="1.0" encoding="UTF-8"?>
<!DOCTYPE html PUBLIC "-//W3C//DTD XHTML 1.0 Transitional//EN"
    "http://www.w3.org/TR/xhtml1/DTD/xhtml1-transitional.dtd">
<html xmlns="http://www.w3.org/1999/xhtml" xml:lang="en" lang="en">
 <head>
  <title>
</title>
<meta http-equiv="Content-Type" content="text/html;charset=utf-8" />
  <meta name='ocr-system' content='tesseract 3.04.00' />
  <meta name='ocr-capabilities' content='ocr_page ocr_carea ocr_par ocr_line ocrx_word'/>
</head>
<body>
  <div class='ocr_page' id='page_1' title='image "./svensktdiplomat00swegoog_0111.png"; bbox 0 0 4370 5950; ppageno 0'>
   <div class='ocr_carea' id='block_1_1' title="bbox 0 4534 5 5926">
    <p class='ocr_par' dir='ltr' id='par_1_1' title="bbox 0 4534 5 5926">
     <span class='ocr_line' id='line_1_1' title="bbox 0 4534 5 5926; baseline 0 0"><span class='ocrx_word' id='word_1_1' title='bbox 0 4534 5 5926; x_wconf 95' lang='lat' dir='ltr'> </span> 
     </span>
    </p>
   </div>
   <div class='ocr_carea' id='block_1_2' title="bbox 977 333 982 372">
    <p class='ocr_par' dir='ltr' id='par_1_2' title="bbox 977 333 982 372">
     <span class='ocr_line' id='line_1_2' title="bbox 977 333 982 372; baseline 0 0"><span class='ocrx_word' id='word_1_2' title='bbox 977 333 982 372; x_wconf 87' lang='lat' dir='ltr'>l</span> 
     </span>
    </p>
   </div>
   <div class='ocr_carea' id='block_1_3' title="bbox 675 464 1205 580">
    <p class='ocr_par' dir='ltr' id='par_1_3' title="bbox 675 464 1205 580">
     <span class='ocr_line' id='line_1_3' title="bbox 675 464 1205 580; baseline -0.002 -110"><span class='ocrx_word' id='word_1_3' title='bbox 675 464 1205 580; x_wconf 40' lang='lat' dir='ltr'><em>...Q-</em></span> 
     </span>
    </p>
   </div>
   <div class='ocr_carea' id='block_1_4' title="bbox 106 691 1969 887">
    <p class='ocr_par' dir='ltr' id='par_1_4' title="bbox 106 691 1969 887">
     <span class='ocr_line' id='line_1_4' title="bbox 106 691 1969 887; baseline 0.004 -113"><span class='ocrx_word' id='word_1_4' title='bbox 106 719 226 887; x_wconf 60' lang='lat' dir='ltr'>pacm</span> <span class='ocrx_word' id='word_1_5' title='bbox 254 719 331 801; x_wconf 87' lang='lat' dir='ltr'>per</span> <span class='ocrx_word' id='word_1_6' title='bbox 359 691 629 801; x_wconf 82' lang='lat' dir='ltr'>Euangelium</span> <span class='ocrx_word' id='word_1_7' title='bbox 657 693 701 773; x_wconf 92' lang='lat' dir='ltr'>in</span> <span class='ocrx_word' id='word_1_8' title='bbox 731 691 896 774; x_wconf 86' lang='lat' dir='ltr'>Christo</span> <span class='ocrx_word' id='word_1_9' title='bbox 925 721 1013 806; x_wconf 84' lang='lat' dir='ltr'>ego</span> <span class='ocrx_word' id='word_1_10' title='bbox 1030 696 1154 804; x_wconf 83' lang='lat' dir='ltr'>genui</span> <span class='ocrx_word' id='word_1_11' title='bbox 1181 693 1443 794; x_wconf 86' lang='lat' dir='ltr'>monachum,</span> <span class='ocrx_word' id='word_1_12' title='bbox 1470 701 1511 779; x_wconf 89' lang='grc'>8(</span> <span class='ocrx_word' id='word_1_13' title='bbox 1539 722 1612 780; x_wconf 89' lang='lat' dir='ltr'>vos</span> <span class='ocrx_word' id='word_1_14' title='bbox 1641 698 1909 809; x_wconf 72' lang='lat' dir='ltr'>Episcopum,</span> <span class='ocrx_word' id='word_1_15' title='bbox 1967 734 1969 743; x_wconf 62' lang='grc'>’</span> 
     </span>
    </p>
   </div>
   <div class='ocr_carea' id='block_1_5' title="bbox 130 803 2155 926">
    <p class='ocr_par' dir='ltr' id='par_1_5' title="bbox 130 803 2155 926">
     <span class='ocr_line' id='line_1_5' title="bbox 130 803 2155 926; baseline 0.003 -41"><span class='ocrx_word' id='word_1_16' title='bbox 130 832 153 885; x_wconf 89' lang='lat' dir='ltr'>e</span> <span class='ocrx_word' id='word_1_17' title='bbox 188 804 586 912; x_wconf 83' lang='lat' dir='ltr'>magnificentissima</span> <span class='ocrx_word' id='word_1_18' title='bbox 622 803 868 886; x_wconf 82' lang='lat' dir='ltr'>liberalitate</span> <span class='ocrx_word' id='word_1_19' title='bbox 897 823 1032 886; x_wconf 86' lang='lat' dir='ltr'>vestra</span> <span class='ocrx_word' id='word_1_20' title='bbox 1068 807 1156 887; x_wconf 88' lang='lat' dir='ltr'>Deo</span> <span class='ocrx_word' id='word_1_21' title='bbox 1200 807 1352 915; x_wconf 81' lang='lat' dir='ltr'>gratias</span> <span class='ocrx_word' id='word_1_22' title='bbox 1395 809 1606 914; x_wconf 81' lang='lat' dir='ltr'>nobiscum</span> <span class='ocrx_word' id='word_1_23' title='bbox 1648 808 1795 907; x_wconf 84' lang='lat' dir='ltr'>refert,</span> <span class='ocrx_word' id='word_1_24' title='bbox 1839 840 1910 893; x_wconf 86' lang='lat' dir='ltr'>ex·</span> <span class='ocrx_word' id='word_1_25' title='bbox 2036 841 2038 844; x_wconf 88' lang='lat'>·</span> <span class='ocrx_word' id='word_1_26' title='bbox 2086 871 2092 882; x_wconf 86' lang='lat'><em>.</em></span> <span class='ocrx_word' id='word_1_27' title='bbox 2148 910 2155 926; x_wconf 34' lang='grc' dir='ltr'><strong><em>Ι</em></strong></span> 
     </span>
    </p>
   </div>
   <div class='ocr_carea' id='block_1_6' title="bbox 104 913 1911 1471">
    <p class='ocr_par' dir='ltr' id='par_1_6' title="bbox 104 913 1911 1471">
     <span class='ocr_line' id='line_1_6' title="bbox 106 913 1910 1026; baseline 0.005 -31"><span class='ocrx_word' id='word_1_28' title='bbox 106 943 262 1026; x_wconf 87' lang='lat' dir='ltr'>ponens</span> <span class='ocrx_word' id='word_1_29' title='bbox 291 913 404 1025; x_wconf 93' lang='lat' dir='ltr'>quod</span> <span class='ocrx_word' id='word_1_30' title='bbox 433 931 797 996; x_wconf 85' lang='lat' dir='ltr'>sustentamentum</span> <span class='ocrx_word' id='word_1_31' title='bbox 826 917 920 998; x_wconf 87' lang='lat' dir='ltr'>vitae</span> <span class='ocrx_word' id='word_1_32' title='bbox 949 925 988 999; x_wconf 99' lang='grc'>8(</span> <span class='ocrx_word' id='word_1_33' title='bbox 1017 919 1358 1026; x_wconf 84' lang='lat' dir='ltr'>peregrinationis</span> <span class='ocrx_word' id='word_1_34' title='bbox 1386 945 1467 998; x_wconf 87' lang='lat' dir='ltr'>suae</span> <span class='ocrx_word' id='word_1_35' title='bbox 1496 947 1567 1000; x_wconf 89' lang='lat' dir='ltr'>vos</span> <span class='ocrx_word' id='word_1_36' title='bbox 1595 919 1738 1017; x_wconf 87' lang='lat' dir='ltr'>habet,</span> <span class='ocrx_word' id='word_1_37' title='bbox 1754 929 1793 1003; x_wconf 92' lang='grc'>8(</span> <span class='ocrx_word' id='word_1_38' title='bbox 1807 949 1910 1004; x_wconf 89' lang='lat' dir='ltr'>sem·</span> 
     </span>
     <span class='ocr_line' id='line_1_7' title="bbox 106 1025 1911 1141; baseline 0.003 -33"><span class='ocrx_word' id='word_1_39' title='bbox 106 1056 178 1138; x_wconf 89' lang='lat' dir='ltr'>per</span> <span class='ocrx_word' id='word_1_40' title='bbox 205 1026 446 1110; x_wconf 90' lang='lat' dir='ltr'>habiturum</span> <span class='ocrx_word' id='word_1_41' title='bbox 475 1025 656 1108; x_wconf 90' lang='lat' dir='ltr'>confidit.</span> <span class='ocrx_word' id='word_1_42' title='bbox 715 1027 852 1123; x_wconf 87' lang='lat' dir='ltr'>Scitis,</span> <span class='ocrx_word' id='word_1_43' title='bbox 882 1030 1054 1108; x_wconf 88' lang='lat' dir='ltr'>Domine</span> <span class='ocrx_word' id='word_1_44' title='bbox 1085 1046 1233 1137; x_wconf 78' lang='lat' dir='ltr'>pater,</span> <span class='ocrx_word' id='word_1_45' title='bbox 1251 1057 1374 1141; x_wconf 89' lang='lat' dir='ltr'>quam</span> <span class='ocrx_word' id='word_1_46' title='bbox 1395 1029 1538 1110; x_wconf 90' lang='lat' dir='ltr'>duram</span> <span class='ocrx_word' id='word_1_47' title='bbox 1553 1034 1808 1140; x_wconf 87' lang='lat' dir='ltr'>prouinciam</span> <span class='ocrx_word' id='word_1_48' title='bbox 1823 1061 1911 1114; x_wconf 86' lang='lat' dir='ltr'>sor·</span> 
     </span>
     <span class='ocr_line' id='line_1_8' title="bbox 105 1131 1910 1250; baseline 0.004 -31"><span class='ocrx_word' id='word_1_49' title='bbox 105 1141 205 1220; x_wconf 89' lang='lat' dir='ltr'>titus</span> <span class='ocrx_word' id='word_1_50' title='bbox 219 1139 293 1237; x_wconf 91' lang='lat' dir='ltr'>sit,</span> <span class='ocrx_word' id='word_1_51' title='bbox 308 1136 476 1248; x_wconf 85' lang='lat' dir='ltr'>&amp;quod</span> <span class='ocrx_word' id='word_1_52' title='bbox 504 1138 678 1219; x_wconf 90' lang='lat' dir='ltr'>animam</span> <span class='ocrx_word' id='word_1_53' title='bbox 706 1166 820 1219; x_wconf 91' lang='lat' dir='ltr'>suam</span> <span class='ocrx_word' id='word_1_54' title='bbox 849 1140 892 1218; x_wconf 89' lang='lat' dir='ltr'>in</span> <span class='ocrx_word' id='word_1_55' title='bbox 922 1131 1108 1221; x_wconf 84' lang='lat' dir='ltr'>manibus</span> <span class='ocrx_word' id='word_1_56' title='bbox 1136 1143 1219 1221; x_wconf 91' lang='lat' dir='ltr'>suis</span> <span class='ocrx_word' id='word_1_57' title='bbox 1248 1142 1450 1250; x_wconf 83' lang='lat' dir='ltr'>posuerit,</span> <span class='ocrx_word' id='word_1_58' title='bbox 1465 1142 1603 1249; x_wconf 88' lang='lat' dir='ltr'>potius</span> <span class='ocrx_word' id='word_1_59' title='bbox 1621 1160 1793 1224; x_wconf 88' lang='lat' dir='ltr'>mortem</span> <span class='ocrx_word' id='word_1_60' title='bbox 1807 1173 1910 1226; x_wconf 86' lang='lat' dir='ltr'>sem-</span> 
     </span>
     <span class='ocr_line' id='line_1_9' title="bbox 104 1250 1909 1362; baseline 0.004 -32"><span class='ocrx_word' id='word_1_61' title='bbox 104 1279 178 1360; x_wconf 90' lang='lat' dir='ltr'>per</span> <span class='ocrx_word' id='word_1_62' title='bbox 193 1265 432 1359; x_wconf 86' lang='lat' dir='ltr'>expcctans,</span> <span class='ocrx_word' id='word_1_63' title='bbox 447 1277 571 1360; x_wconf 89' lang='lat' dir='ltr'>quam</span> <span class='ocrx_word' id='word_1_64' title='bbox 586 1250 749 1358; x_wconf 86' lang='lat' dir='ltr'>longam</span> <span class='ocrx_word' id='word_1_65' title='bbox 778 1251 915 1332; x_wconf 81' lang='lat' dir='ltr'>vitam.</span> <span class='ocrx_word' id='word_1_66' title='bbox 973 1251 1091 1331; x_wconf 89' lang='lat' dir='ltr'>Scitis</span> <span class='ocrx_word' id='word_1_67' title='bbox 1119 1253 1261 1348; x_wconf 90' lang='lat' dir='ltr'>ctiam,</span> <span class='ocrx_word' id='word_1_68' title='bbox 1289 1251 1387 1361; x_wconf 88' lang='lat' dir='ltr'>quia</span> <span class='ocrx_word' id='word_1_69' title='bbox 1416 1253 1488 1362; x_wconf 92' lang='lat' dir='ltr'>qui</span> <span class='ocrx_word' id='word_1_70' title='bbox 1516 1252 1760 1362; x_wconf 87' lang='lat' dir='ltr'>prophetam</span> <span class='ocrx_word' id='word_1_71' title='bbox 1775 1257 1818 1334; x_wconf 92' lang='lat' dir='ltr'>in</span> <span class='ocrx_word' id='word_1_72' title='bbox 1831 1279 1909 1338; x_wconf 89' lang='lat' dir='ltr'>no·</span> 
     </span>
     <span class='ocr_line' id='line_1_10' title="bbox 105 1359 1910 1471; baseline 0.003 -29"><span class='ocrx_word' id='word_1_73' title='bbox 105 1363 212 1442; x_wconf 91' lang='lat' dir='ltr'>mine</span> <span class='ocrx_word' id='word_1_74' title='bbox 254 1361 466 1470; x_wconf 84' lang='lat' dir='ltr'>prophetae</span> <span class='ocrx_word' id='word_1_75' title='bbox 494 1363 662 1470; x_wconf 84' lang='lat' dir='ltr'>recipit,</span> <span class='ocrx_word' id='word_1_76' title='bbox 692 1359 917 1443; x_wconf 85' lang='lat' dir='ltr'>mercedem</span> <span class='ocrx_word' id='word_1_77' title='bbox 946 1361 1157 1470; x_wconf 84' lang='lat' dir='ltr'>propbctae</span> <span class='ocrx_word' id='word_1_78' title='bbox 1185 1364 1341 1471; x_wconf 78' lang='lat' dir='ltr'>recipit.</span> <span class='ocrx_word' id='word_1_79' title='bbox 1400 1362 1519 1443; x_wconf 91' lang='lat' dir='ltr'>Vnde</span> <span class='ocrx_word' id='word_1_80' title='bbox 1546 1365 1788 1444; x_wconf 89' lang='lat' dir='ltr'>remittimus</span> <span class='ocrx_word' id='word_1_81' title='bbox 1817 1394 1910 1448; x_wconf 90' lang='lat' dir='ltr'>eum</span> 
     </span>
    </p>
   </div>
   <div class='ocr_carea' id='block_1_7' title="bbox 1 1466 2111 1584">
    <p class='ocr_par' dir='ltr' id='par_1_7' title="bbox 1 1466 2111 1584">
     <span class='ocr_line' id='line_1_11' title="bbox 1 1466 2111 1584; baseline -0 -29"><span class='ocrx_word' id='word_1_82' title='bbox 1 1517 2 1542; x_wconf 86' lang='lat'>÷</span> <span class='ocrx_word' id='word_1_83' title='bbox 105 1471 255 1570; x_wconf 82' lang='lat' dir='ltr'>advos,</span> <span class='ocrx_word' id='word_1_84' title='bbox 291 1477 331 1553; x_wconf 90' lang='grc'>8(</span> <span class='ocrx_word' id='word_1_85' title='bbox 359 1470 684 1553; x_wconf 88' lang='lat' dir='ltr'>commendamus</span> <span class='ocrx_word' id='word_1_86' title='bbox 713 1500 804 1552; x_wconf 90' lang='lat' dir='ltr'>eum</span> <span class='ocrx_word' id='word_1_87' title='bbox 834 1472 921 1552; x_wconf 89' lang='lat' dir='ltr'>Deo</span> <span class='ocrx_word' id='word_1_88' title='bbox 950 1480 989 1554; x_wconf 99' lang='grc'>8(</span> <span class='ocrx_word' id='word_1_89' title='bbox 1016 1472 1144 1554; x_wconf 85' lang='lat' dir='ltr'>vohis.</span> <span class='ocrx_word' id='word_1_90' title='bbox 1202 1475 1456 1556; x_wconf 89' lang='lat' dir='ltr'>Retinuimus</span> <span class='ocrx_word' id='word_1_91' title='bbox 1485 1503 1577 1556; x_wconf 91' lang='lat' dir='ltr'>eum</span> <span class='ocrx_word' id='word_1_92' title='bbox 1605 1473 1804 1584; x_wconf 89' lang='lat' dir='ltr'>siquidem</span> <span class='ocrx_word' id='word_1_93' title='bbox 1825 1505 1908 1557; x_wconf 87' lang='lat' dir='ltr'>ma·</span> <span class='ocrx_word' id='word_1_94' title='bbox 2044 1501 2054 1518; x_wconf 56' lang='lat'><strong>⁸</strong></span> <span class='ocrx_word' id='word_1_95' title='bbox 2105 1466 2111 1478; x_wconf 72' lang='grc'><em>’</em></span> 
     </span>
    </p>
   </div>
   <div class='ocr_carea' id='block_1_8' title="bbox 1 1578 2039 2475">
    <p class='ocr_par' dir='ltr' id='par_1_8' title="bbox 1 1578 1972 2262">
     <span class='ocr_line' id='line_1_12' title="bbox 106 1578 1910 1694; baseline 0.004 -31"><span class='ocrx_word' id='word_1_96' title='bbox 106 1584 144 1664; x_wconf 95' lang='lat' dir='ltr'>lo</span> <span class='ocrx_word' id='word_1_97' title='bbox 179 1578 382 1692; x_wconf 81' lang='lat' dir='ltr'>tempore,</span> <span class='ocrx_word' id='word_1_98' title='bbox 411 1583 656 1663; x_wconf 90' lang='lat' dir='ltr'>remittimus</span> <span class='ocrx_word' id='word_1_99' title='bbox 684 1599 819 1662; x_wconf 87' lang='lat' dir='ltr'>autem</span> <span class='ocrx_word' id='word_1_100' title='bbox 848 1583 959 1664; x_wconf 93' lang='lat' dir='ltr'>bono</span> <span class='ocrx_word' id='word_1_101' title='bbox 988 1591 1027 1665; x_wconf 89' lang='lat'>&amp;</span> <span class='ocrx_word' id='word_1_102' title='bbox 1055 1613 1260 1694; x_wconf 87' lang='lat' dir='ltr'>congru0,</span> <span class='ocrx_word' id='word_1_103' title='bbox 1289 1601 1334 1666; x_wconf 83' lang='lat' dir='ltr'>vt</span> <span class='ocrx_word' id='word_1_104' title='bbox 1361 1587 1497 1666; x_wconf 89' lang='lat' dir='ltr'>visitet</span> <span class='ocrx_word' id='word_1_105' title='bbox 1532 1613 1718 1682; x_wconf 88' lang='lat' dir='ltr'>messem,</span> <span class='ocrx_word' id='word_1_106' title='bbox 1770 1603 1910 1670; x_wconf 78' lang='lat' dir='ltr'>utrum</span> 
     </span>
     <span class='ocr_line' id='line_1_13' title="bbox 105 1690 1965 1806; baseline 0.002 -30"><span class='ocrx_word' id='word_1_107' title='bbox 105 1712 263 1776; x_wconf 87' lang='lat' dir='ltr'>matura</span> <span class='ocrx_word' id='word_1_108' title='bbox 291 1695 344 1774; x_wconf 92' lang='lat' dir='ltr'>sit</span> <span class='ocrx_word' id='word_1_109' title='bbox 371 1690 425 1774; x_wconf 89' lang='lat' dir='ltr'>ad</span> <span class='ocrx_word' id='word_1_110' title='bbox 454 1694 705 1788; x_wconf 88' lang='lat' dir='ltr'>metendum,</span> <span class='ocrx_word' id='word_1_111' title='bbox 741 1721 795 1772; x_wconf 91' lang='lat' dir='ltr'>an</span> <span class='ocrx_word' id='word_1_112' title='bbox 824 1695 1036 1774; x_wconf 86' lang='lat' dir='ltr'>irnmatura</span> <span class='ocrx_word' id='word_1_113' title='bbox 1074 1695 1127 1777; x_wconf 89' lang='lat' dir='ltr'>ad</span> <span class='ocrx_word' id='word_1_114' title='bbox 1161 1693 1443 1777; x_wconf 88' lang='lat' dir='ltr'>laborandum.</span> <span class='ocrx_word' id='word_1_115' title='bbox 1507 1697 1672 1802; x_wconf 85' lang='lat' dir='ltr'>Manum</span> <span class='ocrx_word' id='word_1_116' title='bbox 1699 1692 1908 1806; x_wconf 59' lang='lat' dir='ltr'>&#39;siquidem</span> <span class='ocrx_word' id='word_1_117' title='bbox 1961 1733 1965 1746; x_wconf 66' lang='lat'><strong><em>¹</em></strong></span> 
     </span>
     <span class='ocr_line' id='line_1_14' title="bbox 1 1799 1910 1915; baseline 0.002 -26"><span class='ocrx_word' id='word_1_118' title='bbox 1 1821 2 1824; x_wconf 75' lang='grc'>’</span> <span class='ocrx_word' id='word_1_119' title='bbox 104 1809 211 1889; x_wconf 88' lang='lat' dir='ltr'>misit</span> <span class='ocrx_word' id='word_1_120' title='bbox 261 1803 314 1886; x_wconf 90' lang='lat' dir='ltr'>ad</span> <span class='ocrx_word' id='word_1_121' title='bbox 350 1820 531 1885; x_wconf 88' lang='lat' dir='ltr'>aratrum</span> <span class='ocrx_word' id='word_1_122' title='bbox 574 1835 653 1915; x_wconf 89' lang='lat' dir='ltr'>ope</span> <span class='ocrx_word' id='word_1_123' title='bbox 694 1799 836 1886; x_wconf 85' lang='lat' dir='ltr'>vestra&#39;</span> <span class='ocrx_word' id='word_1_124' title='bbox 858 1811 897 1886; x_wconf 92' lang='grc'>8(</span> <span class='ocrx_word' id='word_1_125' title='bbox 939 1834 1082 1914; x_wconf 87' lang='lat' dir='ltr'>opere,</span> <span class='ocrx_word' id='word_1_126' title='bbox 1112 1805 1164 1888; x_wconf 89' lang='lat' dir='ltr'>ad</span> <span class='ocrx_word' id='word_1_127' title='bbox 1194 1809 1542 1890; x_wconf 87' lang='lat' dir='ltr'>Christianitatem</span> <span class='ocrx_word' id='word_1_128' title='bbox 1571 1806 1910 1912; x_wconf 61' lang='lat' dir='ltr'>dilatandam&amp;</span> 
     </span>
     <span class='ocr_line' id='line_1_15' title="bbox 1 1909 1909 2030; baseline 0.008 -40"><span class='ocrx_word' id='word_1_129' title='bbox 1 1909 2 1990; x_wconf 70' lang='lat' dir='ltr'>T</span> <span class='ocrx_word' id='word_1_130' title='bbox 104 1917 250 1998; x_wconf 88' lang='lat' dir='ltr'>horrea</span> <span class='ocrx_word' id='word_1_131' title='bbox 281 1917 356 1998; x_wconf 90' lang='lat' dir='ltr'>Dei</span> <span class='ocrx_word' id='word_1_132' title='bbox 384 1915 573 1995; x_wconf 83' lang='lat' dir='ltr'>fertiliori</span> <span class='ocrx_word' id='word_1_133' title='bbox 601 1931 736 2026; x_wconf 82' lang='lat' dir='ltr'>segete</span> <span class='ocrx_word' id='word_1_134' title='bbox 765 1914 982 2022; x_wconf 87' lang='lat' dir='ltr'>implenda.</span> <span class='ocrx_word' id='word_1_135' title='bbox 1040 1919 1229 1998; x_wconf 91' lang='lat' dir='ltr'>Vestrum</span> <span class='ocrx_word' id='word_1_136' title='bbox 1258 1921 1384 2016; x_wconf 89' lang='lat' dir='ltr'>enim,</span> <span class='ocrx_word' id='word_1_137' title='bbox 1413 1936 1593 2000; x_wconf 87' lang='lat' dir='ltr'>vestrum</span> <span class='ocrx_word' id='word_1_138' title='bbox 1620 1934 1693 2014; x_wconf 89' lang='lat' dir='ltr'>est,</span> <span class='ocrx_word' id='word_1_139' title='bbox 1709 1919 1909 2030; x_wconf 86' lang='lat' dir='ltr'>quioquid</span> 
     </span>
     <span class='ocr_line' id='line_1_16' title="bbox 1 2017 1921 2140; baseline 0.001 -30"><span class='ocrx_word' id='word_1_140' title='bbox 1 2069 4 2120; x_wconf 72' lang='lat' dir='ltr'>r</span> <span class='ocrx_word' id='word_1_141' title='bbox 105 2029 346 2110; x_wconf 88' lang='lat' dir='ltr'>incrementi</span> <span class='ocrx_word' id='word_1_142' title='bbox 374 2029 614 2137; x_wconf 87' lang='lat' dir='ltr'>prouenerit</span> <span class='ocrx_word' id='word_1_143' title='bbox 657 2054 708 2107; x_wconf 88' lang='lat' dir='ltr'>ex</span> <span class='ocrx_word' id='word_1_144' title='bbox 751 2024 892 2106; x_wconf 86' lang='lat' dir='ltr'>labore</span> <span class='ocrx_word' id='word_1_145' title='bbox 935 2029 1081 2137; x_wconf 91' lang='lat' dir='ltr'>ipsius,</span> <span class='ocrx_word' id='word_1_146' title='bbox 1118 2031 1214 2140; x_wconf 89' lang='lat' dir='ltr'>quia</span> <span class='ocrx_word' id='word_1_147' title='bbox 1244 2017 1283 2110; x_wconf 75' lang='grc'>8(</span> <span class='ocrx_word' id='word_1_148' title='bbox 1312 2028 1362 2111; x_wconf 93' lang='lat' dir='ltr'>de</span> <span class='ocrx_word' id='word_1_149' title='bbox 1391 2045 1528 2110; x_wconf 87' lang='lat' dir='ltr'>vestro</span> <span class='ocrx_word' id='word_1_150' title='bbox 1555 2031 1680 2125; x_wconf 84' lang='lat' dir='ltr'>viuit,</span> <span class='ocrx_word' id='word_1_151' title='bbox 1709 2048 1921 2140; x_wconf 87' lang='lat' dir='ltr'>tanquam</span> 
     </span>
     <span class='ocr_line' id='line_1_17' title="bbox 104 2134 1972 2262; baseline 0.002 -40"><span class='ocrx_word' id='word_1_152' title='bbox 104 2141 315 2249; x_wconf 82' lang='lat' dir='ltr'>operarius</span> <span class='ocrx_word' id='word_1_153' title='bbox 331 2139 461 2218; x_wconf 87' lang='lat' dir='ltr'>Dei&amp;</span> <span class='ocrx_word' id='word_1_154' title='bbox 487 2157 631 2218; x_wconf 87' lang='lat' dir='ltr'>vester:</span> <span class='ocrx_word' id='word_1_155' title='bbox 662 2145 701 2218; x_wconf 92' lang='grc'>8(</span> <span class='ocrx_word' id='word_1_156' title='bbox 728 2134 782 2218; x_wconf 90' lang='lat' dir='ltr'>ad</span> <span class='ocrx_word' id='word_1_157' title='bbox 811 2137 983 2246; x_wconf 85' lang='lat' dir='ltr'>gloriam</span> <span class='ocrx_word' id='word_1_158' title='bbox 1010 2158 1186 2221; x_wconf 86' lang='lat' dir='ltr'>vestram</span> <span class='ocrx_word' id='word_1_159' title='bbox 1215 2142 1381 2249; x_wconf 88' lang='lat' dir='ltr'>respicit</span> <span class='ocrx_word' id='word_1_160' title='bbox 1409 2158 1532 2254; x_wconf 88' lang='lat' dir='ltr'>atque</span> <span class='ocrx_word' id='word_1_161' title='bbox 1553 2168 1758 2237; x_wconf 90' lang='lat' dir='ltr'>coronam,</span> <span class='ocrx_word' id='word_1_162' title='bbox 1774 2141 1907 2262; x_wconf 59' lang='lat' dir='ltr'>qmdae</span> <span class='ocrx_word' id='word_1_163' title='bbox 1963 2181 1972 2198; x_wconf 60' lang='lat'><em>2</em></span> 
     </span>
    </p>

    <p class='ocr_par' dir='ltr' id='par_1_9' title="bbox 104 2242 2039 2475">
     <span class='ocr_line' id='line_1_18' title="bbox 104 2242 2039 2367; baseline 0 -31"><span class='ocrx_word' id='word_1_164' title='bbox 104 2279 276 2362; x_wconf 85' lang='lat' dir='ltr'>cumque</span> <span class='ocrx_word' id='word_1_165' title='bbox 321 2248 486 2328; x_wconf 76' lang='lat' dir='ltr'>Christo</span> <span class='ocrx_word' id='word_1_166' title='bbox 529 2251 740 2360; x_wconf 79' lang='lat' dir='ltr'>acquirere</span> <span class='ocrx_word' id='word_1_167' title='bbox 782 2251 975 2355; x_wconf 75' lang='lat' dir='ltr'>potuerit,</span> <span class='ocrx_word' id='word_1_168' title='bbox 1041 2253 1135 2338; x_wconf 90' lang='lat' dir='ltr'>Non</span> <span class='ocrx_word' id='word_1_169' title='bbox 1169 2252 1297 2367; x_wconf 84' lang='lat' dir='ltr'>igitur</span> <span class='ocrx_word' id='word_1_170' title='bbox 1332 2250 1610 2335; x_wconf 87' lang='lat' dir='ltr'>obturandum</span> <span class='ocrx_word' id='word_1_171' title='bbox 1645 2269 1706 2334; x_wconf 90' lang='lat' dir='ltr'>est</span> <span class='ocrx_word' id='word_1_172' title='bbox 1733 2281 1778 2334; x_wconf 91' lang='lat' dir='ltr'>os</span> <span class='ocrx_word' id='word_1_173' title='bbox 1806 2242 1907 2360; x_wconf 81' lang='lat' dir='ltr'>boui</span> <span class='ocrx_word' id='word_1_174' title='bbox 1971 2283 1987 2326; x_wconf 69' lang='lat' dir='ltr'>s·</span> <span class='ocrx_word' id='word_1_175' title='bbox 2034 2301 2039 2336; x_wconf 83' lang='lat'>÷</span> 
     </span>
     <span class='ocr_line' id='line_1_19' title="bbox 106 2359 1750 2475; baseline -0.002 -33"><span class='ocrx_word' id='word_1_176' title='bbox 106 2361 336 2459; x_wconf 89' lang='lat' dir='ltr'>trituranti,</span> <span class='ocrx_word' id='word_1_177' title='bbox 366 2387 500 2474; x_wconf 89' lang='lat' dir='ltr'>neque</span> <span class='ocrx_word' id='word_1_178' title='bbox 529 2361 646 2475; x_wconf 88' lang='lat' dir='ltr'>palea</span> <span class='ocrx_word' id='word_1_179' title='bbox 675 2359 963 2462; x_wconf 84' lang='lat' dir='ltr'>subtrahenda.</span> <span class='ocrx_word' id='word_1_180' title='bbox 1080 2403 1086 2411; x_wconf 92' lang='lat'><em>·</em></span> <span class='ocrx_word' id='word_1_181' title='bbox 1339 2369 1343 2382; x_wconf 82' lang='grc'><strong>“</strong></span> <span class='ocrx_word' id='word_1_182' title='bbox 1743 2371 1750 2379; x_wconf 82' lang='grc'><strong>’</strong></span> 
     </span>
    </p>
   </div>
   <div class='ocr_carea' id='block_1_9' title="bbox 2 2684 1251 2906">
    <p class='ocr_par' dir='ltr' id='par_1_10' title="bbox 2 2684 1251 2906">
     <span class='ocr_line' id='line_1_20' title="bbox 2 2684 1251 2906; baseline 0.005 -46"><span class='ocrx_word' id='word_1_183' title='bbox 2 2750 3 2756; x_wconf 27' lang='lat'>¹</span> <span class='ocrx_word' id='word_1_184' title='bbox 107 2757 197 2885; x_wconf 72' lang='grc'>46.</span> <span class='ocrx_word' id='word_1_185' title='bbox 790 2684 1251 2906; x_wconf 71' lang='grc' dir='ltr'>((62----(Ι78.Ι</span> 
     </span>
    </p>
   </div>
   <div class='ocr_carea' id='block_1_10' title="bbox 185 2925 1904 3146">
    <p class='ocr_par' dir='ltr' id='par_1_11' title="bbox 185 2925 1904 3146">
     <span class='ocr_line' id='line_1_21' title="bbox 185 2925 1904 3066; baseline 0.002 -26"><span class='ocrx_word' id='word_1_186' title='bbox 185 2976 293 3040; x_wconf 81' lang='lat' dir='ltr'>Abbot</span> <span class='ocrx_word' id='word_1_187' title='bbox 321 2976 441 3039; x_wconf 83' lang='lat' dir='ltr'>Psrsss</span> <span class='ocrx_word' id='word_1_188' title='bbox 463 2925 474 3037; x_wconf 90' lang='lat' dir='ltr'>i</span> <span class='ocrx_word' id='word_1_189' title='bbox 506 2971 596 3036; x_wconf 80' lang='lat' dir='ltr'>Remi</span> <span class='ocrx_word' id='word_1_190' title='bbox 615 2976 779 3040; x_wconf 82' lang='lat' dir='ltr'>skrisvelse</span> <span class='ocrx_word' id='word_1_191' title='bbox 808 2978 859 3040; x_wconf 90' lang='lat' dir='ltr'>till</span> <span class='ocrx_word' id='word_1_192' title='bbox 880 2971 1179 3044; x_wconf 71' lang='lat' dir='ltr'>lake-Bish&#39;Esam</span> <span class='ocrx_word' id='word_1_193' title='bbox 1201 2985 1212 3042; x_wconf 90' lang='lat' dir='ltr'>i</span> <span class='ocrx_word' id='word_1_194' title='bbox 1234 2979 1339 3059; x_wconf 89' lang='lat' dir='ltr'>Lund‚</span> <span class='ocrx_word' id='word_1_195' title='bbox 1360 2975 1556 3044; x_wconf 79' lang='lat' dir='ltr'>betrtffande</span> <span class='ocrx_word' id='word_1_196' title='bbox 1576 2975 1904 3066; x_wconf 67' lang='lat' dir='ltr'>brie-Bislopensut-</span> 
     </span>
     <span class='ocr_line' id='line_1_22' title="bbox 224 3057 818 3146; baseline 0.003 -24"><span class='ocrx_word' id='word_1_197' title='bbox 224 3057 357 3122; x_wconf 66' lang='lat' dir='ltr'>standua</span> <span class='ocrx_word' id='word_1_198' title='bbox 378 3059 465 3124; x_wconf 79' lang='lat' dir='ltr'>saror</span> <span class='ocrx_word' id='word_1_199' title='bbox 485 3058 536 3121; x_wconf 88' lang='lat' dir='ltr'>till</span> <span class='ocrx_word' id='word_1_200' title='bbox 559 3058 646 3121; x_wconf 84' lang='lat' dir='ltr'>lands</span> <span class='ocrx_word' id='word_1_201' title='bbox 668 3059 728 3122; x_wconf 88' lang='lat' dir='ltr'>och</span> <span class='ocrx_word' id='word_1_202' title='bbox 749 3063 818 3146; x_wconf 81' lang='lat' dir='ltr'>sjiis.</span> 
     </span>
    </p>
   </div>
   <div class='ocr_carea' id='block_1_11' title="bbox 1413 3175 1862 3245">
    <p class='ocr_par' dir='ltr' id='par_1_12' title="bbox 1413 3175 1862 3245">
     <span class='ocr_line' id='line_1_23' title="bbox 1413 3175 1862 3245; baseline 0.007 -16"><span class='ocrx_word' id='word_1_203' title='bbox 1413 3175 1767 3245; x_wconf 44' lang='lat' dir='ltr'>Lucaniacum&amp;</span> <span class='ocrx_word' id='word_1_204' title='bbox 1858 3217 1862 3236; x_wconf 82' lang='grc'><em>.</em></span> 
     </span>
    </p>
   </div>
   <div class='ocr_carea' id='block_1_12' title="bbox 697 3311 1312 3428">
    <p class='ocr_par' dir='ltr' id='par_1_13' title="bbox 697 3311 1312 3428">
     <span class='ocr_line' id='line_1_24' title="bbox 697 3311 1312 3428; baseline 0.005 -36"><span class='ocrx_word' id='word_1_205' title='bbox 697 3311 747 3396; x_wconf 88' lang='grc' dir='ltr'>Ε.</span> <span class='ocrx_word' id='word_1_206' title='bbox 777 3313 974 3394; x_wconf 65' lang='lat' dir='ltr'>tondent</span> <span class='ocrx_word' id='word_1_207' title='bbox 998 3315 1312 3428; x_wconf 79' lang='lat' dir='ltr'>Arclciepiscopo.</span> 
     </span>
    </p>
   </div>
   <div class='ocr_carea' id='block_1_13' title="bbox 2 3447 2015 4790">
    <p class='ocr_par' dir='ltr' id='par_1_14' title="bbox 2 3447 2015 4790">
     <span class='ocr_line' id='line_1_25' title="bbox 108 3447 1903 3566; baseline 0.002 -32"><span class='ocrx_word' id='word_1_208' title='bbox 108 3527 111 3534; x_wconf 84' lang='lat'><strong>.</strong></span> <span class='ocrx_word' id='word_1_209' title='bbox 267 3454 477 3536; x_wconf 90' lang='lat' dir='ltr'>Vacillans</span> <span class='ocrx_word' id='word_1_210' title='bbox 507 3455 775 3537; x_wconf 86' lang='lat' dir='ltr'>fluctuatione</span> <span class='ocrx_word' id='word_1_211' title='bbox 804 3447 918 3537; x_wconf 53' lang='lat' dir='ltr'>inter*</span> <span class='ocrx_word' id='word_1_212' title='bbox 939 3484 1053 3566; x_wconf 89' lang='lat' dir='ltr'>spem</span> <span class='ocrx_word' id='word_1_213' title='bbox 1080 3465 1120 3540; x_wconf 91' lang='grc'>8(</span> <span class='ocrx_word' id='word_1_214' title='bbox 1141 3457 1495 3553; x_wconf 86' lang='lat' dir='ltr'>deliberationem,</span> <span class='ocrx_word' id='word_1_215' title='bbox 1511 3457 1617 3538; x_wconf 88' lang='lat' dir='ltr'>vltra</span> <span class='ocrx_word' id='word_1_216' title='bbox 1632 3485 1674 3550; x_wconf 90' lang='lat' dir='ltr'>se</span> <span class='ocrx_word' id='word_1_217' title='bbox 1695 3458 1805 3537; x_wconf 87' lang='lat' dir='ltr'>intra</span> <span class='ocrx_word' id='word_1_218' title='bbox 1819 3481 1903 3538; x_wconf 82' lang='lat' dir='ltr'>me·</span> 
     </span>
     <span class='ocr_line' id='line_1_26' title="bbox 101 3565 1902 3678; baseline -0.002 -28"><span class='ocrx_word' id='word_1_219' title='bbox 101 3587 163 3650; x_wconf 88' lang='lat' dir='ltr'>tas</span> <span class='ocrx_word' id='word_1_220' title='bbox 190 3569 400 3678; x_wconf 85' lang='lat' dir='ltr'>patientiae</span> <span class='ocrx_word' id='word_1_221' title='bbox 427 3595 513 3648; x_wconf 87' lang='lat' dir='ltr'>non</span> <span class='ocrx_word' id='word_1_222' title='bbox 542 3569 677 3676; x_wconf 91' lang='lat' dir='ltr'>potuit</span> <span class='ocrx_word' id='word_1_223' title='bbox 706 3568 917 3648; x_wconf 89' lang='lat' dir='ltr'>continere</span> <span class='ocrx_word' id='word_1_224' title='bbox 944 3595 1064 3648; x_wconf 87' lang='lat' dir='ltr'>verus</span> <span class='ocrx_word' id='word_1_225' title='bbox 1093 3571 1277 3651; x_wconf 86' lang='lat' dir='ltr'>amicitiae</span> <span class='ocrx_word' id='word_1_226' title='bbox 1305 3567 1489 3652; x_wconf 87' lang='lat' dir='ltr'>affectus.</span> <span class='ocrx_word' id='word_1_227' title='bbox 1558 3565 1768 3649; x_wconf 89' lang='lat' dir='ltr'>Suadebat</span> <span class='ocrx_word' id='word_1_228' title='bbox 1810 3592 1902 3675; x_wconf 88' lang='lat' dir='ltr'>spes</span> 
     </span>
     <span class='ocr_line' id='line_1_27' title="bbox 100 3677 1901 3791; baseline -0.002 -31"><span class='ocrx_word' id='word_1_229' title='bbox 100 3679 305 3791; x_wconf 91' lang='lat' dir='ltr'>quotidie,</span> <span class='ocrx_word' id='word_1_230' title='bbox 335 3677 688 3788; x_wconf 82' lang='lat' dir='ltr'>diligentissimum</span> <span class='ocrx_word' id='word_1_231' title='bbox 717 3685 755 3759; x_wconf 91' lang='grc'>8(</span> <span class='ocrx_word' id='word_1_232' title='bbox 784 3677 1084 3759; x_wconf 89' lang='lat' dir='ltr'>dilectissimum</span> <span class='ocrx_word' id='word_1_233' title='bbox 1114 3679 1324 3762; x_wconf 87' lang='lat' dir='ltr'>dominum</span> <span class='ocrx_word' id='word_1_234' title='bbox 1352 3686 1391 3761; x_wconf 92' lang='grc'>8(</span> <span class='ocrx_word' id='word_1_235' title='bbox 1420 3679 1592 3760; x_wconf 81' lang='lat' dir='ltr'>audeam</span> <span class='ocrx_word' id='word_1_236' title='bbox 1612 3695 1763 3761; x_wconf 88' lang='lat' dir='ltr'>statum</span> <span class='ocrx_word' id='word_1_237' title='bbox 1782 3703 1901 3760; x_wconf 86' lang='lat' dir='ltr'>suum</span> 
     </span>
     <span class='ocr_line' id='line_1_28' title="bbox 3 3787 1901 3902; baseline -0.004 -30"><span class='ocrx_word' id='word_1_238' title='bbox 3 3834 5 3854; x_wconf 48' lang='lat' dir='ltr'>r</span> <span class='ocrx_word' id='word_1_239' title='bbox 101 3792 449 3872; x_wconf 89' lang='lat' dir='ltr'>renunciaturum.</span> <span class='ocrx_word' id='word_1_240' title='bbox 487 3790 671 3898; x_wconf 84' lang='lat' dir='ltr'>Vrgebat</span> <span class='ocrx_word' id='word_1_241' title='bbox 701 3787 961 3885; x_wconf 86' lang='lat' dir='ltr'>deliberatio,</span> <span class='ocrx_word' id='word_1_242' title='bbox 997 3790 1055 3869; x_wconf 92' lang='lat' dir='ltr'>nil</span> <span class='ocrx_word' id='word_1_243' title='bbox 1086 3788 1383 3876; x_wconf 89' lang='lat' dir='ltr'>immorandum</span> <span class='ocrx_word' id='word_1_244' title='bbox 1412 3789 1465 3871; x_wconf 92' lang='lat' dir='ltr'>ad</span> <span class='ocrx_word' id='word_1_245' title='bbox 1493 3787 1753 3902; x_wconf 84' lang='lat' dir='ltr'>quaerendam</span> <span class='ocrx_word' id='word_1_246' title='bbox 1781 3787 1901 3870; x_wconf 88' lang='lat' dir='ltr'>certi·</span> 
     </span>
     <span class='ocr_line' id='line_1_29' title="bbox 3 3898 1900 4014; baseline -0.003 -32"><span class='ocrx_word' id='word_1_247' title='bbox 3 3946 7 3959; x_wconf 93' lang='lat'>·</span> <span class='ocrx_word' id='word_1_248' title='bbox 99 3901 287 3984; x_wconf 91' lang='lat' dir='ltr'>tudinem</span> <span class='ocrx_word' id='word_1_249' title='bbox 316 3898 368 3982; x_wconf 91' lang='lat' dir='ltr'>dc</span> <span class='ocrx_word' id='word_1_250' title='bbox 395 3900 685 3982; x_wconf 88' lang='lat' dir='ltr'>incertitudine</span> <span class='ocrx_word' id='word_1_251' title='bbox 714 3899 876 3982; x_wconf 89' lang='lat' dir='ltr'>aduersi</span> <span class='ocrx_word' id='word_1_252' title='bbox 904 3927 1038 3997; x_wconf 91' lang='lat' dir='ltr'>casus,</span> <span class='ocrx_word' id='word_1_253' title='bbox 1082 3905 1154 4014; x_wconf 91' lang='lat' dir='ltr'>qui</span> <span class='ocrx_word' id='word_1_254' title='bbox 1197 3901 1411 3985; x_wconf 85' lang='lat' dir='ltr'>dicebatur</span> <span class='ocrx_word' id='word_1_255' title='bbox 1451 3902 1698 4011; x_wconf 88' lang='lat' dir='ltr'>oppressisse</span> <span class='ocrx_word' id='word_1_256' title='bbox 1740 3914 1900 3979; x_wconf 87' lang='lat' dir='ltr'>tantum</span> 
     </span>
     <span class='ocr_line' id='line_1_30' title="bbox 4 4010 1898 4123; baseline -0.005 -28"><span class='ocrx_word' id='word_1_257' title='bbox 4 4014 5 4020; x_wconf 54' lang='lat'>‘</span> <span class='ocrx_word' id='word_1_258' title='bbox 102 4013 323 4096; x_wconf 87' lang='lat' dir='ltr'>dominum.</span> <span class='ocrx_word' id='word_1_259' title='bbox 380 4013 437 4102; x_wconf 84' lang='lat' dir='ltr'>¹ln</span> <span class='ocrx_word' id='word_1_260' title='bbox 471 4013 534 4092; x_wconf 88' lang='lat' dir='ltr'>his</span> <span class='ocrx_word' id='word_1_261' title='bbox 568 4012 705 4123; x_wconf 87' lang='lat' dir='ltr'>itaque</span> <span class='ocrx_word' id='word_1_262' title='bbox 740 4011 930 4122; x_wconf 89' lang='lat' dir='ltr'>procellis</span> <span class='ocrx_word' id='word_1_263' title='bbox 958 4039 1084 4123; x_wconf 90' lang='lat' dir='ltr'>vsque</span> <span class='ocrx_word' id='word_1_264' title='bbox 1114 4012 1166 4095; x_wconf 91' lang='lat' dir='ltr'>ad</span> <span class='ocrx_word' id='word_1_265' title='bbox 1195 4012 1472 4096; x_wconf 89' lang='lat' dir='ltr'>lassitudinem</span> <span class='ocrx_word' id='word_1_266' title='bbox 1501 4014 1637 4096; x_wconf 90' lang='lat' dir='ltr'>animo</span> <span class='ocrx_word' id='word_1_267' title='bbox 1667 4010 1898 4106; x_wconf 77' lang='lat' dir='ltr'>laborante,</span> 
     </span>
     <span class='ocr_line' id='line_1_31' title="bbox 102 4118 1898 4233; baseline -0.004 -27"><span class='ocrx_word' id='word_1_268' title='bbox 102 4132 145 4206; x_wconf 87' lang='lat'>&amp;</span> <span class='ocrx_word' id='word_1_269' title='bbox 181 4123 334 4206; x_wconf 91' lang='lat' dir='ltr'>diutius</span> <span class='ocrx_word' id='word_1_270' title='bbox 361 4141 557 4232; x_wconf 89' lang='lat' dir='ltr'>pensante</span> <span class='ocrx_word' id='word_1_271' title='bbox 585 4119 810 4233; x_wconf 90' lang='lat' dir='ltr'>quidinde</span> <span class='ocrx_word' id='word_1_272' title='bbox 845 4123 982 4232; x_wconf 92' lang='lat' dir='ltr'>potius</span> <span class='ocrx_word' id='word_1_273' title='bbox 1010 4139 1113 4203; x_wconf 90' lang='lat' dir='ltr'>esset</span> <span class='ocrx_word' id='word_1_274' title='bbox 1127 4122 1374 4233; x_wconf 85' lang='lat' dir='ltr'>eligendum,</span> <span class='ocrx_word' id='word_1_275' title='bbox 1402 4125 1699 4206; x_wconf 88' lang='lat' dir='ltr'>communicato</span> <span class='ocrx_word' id='word_1_276' title='bbox 1727 4118 1898 4204; x_wconf 89' lang='lat' dir='ltr'>consilio</span> 
     </span>
     <span class='ocr_line' id='line_1_32' title="bbox 101 4230 1898 4344; baseline -0.003 -28"><span class='ocrx_word' id='word_1_277' title='bbox 101 4264 197 4316; x_wconf 89' lang='lat' dir='ltr'>cum</span> <span class='ocrx_word' id='word_1_278' title='bbox 231 4234 381 4317; x_wconf 87' lang='lat' dir='ltr'>dilecto</span> <span class='ocrx_word' id='word_1_279' title='bbox 416 4233 500 4314; x_wconf 84' lang='lat' dir='ltr'>filio</span> <span class='ocrx_word' id='word_1_280' title='bbox 535 4250 671 4314; x_wconf 88' lang='lat' dir='ltr'>vestro</span> <span class='ocrx_word' id='word_1_281' title='bbox 701 4231 849 4316; x_wconf 90' lang='lat' dir='ltr'>abbate</span> <span class='ocrx_word' id='word_1_282' title='bbox 878 4249 1111 4332; x_wconf 85' lang='lat' dir='ltr'>sanctorum</span> <span class='ocrx_word' id='word_1_283' title='bbox 1140 4237 1317 4344; x_wconf 89' lang='lat' dir='ltr'>Crispini</span> <span class='ocrx_word' id='word_1_284' title='bbox 1345 4241 1385 4316; x_wconf 95' lang='grc'>8(</span> <span class='ocrx_word' id='word_1_285' title='bbox 1413 4235 1677 4343; x_wconf 88' lang='lat' dir='ltr'>Crispiniani,</span> <span class='ocrx_word' id='word_1_286' title='bbox 1707 4230 1898 4314; x_wconf 83' lang='lat' dir='ltr'>festinaui</span> 
     </span>
     <span class='ocr_line' id='line_1_33' title="bbox 3 4343 1896 4457; baseline -0.002 -31"><span class='ocrx_word' id='word_1_287' title='bbox 3 4410 7 4448; x_wconf 68' lang='lat'>,</span> <span class='ocrx_word' id='word_1_288' title='bbox 101 4347 263 4426; x_wconf 88' lang='lat' dir='ltr'>mittere</span> <span class='ocrx_word' id='word_1_289' title='bbox 305 4343 359 4426; x_wconf 90' lang='lat' dir='ltr'>ad</span> <span class='ocrx_word' id='word_1_290' title='bbox 394 4373 466 4425; x_wconf 82' lang='lat' dir='ltr'>vos</span> <span class='ocrx_word' id='word_1_291' title='bbox 500 4345 692 4427; x_wconf 89' lang='lat' dir='ltr'>nuntium</span> <span class='ocrx_word' id='word_1_292' title='bbox 726 4361 930 4441; x_wconf 89' lang='lat' dir='ltr'>nostrum,</span> <span class='ocrx_word' id='word_1_293' title='bbox 959 4361 1004 4428; x_wconf 89' lang='lat' dir='ltr'>vt</span> <span class='ocrx_word' id='word_1_294' title='bbox 1030 4347 1223 4442; x_wconf 86' lang='lat' dir='ltr'>sciremus</span> <span class='ocrx_word' id='word_1_295' title='bbox 1252 4343 1460 4457; x_wconf 89' lang='lat' dir='ltr'>quomodo</span> <span class='ocrx_word' id='word_1_296' title='bbox 1488 4345 1711 4428; x_wconf 86' lang='lat' dir='ltr'>tentaucrit</span> <span class='ocrx_word' id='word_1_297' title='bbox 1738 4370 1829 4438; x_wconf 86' lang='lat' dir='ltr'>vos,</span> <span class='ocrx_word' id='word_1_298' title='bbox 1857 4347 1896 4422; x_wconf 84' lang='grc'>8(</span> 
     </span>
     <span class='ocr_line' id='line_1_34' title="bbox 2 4452 1896 4570; baseline -0.004 -33"><span class='ocrx_word' id='word_1_299' title='bbox 2 4461 3 4489; x_wconf 62' lang='lat'>³</span> <span class='ocrx_word' id='word_1_300' title='bbox 98 4456 342 4566; x_wconf 87' lang='lat' dir='ltr'>probauerit</span> <span class='ocrx_word' id='word_1_301' title='bbox 371 4453 577 4552; x_wconf 87' lang='lat' dir='ltr'>dominus,</span> <span class='ocrx_word' id='word_1_302' title='bbox 620 4472 704 4535; x_wconf 89' lang='lat' dir='ltr'>tam</span> <span class='ocrx_word' id='word_1_303' title='bbox 746 4457 789 4536; x_wconf 92' lang='lat' dir='ltr'>in</span> <span class='ocrx_word' id='word_1_304' title='bbox 830 4457 949 4553; x_wconf 90' lang='lat' dir='ltr'>mari,</span> <span class='ocrx_word' id='word_1_305' title='bbox 985 4483 1108 4570; x_wconf 89' lang='lat' dir='ltr'>quam</span> <span class='ocrx_word' id='word_1_306' title='bbox 1137 4460 1183 4540; x_wconf 87' lang='lat' dir='ltr'>in</span> <span class='ocrx_word' id='word_1_307' title='bbox 1208 4474 1329 4538; x_wconf 89' lang='lat' dir='ltr'>terra.</span> <span class='ocrx_word' id='word_1_308' title='bbox 1360 4458 1463 4539; x_wconf 91' lang='lat' dir='ltr'>Nam</span> <span class='ocrx_word' id='word_1_309' title='bbox 1491 4482 1711 4568; x_wconf 89' lang='lat' dir='ltr'>parumper</span> <span class='ocrx_word' id='word_1_310' title='bbox 1730 4452 1896 4536; x_wconf 82' lang='lat' dir='ltr'>laxauit</span> 
     </span>
     <span class='ocr_line' id='line_1_35' title="bbox 98 4557 1931 4680; baseline -0.004 -30"><span class='ocrx_word' id='word_1_311' title='bbox 98 4567 227 4650; x_wconf 79' lang='lat' dir='ltr'>frama</span> <span class='ocrx_word' id='word_1_312' title='bbox 266 4566 394 4648; x_wconf 90' lang='lat' dir='ltr'>leonis</span> <span class='ocrx_word' id='word_1_313' title='bbox 428 4567 643 4676; x_wconf 80' lang='lat' dir='ltr'>rugientis,</span> <span class='ocrx_word' id='word_1_314' title='bbox 679 4557 770 4680; x_wconf 80' lang='lat' dir='ltr'>quac</span> <span class='ocrx_word' id='word_1_315' title='bbox 803 4583 917 4649; x_wconf 90' lang='lat' dir='ltr'>tenet</span> <span class='ocrx_word' id='word_1_316' title='bbox 945 4568 988 4647; x_wconf 88' lang='lat' dir='ltr'>iu</span> <span class='ocrx_word' id='word_1_317' title='bbox 1020 4595 1144 4650; x_wconf 86' lang='lat' dir='ltr'>manu</span> <span class='ocrx_word' id='word_1_318' title='bbox 1171 4596 1261 4649; x_wconf 89' lang='lat' dir='ltr'>sua:</span> <span class='ocrx_word' id='word_1_319' title='bbox 1291 4566 1363 4650; x_wconf 90' lang='lat' dir='ltr'>sed</span> <span class='ocrx_word' id='word_1_320' title='bbox 1391 4595 1467 4649; x_wconf 88' lang='lat' dir='ltr'>nec</span> <span class='ocrx_word' id='word_1_321' title='bbox 1494 4567 1624 4675; x_wconf 90' lang='lat' dir='ltr'>rupit,</span> <span class='ocrx_word' id='word_1_322' title='bbox 1655 4593 1732 4646; x_wconf 87' lang='lat' dir='ltr'>neo</span> <span class='ocrx_word' id='word_1_323' title='bbox 1760 4564 1896 4646; x_wconf 77' lang='lat' dir='ltr'>soluit.</span> <span class='ocrx_word' id='word_1_324' title='bbox 1930 4649 1931 4652; x_wconf 5' lang='lat' dir='ltr'>p</span> 
     </span>
     <span class='ocr_line' id='line_1_36' title="bbox 2 4675 2015 4790; baseline -0.001 -32"><span class='ocrx_word' id='word_1_325' title='bbox 2 4750 3 4758; x_wconf 12' lang='lat' dir='ltr'>a</span> <span class='ocrx_word' id='word_1_326' title='bbox 99 4677 311 4789; x_wconf 88' lang='lat' dir='ltr'>Siquidem</span> <span class='ocrx_word' id='word_1_327' title='bbox 352 4679 386 4759; x_wconf 90' lang='lat' dir='ltr'>si</span> <span class='ocrx_word' id='word_1_328' title='bbox 435 4679 544 4759; x_wconf 90' lang='lat' dir='ltr'>Deus</span> <span class='ocrx_word' id='word_1_329' title='bbox 585 4679 789 4780; x_wconf 80' lang='lat' dir='ltr'>soluisset,</span> <span class='ocrx_word' id='word_1_330' title='bbox 818 4695 888 4760; x_wconf 88' lang='lat' dir='ltr'>aut</span> <span class='ocrx_word' id='word_1_331' title='bbox 924 4676 1111 4760; x_wconf 87' lang='lat' dir='ltr'>diabolus</span> <span class='ocrx_word' id='word_1_332' title='bbox 1145 4681 1339 4789; x_wconf 88' lang='lat' dir='ltr'>rupisset,</span> <span class='ocrx_word' id='word_1_333' title='bbox 1368 4706 1474 4790; x_wconf 88' lang='lat' dir='ltr'>aqua</span> <span class='ocrx_word' id='word_1_334' title='bbox 1502 4677 1626 4758; x_wconf 88' lang='lat' dir='ltr'>nimia</span> <span class='ocrx_word' id='word_1_335' title='bbox 1653 4703 1727 4757; x_wconf 87' lang='lat' dir='ltr'>vos</span> <span class='ocrx_word' id='word_1_336' title='bbox 1755 4675 1897 4757; x_wconf 89' lang='lat' dir='ltr'>absor·</span> <span class='ocrx_word' id='word_1_337' title='bbox 2012 4687 2015 4696; x_wconf 85' lang='lat'><em>&#39;</em></span> 
     </span>
    </p>
   </div>
   <div class='ocr_carea' id='block_1_14' title="bbox 99 4785 2085 4900">
    <p class='ocr_par' dir='ltr' id='par_1_15' title="bbox 99 4785 2085 4900">
     <span class='ocr_line' id='line_1_37' title="bbox 99 4785 2085 4900; baseline -0.003 -30"><span class='ocrx_word' id='word_1_338' title='bbox 99 4787 267 4870; x_wconf 85' lang='lat' dir='ltr'>buisset.</span> <span class='ocrx_word' id='word_1_339' title='bbox 325 4785 387 4868; x_wconf 90' lang='lat' dir='ltr'>Ad</span> <span class='ocrx_word' id='word_1_340' title='bbox 418 4805 628 4898; x_wconf 88' lang='lat' dir='ltr'>torporem</span> <span class='ocrx_word' id='word_1_341' title='bbox 657 4791 812 4900; x_wconf 90' lang='lat' dir='ltr'>itaque,</span> <span class='ocrx_word' id='word_1_342' title='bbox 841 4789 876 4870; x_wconf 91' lang='lat' dir='ltr'>si</span> <span class='ocrx_word' id='word_1_343' title='bbox 905 4789 997 4899; x_wconf 91' lang='lat' dir='ltr'>quis</span> <span class='ocrx_word' id='word_1_344' title='bbox 1022 4789 1069 4871; x_wconf 90' lang='lat' dir='ltr'>in</span> <span class='ocrx_word' id='word_1_345' title='bbox 1096 4790 1231 4888; x_wconf 84' lang='lat' dir='ltr'>vobis,</span> <span class='ocrx_word' id='word_1_346' title='bbox 1260 4807 1331 4870; x_wconf 89' lang='lat' dir='ltr'>aut</span> <span class='ocrx_word' id='word_1_347' title='bbox 1359 4791 1403 4870; x_wconf 92' lang='lat' dir='ltr'>in</span> <span class='ocrx_word' id='word_1_348' title='bbox 1430 4788 1580 4874; x_wconf 80' lang='lat' dir='ltr'>vestris¹</span> <span class='ocrx_word' id='word_1_349' title='bbox 1595 4806 1700 4885; x_wconf 88' lang='lat' dir='ltr'>erat,</span> <span class='ocrx_word' id='word_1_350' title='bbox 1713 4789 1894 4870; x_wconf 85' lang='lat' dir='ltr'>excitan·</span> <span class='ocrx_word' id='word_1_351' title='bbox 2030 4847 2035 4856; x_wconf 89' lang='lat'>.</span> <span class='ocrx_word' id='word_1_352' title='bbox 2082 4817 2085 4824; x_wconf 56' lang='lat'><strong><em>¹</em></strong></span> 
     </span>
    </p>
   </div>
   <div class='ocr_carea' id='block_1_15' title="bbox 97 4895 1897 5124">
    <p class='ocr_par' dir='ltr' id='par_1_16' title="bbox 97 4895 1897 5124">
     <span class='ocr_line' id='line_1_38' title="bbox 98 4895 1897 5008; baseline -0.002 -28"><span class='ocrx_word' id='word_1_353' title='bbox 98 4897 218 4999; x_wconf 86' lang='lat' dir='ltr'>dum,</span> <span class='ocrx_word' id='word_1_354' title='bbox 247 4903 351 4982; x_wconf 90' lang='lat' dir='ltr'>iuste</span> <span class='ocrx_word' id='word_1_355' title='bbox 381 4927 521 5008; x_wconf 87' lang='lat' dir='ltr'>passus</span> <span class='ocrx_word' id='word_1_356' title='bbox 550 4918 609 4980; x_wconf 87' lang='lat' dir='ltr'>est</span> <span class='ocrx_word' id='word_1_357' title='bbox 639 4899 736 4980; x_wconf 88' lang='lat' dir='ltr'>dare</span> <span class='ocrx_word' id='word_1_358' title='bbox 765 4899 985 4982; x_wconf 87' lang='lat' dir='ltr'>fremitum:</span> <span class='ocrx_word' id='word_1_359' title='bbox 1015 4901 1068 4982; x_wconf 89' lang='lat' dir='ltr'>ad</span> <span class='ocrx_word' id='word_1_360' title='bbox 1096 4899 1392 4982; x_wconf 89' lang='lat' dir='ltr'>ostendendum</span> <span class='ocrx_word' id='word_1_361' title='bbox 1420 4917 1617 5008; x_wconf 61' lang='lat' dir='ltr'>argones</span> <span class='ocrx_word' id='word_1_362' title='bbox 1645 4898 1807 4980; x_wconf 90' lang='lat' dir='ltr'>filialem</span> <span class='ocrx_word' id='word_1_363' title='bbox 1836 4895 1897 5005; x_wconf 82' lang='lat' dir='ltr'>af·¹</span> 
     </span>
     <span class='ocr_line' id='line_1_39' title="bbox 97 5007 1895 5124; baseline -0.002 -34"><span class='ocrx_word' id='word_1_364' title='bbox 97 5009 269 5108; x_wconf 86' lang='lat' dir='ltr'>sectum,</span> <span class='ocrx_word' id='word_1_365' title='bbox 291 5012 358 5124; x_wconf 89' lang='lat' dir='ltr'>pie</span> <span class='ocrx_word' id='word_1_366' title='bbox 385 5011 550 5100; x_wconf 88' lang='lat' dir='ltr'>reclusit</span> <span class='ocrx_word' id='word_1_367' title='bbox 565 5039 637 5095; x_wconf 87' lang='lat' dir='ltr'>ora</span> <span class='ocrx_word' id='word_1_368' title='bbox 666 5011 847 5108; x_wconf 88' lang='lat' dir='ltr'>leonum,</span> <span class='ocrx_word' id='word_1_369' title='bbox 876 5016 917 5091; x_wconf 88' lang='grc'>8(</span> <span class='ocrx_word' id='word_1_370' title='bbox 943 5013 1064 5094; x_wconf 86' lang='lat' dir='ltr'>maris</span> <span class='ocrx_word' id='word_1_371' title='bbox 1091 5011 1266 5095; x_wconf 87' lang='lat' dir='ltr'>ferocem</span> <span class='ocrx_word' id='word_1_372' title='bbox 1293 5009 1524 5098; x_wconf 72' lang='lat' dir='ltr'>tumultum.</span> <span class='ocrx_word' id='word_1_373' title='bbox 1578 5009 1674 5094; x_wconf 88' lang='lat' dir='ltr'>Non</span> <span class='ocrx_word' id='word_1_374' title='bbox 1701 5007 1895 5092; x_wconf 90' lang='lat' dir='ltr'>dormiuit</span> 
     </span>
    </p>
   </div>
   <div class='ocr_carea' id='block_1_16' title="bbox 0 0 2190 5944">
    <p class='ocr_par' dir='ltr' id='par_1_17' title="bbox 0 0 2190 5944">
     <span class='ocr_line' id='line_1_40' title="bbox 0 0 2190 5944; baseline 0 0"><span class='ocrx_word' id='word_1_375' title='bbox 0 0 2190 5944; x_wconf 95' lang='lat' dir='ltr'> </span> 
     </span>
    </p>
   </div>
  </div>
 </body>
</html>
