4368 5950
962 437 1378 546 -194τ-

281 661 444 758 innecti,
486 658 588 768 quin
630 673 710 736 tam
754 654 940 737 collectio
969 659 1155 742 vicesima
1183 683 1352 766 percos
1381 661 1483 769 quin
1511 657 1720 741 adhoca
1749 655 1856 734 bone
1885 661 2071 740 memorie

278 769 517 856 Innocentio
553 769 662 877 Papa
697 767 982 849 Predecessore
1019 786 1159 850 nostro
1195 768 1381 865 fuerunt,
1409 770 1473 850 vel
1503 797 1526 850 a
1553 767 1672 849 nobis
1702 765 1854 868 fuerint
1889 764 2070 873 deputati

277 887 363 968 eine
403 878 565 978 fraude,
605 903 653 960 ac
690 903 957 988 expensarum
999 878 1246 976 discrimine,
1281 897 1407 986 prout
1444 879 1587 960 aneos
1616 877 1811 1005 pertinet,
1842 903 1965 985 quam
1993 879 2071 960 alio

234 1038 241 1052 ν
277 997 408 1104 prout
436 990 618 1099 superius
655 1008 751 1070 sunt
784 987 1005 1097 descripta,
1034 991 1250 1072 efficaciter
1280 990 1440 1071 valeant
1469 991 1696 1070 executioni
1713 983 1908 1069 inandari.
1968 990 2070 1072 Sane

278 1103 491 1213 pecuniam
519 1098 729 1180 collectam
757 1116 801 1178 et
830 1099 1098 1210 colligendam
1121 1103 1164 1181 in
1191 1103 1345 1181 truncis
1373 1129 1446 1208 per
1470 1101 1759 1182 'distributores
1788 1098 1993 1209 predictos
2014 1102 2072 1183 di·

202 1291 206 1302 ,
274 1213 424 1312 stribui
451 1210 637 1291 volumus
665 1226 706 1290 ct
735 1210 986 1306 mandamus,
1015 1214 1120 1300 inter
1150 1211 1450 1320 crucesignatos
1478 1229 1662 1300 strenuos
1690 1228 1739 1302 etl
1758 1210 1986 1318 prudentes
2022 1213 2070 1294 de

276 1324 434 1438 populo
470 1322 541 1401 illo
576 1320 649 1402 ubi
684 1320 808 1402 fuerit
836 1323 1009 1429 pecunia
1039 1325 1126 1432 ipsa
1153 1322 1339 1418 collecta,
1368 1325 1518 1433 quibus
1546 1322 1599 1404 ad
1628 1320 1901 1430 peragendum
1929 1337 2071 1404 votum

276 1465 393 1519 suum
422 1433 587 1543 proprie
614 1458 699 1512 non
725 1450 948 1541 suppetunt
977 1433 1198 1530 facultates,
1227 1459 1307 1542 que
1336 1450 1498 1541 recepta
1526 1433 1600 1514 sub
1632 1423 1862 1546 testimonio
1890 1433 2071 1513 virorum
2165 1436 2169 1456 ⁸

273 1546 455 1653 ¹fidelium
498 1544 784 1650 crucesignatis
820 1545 916 1652 ipsis
947 1544 1216 1625 distribuatur
1250 1562 1432 1652 ternpore
1478 1542 1698 1654 arripiendi
1716 1541 1905 1656 itineris,
1936 1542 2002 1646 rel
2031 1549 2072 1626 in

274 1673 417 1768 portu,
445 1669 584 1765 ⁸prout
623 1651 828 1734 videbitur
857 1655 1047 1762 expedire
1076 1655 1172 1764 ipsis
1201 1653 1536 1738 distributoribus
1566 1654 1764 1748 rationem
1793 1651 1850 1738 de:
1870 1655 1939 1738 illa
1967 1655 2069 1760 sicut

275 1767 327 1850 de
368 1766 446 1847 alia
489 1767 532 1844 in
566 1765 726 1872 scriptis
761 1764 934 1845 fideliter
962 1764 1194 1858 reddituris.
1251 1763 1400 1855 Datum
1429 1766 1619 1850 Laterani
1647 1760 1700 1847 ll.
1722 1763 1888 1870 ¹kalend.
1923 1765 2071 1862 Martii,

274 1877 549 1966 Pontificatus,
564 1875 694 1955 nostri
721 1878 844 1955 Anno
871 1877 1017 1956 Primo.

444 2020 520 2102 Ea
541 1997 796 2128 likelydartde
831 2023 944 2124 Bref
971 2021 1048 2100 liar
1075 2024 1210 2126 osaea
1223 2024 1371 2129 asgcitt
1385 2025 1454 2102 till
1465 2007 1816 2130 Ario-Balopeni
1828 2021 1981 2130 Upsala
1996 2026 2071 2106 oclr

481 2132 583 2211 aaa
609 2131 930 2243 Lyd-Biriopar‚
958 2133 1084 2239 coligi
1112 2132 1161 2212 K.
1186 2147 1220 2213 o.
1256 2133 1330 2238 169
1360 2134 1451 2215 med
1481 2135 1752 2237 &soersirpsts
1886 2173 1889 2183 ·

285 2302 290 2327 τ
378 2381 381 2388 1
430 2272 648 2399 Honorius
670 2277 790 2400 'Papa
819 2261 981 2356 Tertius
1036 2258 1201 2355 Valerio
1229 2273 1545 2382 Archiepiscopo
1588 2272 1802 2384 Vpsalcnsi
1844 2280 1883 2356 8<
1925 2277 2069 2357 salira·-

272 2431 276 2444 =
365 2439 367 2445 ι
448 2407 615 2493 ‘ganeis
642 2410 739 2466 erus.
1742 2403 1744 2410 ’
1831 2405 1834 2416 ·
2049 2401 2053 2419 ’

288 2700 413 2807 172.
906 2662 1154 2804 -1217d.
1209 2663 1274 2766 16
1331 2665 1459 2771 Nov.
1616 2754 1619 2758 .
1838 2663 2069 2764 Lateran.
2181 2765 2183 2832 4

247 2925 255 2932 -
357 2881 450 2946 Pafv.
470 2879 630 2944 Honorius
653 2881 722 2942 lllts
745 2879 931 2943 belriftelse
952 2881 1001 2952 ib'r
1022 2879 1202 2945 isba-Risi.
1226 2883 1368 2946 Arenems
1388 2886 1400 2946 i
1420 2883 1511 2949 Lund
1534 2882 1593 2944 oclr
1615 2841 1917 2964 hans'ssefteraadare
1940 2881 1980 2963 pr
1999 2889 2068 2943 rit·
2182 2921 2183 2930 κ

326 2965 331 2980 “
408 2963 548 3046 tigheten
573 2974 621 3025 att
642 2983 719 3024 rara
743 2963 885 3046 Sreriges
907 2963 1029 3027 Primos
1049 2966 1108 3027 och
1130 2968 1142 3028 i
1163 2967 1236 3051 liilje
1257 2967 1351 3029 derel
1373 2969 1479 3048 inriga
1502 2965 1788 3047 irie-Bisiopernc
1810 2968 1819 3022 i
1842 2963 1970 3056 Upsala.
2182 2965 2183 2998 ⁴

393 3171 397 3180 ⁵
439 3125 612 3264 Hortarii
637 3180 714 3262 III
737 3181 884 3264 littera
912 3175 1136 3292 apostolicae
1163 3149 1267 3264 ariao
1295 3185 1356 3264 II.
1383 3213 1434 3264 ac
1449 3080 1745 3294 repiiiiri2⁷anbb
1761 3077 2070 3291 {dilibutas
2182 3215 2183 3230 ¹

471 3293 732 3398 confirmatur
759 3295 1058 3403 Archiepisoopo
1086 3295 1288 3375 Laudeasi
1313 3293 1446 3402 ile'gru
1461 3299 1691 3404 primatus„
1709 3321 1758 3372 ac
1776 3293 1853 3402 jas
1877 3293 2072 3374 tradendi

465 3405 597 3514 pallia
624 3410 745 3486 missa
772 3403 823 3483 ab
852 3407 1082 3513 Apostolico
1108 3403 1219 3487 Sede.

294 3599 297 3606 ,
439 3515 644 3598 Honorias
671 3518 742 3593 &a
771 3517 999 3597 Venerabili
1023 3515 1168 3596 Fratri
1193 3516 1350 3595 Andree
1365 3587 1370 3598 .
1383 3508 1589 3597 laodensi
1614 3511 1925 3626 Archiepiseopo,
1958 3521 2064 3596 cias·

472 3653 545 3734 que
574 3625 870 3706 Successoribas
898 3627 1385 3708 canoniearabsrttaemas
1413 3631 1724 3738 imperpetuum
1766 3623 1946 3704 Salutem
1988 3629 2065 3705 &a

440 3767 488 3847 In
530 3765 722 3846 eminenti
764 3766 998 3874 Apostolice
1042 3767 1156 3848 Sedis
1185 3768 1348 3876 specula
1377 3766 1617 3874 disponente
1647 3765 1821 3848 Domino
1849 3769 2066 3853 constituti

272 3879 486 3962 salubriter
514 3877 685 3958 iniuncti
713 3875 832 3956 nobis
863 3876 990 3957 oflicii
1018 3883 1091 3957 &c
1128 3881 1211 3957 iiia
1237 3879 1327 3956 med
1339 3880 1598 3984 fdregcieude
1627 3879 1703 3958 Nzo
1737 3905 1811 3982 117
1841 3877 1920 3957 och
1968 3905 2063 3975 110,

271 3987 376 4098 (ared
416 3989 609 4096 bedoriga
636 3987 851 4096 rillagget:
867 3987 1124 4068 innocentius
1139 3989 1244 4089 efter
1272 3986 1602 4068 Antecessoribus
1617 3989 1765 4100 nostris
1793 3988 1833 4069 b.
1849 4017 1900 4068 m.
1930 3988 2063 4068 Lucio

262 4099 491 4198 Clemente,
521 4099 749 4198 Celcstino;
783 4099 856 4180 oclr
870 4101 1001 4202 ester:
1017 4097 1226 4177 memorati
1240 4097 1428 4192 Adriani,
1445 4117 1484 4180 et
1498 4098 1626 4181 felicis
1642 4097 1940 4180 recordacionis
1962 4097 2060 4178 Ale-

270 4212 432 4311 xandri,
459 4211 594 4308 Lucii,
624 4210 800 4306 Vrbem,
830 4209 1062 4304 Clementis,
1092 4207 1316 4322 Calatini)
1345 4211 1457 4290 dada
1485 4213 1550 4292 till
1563 4211 1672 4317 pacis
1689 4210 1897 4296 inveniant
1913 4213 2058 4290 Amen.

268 4321 417 4428 ‚Datum
445 4321 637 4403 Laterani
666 4347 739 4429 per
767 4348 928 4404 manum
956 4318 1118 4401 Ranerii
1147 4321 1291 4412 Sancte
1320 4321 1499 4400 Romane
1528 4321 1702 4408 Ecclesie
1725 4317 2059 4421 Vicecanccllarii
2093 4341 2096 4344 ·

269 4431 378 4522 XVI.
391 4433 483 4516 Kal.
499 4429 730 4514 Decembris
745 4431 970 4513 indictione
986 4430 1076 4512 Vii.
1093 4431 1385 4511 incarnationis
1401 4432 1610 4511 Dominice
1618 4434 1739 4510 Anno
1753 4429 2057 4524 M⁰CC⁰XVII⁰.

269 4537 528 4624 Pontificatus
556 4569 656 4649 vero
681 4542 843 4624 Domini
872 4541 1046 4623 Honori'
1073 4545 1181 4650 Pape
1208 4545 1276 4622 iii.
1306 4545 1425 4621 Anno
1453 4539 1651 4637 Secundo.
1702 4545 1705 4555 '

344 4671 350 4678 ·
380 4653 428 4732 In
455 4655 638 4762 Registro
658 4655 767 4734 Anni
795 4653 905 4766 Viii
934 4572 1111 4733 eiusdem
1141 4650 1346 4734 Pontificis
1363 4654 1541 4734 occurrit·
1555 4650 1695 4734 eadem
1709 4650 1824 4733 Bulla
1845 4651 1922 4732 sub
1943 4679 2055 4736 num.

270 4765 349 4870 273
377 4791 470 4843 cum
497 4763 757 4875 sequentibus
785 4764 893 4845 notis
921 4763 1217 4874 chronologicis
1245 4767 1395 4864 Datum
1424 4765 1612 4847 Laterani
1655 4790 1728 4872 per
1763 4791 1927 4844 manum
1969 4763 2056 4844 Ma·

297 4873 385 4956 istri
412 4871 611 4976 Guidonis
639 4876 801 4956 Domini
828 4879 946 4986 Papae
960 4875 1198 4986 Cappellani
1213 4891 1254 4955 et
1271 4877 1312 4978 N
1311 4875 1430 4957 otarii
1443 4876 1552 4958 XVI.
1568 4875 1660 4956 Kal.
1676 4872 1810 4983 Martij
1825 4873 2055 4959 indictione

267 4983 360 5182 Ani.
399 4982 604 5178 {cernat
632 4988 705 5070 &a
734 4991 855 5072 Anno
882 4990 995 5073 1223.
1037 4987 1298 5074 pontificatus
1325 5014 1422 5080 vero
1450 4987 1614 5071 Domini
1641 4983 1815 5080 Honorii
1841 4987 1950 5102 Papo
1977 4985 2050 5067 III.

345 5123 389 5181 ro
456 5109 586 5180 ctavo.
