4370 5950
683 399 1258 500 .·÷·105-·*,

136 619 298 700 nitimas
319 616 495 702 suauiter
537 635 754 726 respergat.
818 620 951 728 Larga
978 619 1054 700 Dei
1081 645 1222 700 manus
1249 619 1310 711 de„
1329 617 1419 701 oleo
1451 618 1618 704 celestis
1646 623 1917 738 promptuarii

134 747 352 812 mensuram
397 732 565 826 bonam,
600 735 640 810 &
667 729 907 831 confertam,
944 737 984 814 &
1017 730 1251 839 cogitatam,
1290 735 1331 810 &
1358 730 1704 840 supereffluentem
1732 732 1845 819 dedit
1872 742 1916 822 in
1980 783 1982 790 v

133 844 273 940 sinum,
302 844 425 924 immo
453 844 497 923 in
523 859 650 950 caput
675 860 863 924 vestrum.
920 843 982 923 De
1009 841 1088 924 hoc
1116 844 1253 953 itaque
1282 840 1373 922 oleo
1402 841 1612 954 &lampas
1656 847 1804 955 ropriae
1818 855 1916 931 con·

132 954 298 1034 scientiae
327 954 514 1036 decenter
542 970 730 1052 ornatur,
757 960 797 1035 8ι
825 953 996 1035 lucernae
1023 955 1160 1048 totiusw
1175 954 1397 1062 prouinciae
1423 967 1596 1036 vestraes
1668 959 1818 1042 cienter
1834 961 1916 1042 suf·

131 1061 362 1172 funduntur.
429 1065 522 1146 Scio
551 1073 590 1146 8ι
625 1091 701 1175 pro
737 1082 847 1147 certo
874 1063 1025 1163 habeo,
1053 1063 1168 1175 quod
1195 1065 1273 1150 nisi
1302 1058 1608 1147 fundamentum
1636 1065 1815 1153 subesset
1842 1065 1920 1177 bd·x

129 1202 186 1254 nae
220 1177 489 1268 conscientiae,
521 1203 605 1256 non
639 1176 696 1256 sic
732 1175 985 1272 dilataretur,
1021 1181 1061 1257 &
1111 1178 1416 1258 continuaretur
1444 1179 1583 1287 vapor'
1600 1195 1682 1260 tam
1710 1163 1852 1265 lucidae
1879 1189 1920 1266 81

129 1287 326 1395 preclarae
359 1286 484 1367 famae.
547 1287 726 1368 German
763 1286 974 1416 antiquum
1008 1285 1312 1395 praedecessoris
1346 1289 1469 1368 vestri
1503 1291 1588 1368 non
1615 1287 1691 1371 sub
1705 1307 1918 1376 vnanocte
2046 1294 2050 1298 ’

129 1398 245 1496 aruit,
261 1400 368 1479 siout
383 1396 594 1479 cucurbita
608 1399 732 1478 lonae.
750 1401 953 1508 requreuit
982 1400 1148 1507 spiritus
1174 1397 1301 1479 Heliae
1328 1425 1449 1508 super
1478 1397 1671 1496 Elissam,
1688 1405 1829 1512 vtique
1845 1405 1917 1488 Es·

1 1513 22 1524 ’“
126 1508 241 1619 quilij
273 1509 680 1618 superAbsolonem.
739 1510 902 1618 Rigauit
929 1508 1042 1619 quod
1070 1510 1156 1619 ipse
1184 1507 1403 1619 plantanit:
1431 1535 1506 1591 nec
1534 1510 1679 1594 suffieit
1693 1516 1842 1623 rigare,
1856 1519 1919 1598 ni·
1931 1559 1941 1592 ,-

127 1620 158 1699 si
190 1619 424 1702 adieceritis
452 1625 493 1700 &
526 1645 634 1700 noua
669 1620 865 1729 plantare.
923 1620 1039 1720 ‚Deus
1074 1624 1130 1701 ita
1160 1624 1223 1700 ue'
1246 1622 1534 1703 incrementum
1569 1619 1695 1704 dabit.
1737 1653 1813 1706 nec
1842 1630 1919 1710 erit
2055 1675 2058 1686 ·

125 1732 333 1842 rtriusque
360 1748 538 1812 restrum
567 1730 683 1810 labor
697 1732 837 1829 inanis,
865 1730 936 1812 vbi
964 1650 1199 1842 superaddit
1226 1734 1395 1840 gratiam
1426 1757 1568 1814 manus
1591 1739 1760 1843 superni
1789 1762 1919 1819 remu·
2012 1801 2013 1808 a

123 1844 331 1924 uenatoris.
403 1843 623 1952 Nunquam
665 1837 770 1923 enim
806 1843 915 1924 Deus
950 1840 1113 1925 fraudat
1148 1845 1380 1952 operarium
1414 1871 1531 1925 suum
1566 1843 1693 1956 digna
1723 1847 1918 1946 mercede.

124 1952 280 2063 Vtique
308 1961 348 2034 8ι
390 1955 458 2062 pie
501 1955 615 2034 iuuat
650 1952 919 2050 laborantem,
955 1960 994 2036 8(
1021 1956 1125 2035 iuste
1150 1968 1383 2034 remunerat
1410 1946 1707 2066 operatorem*
1735 1957 1853 2043 Vnde
1881 1967 1922 2044 &

123 2091 240 2145 suum
279 2080 339 2145 est
373 2091 478 2173 opus
513 2063 773 2146 nihilominus
811 2072 850 2145 8ι
885 2093 1001 2146 suum
1038 2091 1193 2146 munus.
1250 2067 1518 2178 Nequaquam
1559 2069 1692 2175 igitur·
1723 2066 1919 2153 mentitur
2028 2093 2032 2106 ’
2116 2115 2120 2126 .

123 2202 224 2283 opus
254 2175 388 2271 oliuae,
417 2175 486 2259 vbi
519 2179 763 2283 cooperatur
793 2172 947 2256 donum
975 2179 1123 2284 gratias.
1180 2176 1277 2259 Non
1304 2194 1432 2258 cesset
1460 2175 1598 2288 itaque
1624 2180 1819 2286 operatio,
1847 2180 1919 2264 vbi

121 2304 244 2368 restat
284 2287 500 2367 certissima
535 2288 815 2367 remuneratio.
880 2286 1084 2398 Denique,
1119 2301 1238 2396 pater
1265 2285 1549 2388 amantissime,
1579 2290 1774 2371 carbones
1801 2292 1919 2372 viuos

121 2403 158 2477 &
193 2398 490 2478 consolatorios
510 2398 806 2479 instantissime
847 2399 980 2478 animo
1015 2415 1151 2480 vestro
1184 2413 1396 2505 suggerat,
1423 2423 1507 2479 non
1535 2398 1667 2480 solum
1692 2428 1783 2508 spes
1809 2398 1919 2482 vfutar-

119 2536 284 2606 rorum,
319 2507 389 2589 sed
425 2508 547 2590 etiarn
574 2510 662 2616 ipsa
690 2505 936 2617 praelibatio,
966 2537 1047 2616 qua
1074 2510 1154 2588 iam
1181 2534 1291 2590 nunc
1320 2508 1511 2589 memoria
1538 2513 1660 2592 vestri
1688 2509 1866 2596 traditur
1880 2519 1919 2593 8(

117 2617 426 2700 commendatur
455 2619 705 2701 orationibus
734 2616 913 2698 fidelium
941 2625 981 2699 u
1007 2637 1241 2700 sanctorum
1279 2619 1473 2699 virorum.
1543 2620 1732 2704 Interim
1752 2648 1805 2701 ne
1845 2625 1918 2704 mi·

117 2731 289 2828 ramini,
326 2727 440 2840 quod
468 2757 544 2839 ego
572 2731 802 2839 ignotus&
830 2745 938 2809 terra
965 2729 1143 2811 remotus
1171 2729 1251 2810 iam
1276 2724 1458 2810 secundo
1487 2731 1624 2812 scribo
1651 2730 1779 2818 vobis.
1835 2731 1918 2813 Ha-

114 2839 221 2924 betis
268 2842 417 2921 amicos
460 2838 575 2948 juxta
617 2868 689 2920 vos
731 2844 771 2920 &
812 2856 951 2938 notos,
984 2841 1017 2922 F
1019 2841 1204 2946 alconem
1232 2836 1440 2948 quondam
1467 2835 1710 2924 monachum
1737 2859 1919 2923 nostrum
2007 2933 2009 2944 Ι
2106 2939 2112 2953 ἱ

116 2977 230 3034 nnnc
276 2951 540 3060 Episcopum,
583 2951 654 3061 qui
696 2949 832 3030 multis
873 2951 1202 3058 persuasionibus
1226 2947 1382 3058 pulsat
1406 2974 1487 3046 me,
1517 2957 1557 3033 &
1584 2949 1789 3062 compellit
1802 2951 1918 3037 vobis

112 3065 313 3145 scribere.
328 3061 587 3142 Praesentinm
616 3089 781 3172 quoque
808 3059 933 3158 lator,
962 3063 1135 3173 quivos
1163 3087 1290 3174 vsque
1317 3058 1369 3139 ad
1399 3059 1562 3168 angelos
1592 3066 1667 3144 Dei
1694 3060 1861 3149 extollit

116 3453 215 3560 81.
455 3584 457 3596 Ι
520 3553 523 3560 ,
821 3389 1259 3594 117“8Ᾰ-1182’.

200 3674 319 3738 Abbot
351 3651 467 3736 Persas
497 3676 508 3738 i
541 3673 632 3738 Remi
660 3673 845 3758 taclstgelse
872 3671 949 3736 bref
969 3671 1021 3735 till
1048 3669 1229 3750 lue-niu,
1250 3671 1390 3737 Assem
1422 3635 1550 3740 ibund
1569 3674 1621 3740 so'r
1637 3673 1680 3738 de
1700 3674 1787 3742 aaa.
1803 3673 1914 3740 Fom

260 3756 616 3843 visadevtllgeaningar.
1467 3849 1470 3856 Ι
1560 3757 1562 3762 ’

1431 3869 1467 3926 K.
1489 3872 1518 3928 b.
1534 3887 1568 3926 aa
1583 3873 1643 3947 ⁵⁰2·
1658 3875 1710 3930 md
1729 3872 1777 3928 15³

384 4009 689 4120 Arcbt’episeopo
717 4007 936 4102 mummi,
968 4009 1118 4088 Petrus
1146 4005 1283 4086 Abdus
1309 4013 1442 4088 saneti
1466 4007 1655 4115 Remigij.
1882 4096 1887 4110 ,

294 4118 503 4227 Spiracula
532 4120 728 4225 virtutum
756 4125 796 4200 &
820 4115 1099 4210 odoramenta,
1130 4117 1270 4196 suauia
1296 4133 1391 4198 sunt
1411 4121 1670 4227 &perpetua
1727 4116 1829 4195 Nam
1844 4141 1919 4196 nec

108 4231 390 4339 longaeuitate
421 4247 686 4328 veterascunt,
712 4256 789 4311 nec
817 4229 1111 4341 longinquitate
1139 4226 1306 4309 odorem
1332 4255 1449 4309 suum
1475 4231 1674 4311 minuunt.
1733 4229 1918 4307 Ecceve·

104 4358 209 4423 stra
242 4343 363 4422 Dacia
392 4357 557 4424 remota·
572 4356 634 4423 est
661 4369 686 4420 a
714 4359 853 4422 nostra
881 4340 1064 4423 Francia.
1121 4337 1282 4418 Distant
1307 4339 1418 4432 enim
1446 4345 1486 4420 tlt
1499 4338 1677 4431 moribus
1695 4337 1915 4429 hominum,

104 4459 153 4534 8<
197 4450 588 4552 consuetudinibus,
624 4453 710 4534 siue
744 4453 825 4536 situ
850 4471 1062 4534 terrarum.
1120 4448 1199 4530 Sed
1227 4453 1376 4546 virtus,
1403 4452 1489 4531 siue
1517 4450 1601 4545 hic,
1630 4449 1715 4558 siue
1725 4447 1828 4546 illic,
1843 4473 1917 4528 nec

102 4562 288 4657 uultum
301 4577 454 4659 mutat,
482 4590 558 4644 nec
583 4563 787 4665 babitum;
808 4587 893 4644 'nec
921 4560 1114 4658 fructum,
1142 4587 1217 4642 nec
1244 4580 1371 4643 vsum.
1429 4562 1588 4670 Species
1615 4559 1674 4644 illi
1700 4587 1780 4640 vna
1807 4565 1847 4640 &
1874 4560 1918 4639 in

99 4672 255 4755 Dacia
289 4680 327 4754 St
360 4676 404 4755 in
440 4672 619 4758 Francia.
682 4677 889 4778 Quorsum
922 4672 1032 4758 haeet
1067 4669 1168 4783 quid
1202 4670 1253 4754 ad
1282 4675 1486 4754 materiam
1512 4688 1748 4779 praesentem
1777 4671 1919 4751 attinet

100 4783 164 4868 de
201 4783 417 4866 insolubili
443 4789 485 4866 &
526 4783 721 4869 immobili
742 4787 882 4896 vigore
909 4790 949 4866 8ι
977 4783 1123 4867 decore
1149 4784 1310 4864 virtutis
1338 4783 1531 4877 scribere,
1558 4809 1650 4863 cum
1664 4781 1812 4863 suflicit
1825 4795 1938 4889 gra·-

99 4913 173 4978 tes
210 4895 367 4988 referre
394 4892 511 4979 vobis
540 4926 617 5006 pro
635 4898 851 5008 beneficiis
879 4896 1062 4980 fratri&
1089 4895 1217 4976 antico
1241 4911 1398 4997 nostro¹
1418 4893 1588 4974 Fulconi
1616 4896 1819 5003 Episcopo
1833 4891 1917 4972 col·

267 5034 317 5091 ευ.
332 5036 411 5106 net
1238 5089 1241 5094 ,
1323 5066 1343 5084 ,.
1673 5007 1717 5098 ι4
