4370 5950
814 433 1200 578 -a-ss·

165 691 334 776 'tionibus
361 689 576 770 annuimus
604 707 646 771 et
673 689 872 797 prefatam
900 688 1109 769 ecclesiam
1137 689 1409 797 lincopensem
1437 688 1503 772 cui
1530 701 1693 771 auctore
1716 689 1795 773 deo
1809 715 1902 800 pre·

189 831 198 859 ⁸
231 801 447 882 dinosceris
483 802 560 882 sub
594 802 703 882 beati
732 803 835 910 petri
866 816 907 879 et
936 817 1113 879 nostram
1144 802 1442 907 proteccionetn
1470 801 1707 907 suscipimus
1739 819 1781 881 et
1809 831 1901 910 pre·

207 917 234 990 's
268 913 409 1023 scripti
445 910 659 1019 priuilegio
695 912 985 991 communimus
1028 927 1257 990 statuentes.
1303 926 1348 989 vt
1390 925 1651 1020 quascunque
1666 965 1671 970 -
1686 915 1902 1019 possessio·

232 1049 463 1134 quecunque
492 1025 600 1104 bona
628 1021 768 1102 eadem
798 1020 964 1101 ecclesia
999 1021 1371 1128 impresenciarum‘
1390 1022 1492 1100 iuste
1521 1036 1561 1100 et
1588 1024 1780 1102 canonice
1802 1047 1900 1132 posi

259 1148 328 1212 aut
363 1133 407 1213 in
442 1132 626 1214 futurum
662 1135 920 1213 concessione
955 1133 1202 1240 pontificum.
1243 1131 1463 1240 largicione
1491 1158 1628 1238 regum
1658 1133 1724 1212 uel
1753 1136 1903 1242 princi·

274 1243 472 1324 *blacione
515 1244 692 1325 fidelium
735 1270 803 1324 seu
847 1242 933 1322 aliis
971 1244 1087 1323 iustis
1121 1242 1251 1323 modis
1286 1257 1530 1350 procurante
1559 1240 1724 1322 domino
1752 1247 1904 1351 poterit

305 1355 417 1434 firma
446 1355 521 1434 tibi
549 1358 709 1466 tuisque
739 1353 1033 1438 successoribus
1062 1371 1103 1434 et
1131 1353 1288 1433 illibata
1318 1367 1578 1462 permaneant
1606 1351 1650 1458 jn
1665 1355 1812 1462 quibus
1826 1354 1902 1437 hec

325 1464 507 1545 duximus
542 1465 803 1573 exprimenda
837 1464 1046 1543 vocabulis
1081 1465 1329 1545 Mansionem
1358 1465 1402 1544 in
1430 1462 1604 1570 lincopia
1631 1492 1722 1543 cum
1751 1485 1902 1573 appen-¹

416 1575 703 1656 Munkabodha
743 1603 835 1654 cum
871 1573 1124 1683 appendiciis
1160 1579 1240 1655 suis
1270 1575 1508 1666 Narmalaso
1537 1591 1627 1652 cum
1657 1575 1903 1682 appendiciis

292 1712 470 1764 ¹taronem
506 1688 617 1767 iuxta
647 1685 1016 1794 sltcningiamcum
1045 1685 1293 1793 appendiciis
1322 1686 1403 1765 suis
1431 1686 1554 1765 Forsa
1585 1711 1676 1762 cunr
1706 1684 1904 1792 appendi·

172 1859 181 1872 ,
217 1799 295 1876 suis
332 1796 580 1877 Mansionem
617 1799 659 1876 in
702 1795 868 1895 heslebir
909 1823 999 1875 eum
1029 1797 1279 1906 appendiciis
1308 1798 1389 1876 suis
1417 1796 1642 1875 Mansiones
1671 1797 1713 1873 in
1742 1796 1905 1888 olandia
1971 1847 1973 1850 -

118 1933 200 1985 cum
215 1906 465 2014 appendiciis
494 1911 575 1988 suis
604 1902 829 1989 Mansio'ncs
858 1909 901 1986 in
928 1923 1039 1998 mpre
1068 1935 1160 1987 cum
1189 1905 1437 2014 appendiciis
1465 1907 1547 1986 suis
1576 1909 1627 1984 Jn
1655 1905 1904 2016 niudhungis

118 2013 310 2124 kepstadb
338 2045 430 2096 curn
459 2018 708 2126 appendiciis
736 2021 827 2098 suis.
885 2017 1136 2123 Widesrydh
1164 2045 1254 2097 cum
1275 2015 1523 2124 appendiciis
1551 2017 1632 2096 suis
1662 2017 1902 2097 Jnfinuedb.

117 2126 317 2234 lallxarydh¹
339 2155 429 2206 cum
459 2129 719 2236 appendiciis.
778 2125 1023 2235 Skoparydh
1057 2150 1147 2207 curn
1185 2127 1434 2235 appendiciis
1463 2127 1555 2208 suis.
1586 2126 1685 2206 kens
1713 2147 1803 2207 cu'm
1833 2155 1903 2236 ap-

115 2238 302 2342 pendiciis
332 2239 424 2317 suis.
483 2241 692 2320 Westruse
722 2267 811 2319 cum
842 2238 1092 2346 appendiciis
1121 2239 1212 2318 suis.
1246 2236 1507 2346 buddathorp
1535 2265 1627 2317 cum
1656 2238 1904 2346 appendiciis

4 2381 5 2384 ¹
115 2350 199 2425 suis.
264 2352 318 2428 Jn
354 2349 549 2429 thwetum
585 2349 882 2456 thyrkilstborp
919 2375 1011 2427 cum
1040 2347 1290 2455 appendiciis
1319 2351 1412 2430 suis.
1435 2351 1702 2428 ‘Decernirnus
1731 2377 1829 2460 ergo
1858 2367 1904 2430 ut

7 2523 11 2534 .
113 2454 209 2537 nulli
237 2460 405 2540 omnino
434 2459 641 2540 bominum
671 2461 787 2544 liceat
820 2456 1017 2568 prefatam
1045 2460 1247 2539 ecclesiam
1277 2477 1425 2540 temere
1454 2461 1702 2567 perturbare.
1734 2461 1904 2541 anteius

114 2573 380 2676 possessiones
415 2570 568 2650 auferat
603 2573 667 2651 nel
703 2571 835 2651 ablata
870 2571 1042 2650 retinere
1071 2597 1142 2648 sen
1171 2571 1420 2680 quibuslibet
1449 2569 1732 2650 exaccionibus
1762 2570 1903 2677 fatiga-

111 2707 161 2757 re.
188 2681 259 2762 sed
290 2681 426 2762 omnia
454 2681 611 2791 integra
639 2701 679 2762 et
707 2681 858 2762 illibata
888 2695 1099 2761 seruentur
1127 2708 1349 2789 eorumque
1390 2708 1563 2789 quorum
1607 2682 1904 2787 gubernacione

111 2817 152 2868 ac
186 2791 487 2874 sustentacione
523 2821 710 2873 concessa
739 2809 832 2872 sunt
860 2793 995 2871 vsibus
1024 2790 1265 2871 omnimodis
1294 2789 1504 2897 profutura
1534 2790 1643 2870 salua
1671 2790 1775 2873 sedis
1804 2802 1903 2900 apo·

109 2901 244 2982 stolice
281 2903 532 2983 anctoritate.
591 2904 633 2983 Si
662 2931 743 3012 qua
773 2905 898 3012 igitur
926 2900 1151 2982 infuturum
1179 2901 1442 2982 ecclesiastica
1486 2901 1722 2981 secularisve
1765 2925 1903 3010 perso-¹

108 3039 155 3089 na
191 3014 298 3094 hanc
336 3031 472 3093 nostre
500 3015 805 3094 constitucionis
834 3015 1021 3120 paginam
1050 3013 1178 3092 sciens
1207 3028 1348 3094 contra
1371 3039 1457 3092 carn
1487 3013 1623 3092 venire
1645 3016 1903 3119 temptauerit

109 3123 285 3205 seeundo
323 3124 502 3204 tercioue
537 3126 777 3204 commonita
806 3125 881 3202 nisi
910 3140 1064 3203 reatum
1089 3151 1205 3202 suum
1234 3151 1411 3231 congrua
1454 3122 1726 3203 satisfaccione
1768 3141 1906 3205 corre·'

108 3235 225 3314 xerit.
257 3235 470 3344 potestatis
498 3235 744 3346 honorisque
774 3235 835 3313 sui
865 3233 1060 3343 dignitate
1097 3250 1234 3313 careat
1271 3261 1460 3341 reamque
1496 3259 1549 3329 se,
1578 3231 1718 3313 diuino
1753 3234 1902 3320 iudicio

107 3345 276 3434 existere
308 3345 360 3426 de
389 3363 614 3453 perpetrata
645 3347 859 3455 iniquitate
889 3361 1104 3450 cognoscat
1133 3361 1173 3424 et
1201 3373 1223 3424 a
1252 3345 1516 3424 sacratissimo
1544 3371 1717 3451 corpore
1746 3373 1790 3422 ae
1814 3375 1918 3426 san-2
2037 3386 2042 3404 ·

106 3456 227 3558 guine
257 3455 329 3536 dei
371 3472 411 3536 et
440 3454 595 3564 domin]
625 3456 892 3564 redemptoris
920 3456 1049 3535 nostri
1078 3454 1161 3533 iesu
1192 3453 1331 3534 christi
1360 3454 1489 3532 aliena
1519 3453 1585 3532 fiat
1614 3470 1735 3562 atque
1764 3456 1807 3536 in
1834 3485 1904 3537 ex·

106 3579 235 3646 trenno
266 3568 448 3648 examine
477 3563 656 3648 districte
685 3565 838 3648 ulcioni
866 3565 1078 3644 subiaceat.
1137 3565 1304 3644 Cunctis
1333 3581 1466 3644 autem
1494 3561 1624 3642 eidem
1653 3564 1817 3644 ecclesie
1831 3593 1902 3648 sua

105 3673 193 3780 jura
231 3677 491 3758 seruantibus
525 3680 576 3760 sit
605 3705 686 3786 pax
701 3675 856 3784 dominj
869 3679 996 3756 nostri
1011 3677 1093 3756 iesu
1110 3673 1249 3756 christi
1264 3675 1456 3785 quatinus
1471 3689 1511 3754 et
1526 3673 1591 3754 hic
1606 3672 1783 3755 fructum
1796 3677 1904 3757 bone

104 3789 284 3870 accionis
321 3788 547 3897 percipiant
583 3807 623 3868 ct
657 3786 768 3896 apud
796 3788 1024 3869 districtum
1053 3785 1223 3870 iudicem
1252 3785 1404 3894 premia
1419 3801 1555 3868 eterne
1569 3787 1679 3892 pacis
1694 3785 1903 3872 inueniant

106 3898 235 3979 Amen
274 3901 424 3979 Datum
461 3894 627 3980 lateran.
666 3927 739 4006 per
776 3927 916 3978 manus
960 3896 1106 3979 alberti
1141 3915 1274 3977 sancte
1304 3923 1469 3976 romane
1498 3896 1662 3976 ecclesie
1691 3897 1904 4003 presbiteri

106 4024 146 4087 et
177 4009 400 4091 cardinalis
428 4027 469 4088 et
483 4009 697 4117 cancelarij
713 4009 809 4089 XVI
824 4006 1015 4089 kalendas
1030 4007 1170 4115 aprilis
1184 4006 1417 4088 ¹indiccione
1433 4004 1493 4084 XI
1509 4005 1807 4086 incarnacionis
1829 4004 1902 4086 do·

110 4121 256 4200 minice
302 4126 423 4205 Anno
466 4119 677 4202 Millesimo
715 4121 759 4202 C.
802 4120 915 4201 LXX
951 4119 1121 4227 septimo
1152 4117 1408 4230 pontificatus
1437 4143 1535 4202 vero
1563 4112 1769 4200 alexandri
1797 4143 1902 4225 pape
2032 4173 2035 4182 ‚

100 4231 217 4339 tereij
249 4259 359 4312 anno
387 4230 535 4310 XIX:o.

109 4455 199 4593 75.
944 4461 1006 4561 11
1099 4537 1111 4558 .

183 4639 324 4724 Kdnung
350 4641 536 4708 wamma
556 4643 596 4705 lta
617 4596 802 4726 befattnmp,
827 4641 893 4705 dela
915 4639 966 4706 till
986 4495 1107 4706 Ea7ur7m
1126 4641 1319 4705 btradsboar
1339 4649 1387 4704 att
1408 4640 1475 4704 ieie
1496 4635 1611 4701 hindra
1631 4635 1909 4702 Munimentum
2042 4641 2043 4648 ’

236 4747 309 4869 dom
323 4725 771 4872 ·bsi⁸‡5⁸1i⁸„-{iium⁸t⁹⁰⁵⁸k⁰⁸'
793 4725 859 4789 deis
881 4727 936 4790 till
967 4743 1036 4791 atne
1058 4726 1186 4789 eusliltc
1206 4745 1353 4811 peraoner
1373 4734 1420 4786 att
1438 4722 1571 4804 idsgiiva
1591 4742 1630 4782 en
1649 4721 1690 4784 fri
1703 4725 1828 4806 quinne,
1837 4739 1907 4788 scm
2118 4684 2121 4698 Ι

262 4830 281 4872 e
301 4830 350 4893 gp
534 4830 613 4871 rnna.
1146 4869 1149 4876 ,
1999 4824 2004 4832 ’

1579 4866 1657 4953 mse.
1680 4883 1768 4954 κῃ.
1889 4861 1909 4946 ,²

279 5023 571 5105 Wxnnanxnus
616 5023 690 5103 Dei
718 5028 844 5129 gratia
880 5026 966 5106 Rex
1003 5027 1221 5105 Danorum.
1287 5017 1486 5100 Omnibus
1529 5018 1579 5101 dc
1606 4992 1907 5131 pbardtuscdess

2 5185 3 5195 r
94 5135 188 5217 rech
220 5134 422 5242 spiritum,
444 5135 598 5216 timoris
627 5135 825 5214 Domini·
859 5136 1015 5245 Spiritu
1043 5135 1198 5216 timoris
1225 5132 1388 5213 Domini
1417 5158 1519 5238 opus
1544 5131 1693 5248 babere
1722 5157 1804 5210 non
1827 5130 1902 5212 du·

1568 5532 1607 5542 .—
