4370 5950
92 2683 102 2744 ζ
228 2649 231 2655 ’
276 2653 418 2736 usibus
440 2648 740 2771 perpetualiter
768 2648 969 2731 collatum
998 2676 1091 2729 eum
1120 2651 1307 2732 omnibus
1324 2650 1575 2760 appendiciis
1591 2653 1683 2733 suis.
1699 2654 1907 2760 triumque
1925 2664 2068 2758 preter·

1038 197 1137 260 Ι.

952 457 1008 492 ..·-
1120 457 1339 536 9ορ-

278 662 370 772 63.
476 654 535 804 ,⁸¹
951 657 1475 810 1167-1185.‘·
1550 789 1553 798 ‚

354 880 491 1026 Konffi
525 875 639 942 Kuure
662 876 940 940 merome-bref
972 877 1022 939 lor
1049 878 1226 942 Monkame
1251 881 1262 940 i
1284 877 1385 963 Wihy
1411 877 1472 941 och
1502 877 1691 944 stadllstelse
1711 881 1752 966 pt,
1785 881 1874 946 deras
1911 883 2040 957 erhlllm,

343 983 345 992 ,
404 985 425 1048 3
577 1011 580 1016 Ι

1722 1079 1757 1135 Α.
1775 1078 1801 1133 3.
1818 1079 1845 1132 h.
1866 1089 1932 1134 rsa.

384 1215 594 1302 Karnos,
613 1208 681 1290 dei
708 1209 839 1319 gratia
865 1233 1068 1292 sweorum
1097 1235 1167 1294 rex
1183 1227 1305 1324 atque
1315 1215 1539 1324 ¹gothorum
1554 1215 1740 1296 omnibns
1756 1213 1889 1292 amicis
1903 1214 1978 1292 suis
1990 1239 2043 1292 sa·

277 1320 413 1434 intem.
473 1323 575 1401 Cum
606 1323 787 1402 omnium
810 1322 984 1403 'utilitati
1013 1324 1121 1432 regia
1150 1323 1292 1406 deceat
1320 1325 1538 1432 prouidere
1567 1325 1782 1434 prudentia
1811 1325 1971 1403 maxime
1992 1349 2044 1402 re·

174 1453 178 1462 '
276 1438 514 1545 ligiosorum
535 1433 713 1542 quietem
742 1430 971 1514 auidissima
1004 1433 1128 1524 debet
1156 1437 1409 1543 protectione
1438 1437 1606 1516 munire.
1637 1439 1708 1546 qui
1737 1434 1814 1514 sibi
1843 1451 1883 1514 et
1912 1433 2048 1514 mundo
2090 1508 2092 1516 .

274 1543 437 1629 mortui.
473 1543 631 1653 solique
649 1567 652 1575 ·
667 1542 744 1625 deo
768 1545 963 1624 uiuentes.
994 1547 1081 1654 regi
1109 1567 1317 1657 regnoque
1345 1573 1480 1654 regem
1509 1573 1649 1655 regum
1678 1547 1846 1626 assiduis
1874 1545 2049 1624 orationi·
2150 1552 2154 1610 i

231 1661 234 1666 ’
275 1660 354 1741 bus
388 1656 616 1765 propiciare
652 1654 835 1756 student3
864 1655 988 1736 Cuius
1016 1656 1077 1764 rei
1105 1654 1427 1737 consideratione
1456 1657 1663 1737 ammoniti
1691 1655 1908 1736 monachos
1936 1656 1975 1734 in
2000 1651 2051 1735 lo·
2153 1652 2156 1737 l

273 1767 424 1879 coqui
453 1780 623 1847 uocatur
659 1765 816 1874 wigbui
851 1761 928 1846 deo
965 1764 1114 1846 deuote
1141 1769 1370 1847 seruientes.
1393 1785 1435 1846 et
1464 1769 1597 1848 omnia
1627 1765 1678 1847 ad
1710 1769 1818 1877 ipsos
1847 1765 2052 1845 attinentia.

276 1879 353 1962 sub
390 1877 462 1957 alis
491 1875 751 1985 protectionis
778 1891 916 1957 nostre
944 1874 1181 1984 colligimus.
1212 1876 1475 1958 decernentes
1503 1894 1549 1956 ut
1577 1878 1610 1956 si
1639 1881 1731 1987 quis
1760 1905 1828 1956 eos
1857 1875 2057 1956 temerario

263 2016 376 2072 'ausu
410 1988 557 2067 iniuste
601 1987 812 2094 angariare
883 1987 1153 2095 resumpserit.
1186 1988 1294 2096 regie
1322 1989 1547 2076 seueritatis
1576 1988 1731 2069 ultione
1760 1987 1966 2070 multetur.
2018 1983 2055 2064 Si

275 2103 368 2216 quis
403 2115 536 2179 autem
576 2095 734 2177 meliori
768 2114 833 2176 stu
862 2098 904 2176 io
938 2123 1007 2178 eos
1041 2099 1085 2177 in
1113 2097 1262 2206 quibus
1291 2097 1540 2206 indiguerint
1568 2096 1881 2181 misericorditer
1910 2094 2056 2176 iuuerit.

274 2212 386 2321 regie
401 2204 733 2312 'mansuetudinis
761 2207 933 2314 gratiam
955 2235 996 2288 se
1012 2209 1278 2315 promeruisse
1293 2208 1461 2310 letetur;
1483 2211 1564 2290 ‘Est
1578 2228 1711 2291 autem
1731 2207 1807 2289 hec
1823 2205 2061 2317 prefatorum

277 2317 429 2404 fratum
473 2319 669 2428 possessio
712 2345 836 2427 quam
876 2347 929 2399 ne
971 2318 1141 2400 alicuius
1177 2321 1324 2400 iniusta
1368 2320 1597 2427 calumpnia
1639 2318 1826 2400 subtrahi
1849 2316 1916 2397 uel
1946 2315 2060 2396 minui

277 2434 418 2544 possit.
433 2430 554 2538 sigilli
583 2429 712 2511 nostri
740 2429 984 2512 muniuimus
1006 2431 1253 2513 testimonio.
1270 2429 1456 2539 predium
1471 2429 1584 2541 quod
1598 2447 1768 2513 uocatur
1783 2428 1983 2537 wigbuia
1997 2424 2064 2506 deo

277 2543 410 2626 dicata
453 2541 622 2620 muliere
663 2539 827 2619 nom-ine
869 2539 985 2620 doter
1013 2541 1180 2651 eiusque
1208 2541 1301 2622 lilio
1321 2542 1483 2621 nomine
1512 2543 1596 2648 geri
1625 2541 1875 2650 prefatorum
1906 2533 2067 2618 fratrum

279 2792 328 2848 ea
356 2765 585 2844 marcarum
619 2785 763 2840 census
800 2759 843 2839 in
870 2759 934 2843 his
969 2759 1068 2842 locis
1097 2763 1306 2843 annuatim
1335 2759 1596 2872 colligendus.
1618 2765 1661 2842 in
1689 2763 1788 2844 uilla
1815 2761 1951 2860 scutle
1976 2785 2070 2838 mar·

284 2871 538 2958 ea'etdeoem
570 2868 704 2950 solidi;
736 2870 781 2950 in
807 2869 907 2950 uilla
941 2871 1091 2951 echam.
1107 2871 1219 2954 XIII.
1248 2871 1381 2982 soljdi.
1411 2875 1455 2952 in
1483 2870 1580 2952 uilla
1609 2873 1700 2953 hoa.
1730 2875 1779 2954 Il.
1808 2869 1946 2954 solidi.
1975 2886 2015 2950 et
2034 2869 2070 2946 in

279 2985 467 3067 inferiori
493 2982 574 3063 hoa
602 2995 749 3090 quarta
777 3007 872 3088 pars
897 2978 1035 3081 solidi;
1064 2984 1117 3062 Jn
1144 2981 1245 3062 uilla
1286 2981 1482 3092 waldbuj.
1519 2983 1589 3063 Vl.
1619 2983 1758 3084 solidi;
1788 2984 1832 3065 in
1860 2981 1966 3063 uilla
1994 2976 2073 3061 dal·

278 3095 364 3177 hui.
395 3093 488 3175 ΙΙΙΙ.
517 3090 647 3172 solidi.
678 3093 722 3171 in
750 3091 847 3170 uilla
876 3091 1074 3172 solastam.
1104 3091 1215 3171 VllI.
1247 3093 1379 3202 soljdi.
1408 3097 1452 3175 in
1480 3092 1578 3174 uilla
1606 3094 1827 3175 molestam.
1844 3095 1934 3175 ,Va
1957 3087 2076 3174 solidi

279 3209 443 3288 Summa
457 3204 582 3290 trium
610 3201 866 3281 marcharum
894 3229 1054 3280 annuus
1070 3201 1292 3284 redditusa
1320 3204 1492 3313 prefatis
1513 3202 1707 3285 fratribus
1736 3223 1945 3314 perpetuo
1962 3199 2079 3312 possi·

280 3315 451 3398 dendus.
517 3317 715 3418 Quartam
750 3339 925 3393 marcam
964 3313 1173 3392 annuatim
1206 3315 1385 3423 recipere
1420 3313 1571 3396 debent
1605 3317 1649 3394 in
1677 3315 1775 3396 uilla
1804 3343 1892 3424 que
1916 3328 2079 3396 uocatur

280 3424 487 3508 lamsacre.
518 3427 683 3504 uiuente
714 3420 924 3504 dumtaxat
951 3425 1237 3532 prenominata
1266 3424 1425 3506 femina.
1482 3427 1670 3506 Preterea
1699 3423 1910 3507 dederunt
1955 3419 2082 3534 pre'di·

280 3539 356 3620 ctis
396 3534 604 3616 monachis
631 3531 720 3640 alij3
751 3532 889 3615 fideles
917 3561 994 3641 pro
1028 3534 1158 3615 salute
1188 3535 1411 3617 animarum
1437 3563 1604 3616 suarum
1630 3537 1854 3646 stephanus
1887 3531 2086 3642 archiepi·
2171 3569 2174 3640 j

279 3675 428 3756 scopus
456 3672 579 3725 unam
608 3671 781 3724 marcam
810 3646 935 3724 annui
967 3643 1161 3726 redditus.
1219 3648 1370 3728 Sweno
1401 3645 1529 3727 frater
1540 3645 1695 3728 eschilli
1716 3644 2087 3738 dimidiamhoram
2173 3679 2174 3720 ;

282 3762 326 3842 in
360 3771 592 3837 urstnrster.
646 3753 869 3862 Regenfrid
903 3755 984 3834 filia
1012 3755 1168 3836 ricwid.
1198 3758 1269 3836 lll.
1299 3756 1448 3838 solidos
1476 3758 1519 3837 in
1549 3758 1674 3840 briste
1700 3765 1741 3839 &
1768 3773 1972 3868 quartam
2004 3782 2092 3868 par·
2173 3823 2174 3826 .

284 3887 365 3952 tem
395 3867 524 3948 solidi.
556 3881 597 3944 et
625 3864 736 3946 alios
774 3867 847 3945 ΙΙΙ.
884 3863 1036 3944 solidos
1073 3865 1259 3947 uendidit
1293 3869 1349 3947 eis
1384 3869 1427 3947 in
1444 3865 1646 3952 ,wedlum
1705 3869 1896 3950 Clemens
1929 3884 1976 3949 et
2006 3861 2090 3975 Igul
2172 3899 2174 3906 ’

283 3978 486 4062 dederunt
526 3974 739 4057 dimidium
781 3972 954 4055 solidum
997 3976 1042 4053 in
1078 4003 1289 4084 spangum.
1355 3976 1578 4086 Ingeberch
1610 3979 1794 4061 uendidit
1822 3979 1887 4058 eis
1919 3978 2095 4061 solidum

281 4097 324 4173 ὃς
357 4087 570 4171 dimidium
603 4088 648 4166 in
684 4087 844 4194 grenbu
848 4115 874 4194 J
906 4102 946 4166 et
974 4098 1057 4165 tres
1085 4084 1236 4166 solidos
1264 4088 1308 4167 in
1336 4086 1532 4187 bildebui;
1581 4092 1776 4170 Preterea
1803 4090 1973 4170 habent
2008 4086 2097 4170 soli-

283 4202 381 4284 dum
415 4202 461 4281 in
489 4199 674 4280 loustum.
703 4201 743 4276 &
771 4194 946 4277 solidum
973 4202 1013 4276 Bc
1047 4194 1258 4279 dimidium
1285 4197 1329 4278 in
1345 4197 1519 4306 uagum.
1575 4200 1700 4282 Botilt
1733 4202 1950 4282 comitissa
1991 4195 2099 4281 dedit

284 4313 342 4394 eis
371 4309 578 4394 dimidiam
605 4307 749 4387 horam
770 4309 822 4387 ‘in
850 4306 951 4388 lene.
1067 4375 1069 4382 .
1892 4345 1895 4350 ·

452 4421 537 4501 Hec
565 4435 605 4500 et
633 4418 771 4497 omnia
800 4445 879 4527 que
907 4416 1101 4527 sepedicti
1129 4416 1272 4498 fratres
1301 4415 1398 4497 data
1434 4417 1499 4499 uel
1528 4440 1660 4530 empta
1689 4419 1908 4531 possident
1936 4449 2044 4502 -cum
2058 4420 2104 4499 si·

284 4531 372 4662 gilli
414 4531 543 4642 nostri
591 4529 824 4612 testimonio
864 4530 975 4638 regie
1018 4528 1280 4638 protectionis
1315 4545 1361 4607 ut
1396 4527 1543 4639 prefati
1578 4559 1715 4614 sumus
1743 4531 1969 4614 munimus
2001 4547 2107 4616 tuta·

223 4671 244 4692 ·¹
275 4669 404 4727 mute.
449 4709 451 4712 -
1203 4663 1206 4671 ’

480 4783 617 4867 sigillet,
640 4783 741 4868 i'gult
762 4803 834 4864 vax,
854 4781 1015 4866 htngnnde
1036 4783 1076 4870 pt
1094 4781 1261 4850 hvita'fint
1280 4781 1428 4849 trinnude
1447 4783 1573 4866 tridar,
1594 4805 1627 4850 se
1647 4784 1728 4852 Τὼ.
1750 4801 1780 4852 2.
1797 4801 1852 4860 ,nto
1878 4805 1914 4850 π.
