4368 5950
713 341 1312 434 ’-165,-“

50 610 52 618 “
155 585 279 696 142.
806 607 950 708 ¹2¹1
1003 569 1051 672 d.
1102 607 1128 711 7
1178 572 1306 702 Nov.
1575 701 1578 712 Ι
1625 567 1933 734 [Laterani

221 789 313 872 Ρὸἰν.
335 790 535 852 incoenatus
556 791 624 854 llln
644 787 816 868 befalluing
836 788 886 849 till
906 784 1156 870 isle-Bishapur
1178 789 1188 847 i
1210 786 1299 848 Lund
1319 786 1379 847 och
1401 788 1585 872 Biskopeu'i
1607 789 1689 871 llige
1708 799 1755 850 att
1776 789 1928 854 anderad-

270 873 310 934 la
331 870 491 934 huruvida
513 893 550 933 eu
572 873 709 1015 Borqare
732 872 874 968 Soranos
894 873 904 930 i
927 869 1018 966 Lund
1040 890 1098 934 var
1117 871 1128 930 i
1150 867 1223 966 dade
1242 867 1293 930 led
1313 868 1471 967 besltgtad
1494 870 1565 932 med
1577 873 1623 933 sin
1635 872 1755 950 husuu,
1767 873 1925 938 tillbvart
1997 902 1999 906 ¹

260 952 406 1050 ‘arunde
426 952 499 1031 ban,
522 953 561 1038 pl
583 953 643 1015 fals
665 974 684 1013 a
709 953 879 1038 uppgrller,
900 950 1029 1014 erhbllrt
1051 949 1156 1033 Pallrg
1177 953 1403 1035 Drspeusabou.
1935 991 1937 996 ,

1200 1057 1203 1064 ’
1289 1063 1379 1140 32⁰²·
1397 1077 1422 1116 2:
1441 1063 1499 1119 560.
1524 1064 1580 1120 An.
1605 1063 1643 1134 14.
1663 1061 1715 1136 Ep.
1736 1083 1794 1122 tar.

411 1257 415 1268 ·
510 1199 712 1282 Ltmdeosi
729 1198 1049 1308 Arodiepiscopo,
1081 1202 1120 1275 8(
1148 1197 1341 1308 Episcopo
1369 1199 1547 1304 Rigensi.

207 1349 235 1376 ·’
303 1341 367 1422 Ad
396 1356 575 1420 nostram
604 1341 797 1422 noveritis
827 1339 1070 1420 audientiam
1106 1341 1336 1446 pervenisse
1365 1337 1477 1449 quod
1507 1340 1683 1450 Strango
1704 1344 1801 1424 civis
1815 1345 1926 1426 Lun-

1 1549 2 1552 Ν
135 1452 270 1534 densis
298 1478 373 1560 per
403 1453 714 1558 suggestionem·
729 1449 909 1531 falsitatis
938 1457 977 1530 Sc
1005 1451 1186 1530 veritatis
1214 1452 1534 1557 suppressionem
1563 1453 1607 1530 in
1626 1471 1775 1562 quarto
1796 1452 1926 1536 allini-

132 1565 229 1644 tatis
264 1559 411 1670 gradu,
440 1589 525 1669 quo
552 1589 663 1644 suam
693 1560 893 1668 contingit
922 1588 1108 1655 uxorem,
1139 1581 1161 1639 a
1189 1561 1307 1639 nobis
1335 1560 1644 1669 dispensationis
1672 1564 1824 1645 litteras
1853 1565 1926 1646 im-

133 1675 321 1782 petravit.
387 1672 568 1751 Asseruit
601 1698 776 1782 namque
797 1669 912 1779 quod
940 1689 1033 1751 aute
1061 1688 1312 1769 contractum
1343 1674 1640 1754 matrimonium
1668 1671 1840 1780 gradum
1866 1673 1925 1754 af·

131 1785 301 1866 finitatis
328 1781 509 1890 ejusdem
539 1783 745 1889 ignorarat
779 1781 1036 1876 omuin0,'ac
1064 1783 1142 1863 sibi
1171 1785 1263 1861 vitae
1278 1782 1503 1888 periculum
1519 1785 1749 1866 imminebat
1764 1785 1841 1863 nisi
1856 1810 1925 1864 co·
2032 1883 2034 1887 ι
2148 1847 2154 1864 ,

131 1895 334 1976 habitaret
376 1890 517 1972 eidem.
562 1891 675 2001 quod
704 1893 846 2000 utique
874 1919 899 1970 a
927 1894 1117 1989 veritate,
1147 1892 1250 1986 sicut
1279 1895 1525 2001 accepimus,
1554 1912 1614 1975 est
1642 1896 1801 2002 penitus
1829 1895 1926 1974 alie·

131 2012 248 2087 uum.'
307 2003 420 2108 Quin
458 2003 611 2109 potius,
648 2003 681 2082 si
710 2001 943 2108 hujusmodi
971 2003 1120 2111 copula
1148 2004 1425 2111 permittatur,
1454 2005 1722 2114 quamplures
1741 2005 1925 2114 exemplo
1987 2089 1989 2094 ,

87 2211 89 2216 ,
131 2117 259 2224 ipsius
293 2113 344 2195 ad
373 2128 604 2200 contractus
633 2112 791 2195 illicitos
823 2113 1083 2221 aspirabunt,
1111 2141 1185 2194 nec
1207 2113 1332 2194 abeis
1352 2131 1547 2222 poterunt
1562 2115 1752 2196 cohiberi
1788 2118 1925 2218 .Quo-

1 2220 2 2223 Ὺ
130 2229 240 2307 cirea
277 2223 521 2334 fraternitati
556 2239 699 2303 vestrae
734 2249 808 2331 per
842 2223 1064 2330 apostolica
1099 2225 1248 2332 scripta
1282 2222 1517 2307 mandamus
1554 2229 1745 2336 quatinus
1773 2227 1926 2318 voeatis

130 2341 204 2456 qui
232 2336 385 2416 fuerint
411 2332 626 2429 evocandi,
655 2335 689 2414 si
718 2334 929 2443 praemissis
957 2337 1104 2414 veritas
1136 2333 1391 2445 suffragatur,
1421 2365 1511 2418 eum
1526 2338 1760 2418 intentionis
1774 2353 1925 2418 nostrae

130 2475 215 2529 non
243 2445 367 2526 fuerit
393 2442 626 2553 hujusmodi
655 2445 859 2552 precatori
887 2443 1069 2526 mendaci
1098 2445 1405 2553 dispensationis
1434 2447 1671 2527 beneficium
1700 2447 1924 2556 indulgere,

51 2633 53 2644 Α
129 2557 277 2640 litteris
306 2557 385 2635 illis
412 2555 970 2664 nequaquamobstantibus,
1000 2551 1113 2667 quod
1141 2557 1380 2638 canonicum
1407 2556 1924 2668 fueritsublatoappella·

128 2671 253 2750 tionis
288 2665 498 2752 obstaculo
535 2667 740 2761 statuatis,
776 2665 963 2746 facientes
998 2665 1110 2777 quod
1139 2664 1396 2750 decreveritis
1425 2695 1498 2778 per
1527 2696 1734 2770 censuram
1763 2669 1925 2750 ecelesia
2060 2681 2091 2700 “

128 2781 298 2861 osticam
326 2778 494 2876 firmiter
521 2773 738 2858 observari.
797 2779 947 2858 Datum
975 2777 1166 2860 Laterani
1195 2779 1283 2858 Vll.
1314 2775 1411 2861 ldus
1438 2781 1631 2874 Novemb.
1661 2779 1923 2890 pontificatus
2032 2844 2038 2850 .

128 2892 261 2973 nostri
289 2916 399 2969 anno
427 2883 742 3000 quartodecimo.

1886 3221 1889 3229 ι
1901 3191 1907 3232 l

138 3284 268 3408 143.
409 3433 413 3440 .
618 3203 620 3208 '
743 3211 1241 3440 rosodlAPl:
1393 3297 1448 3336 ⁸
1560 3403 1563 3407 ,
1691 3259 1921 3450 Laleram

212 3515 306 3580 Pttv.
328 3515 536 3576 Incensus*
549 3495 620 3576 mu
640 3499 801 3578 Fullmakt
821 3517 870 3578 lb'r
890 3512 1140 3597 isle-Biskopen
1162 3517 1173 3576 i
1194 3515 1283 3578 Luud
1304 3487 1354 3576 att
1369 3537 1449 3578 vara
1469 3515 1548 3581 Psfl.
1569 3519 1699 3601 Legati
1723 3518 1919 3602 Sverigeocb

263 3595 424 3663 naaman
444 3597 495 3660 till
515 3595 738 3674 besordraudet
760 3599 797 3659 af
812 3598 1041 3680 heduingarnas
1060 3598 1274 3660 omvlndelse..
1681 3643 1687 3658 .
1708 3627 1711 3638 ·
1783 3637 1792 3656 s

1136 3765 1139 3772 ,
1164 3711 1786 3790 r.s:1tx,.2=ool.An.ss.Ep.14
1828 3743 1841 3766 ι.
1891 3713 1896 3719 ’

295 3849 545 3928 Innocentius
573 3844 656 3926 III.
687 3845 1032 3958 Arolriepiscopum
1061 3848 1306 3928 Luodensem
1342 3854 1541 3932 coustituit
1569 3855 1778 3962 apostolice
1805 3822 1920 3930 Sedis

328 3959 529 4064 Legatum
555 3963 597 4036 zia
623 3957 790 4054 Sceuae,
822 3977 861 4038 et
889 3962 1025 4040 Dctiae
1052 3961 1192 4064 Regno
1204 3986 1285 4068 pro
1300 3961 1528 4065 Infidelium
1543 3968 1806 4044 couversione-
1902 3997 1904 4003 ·

298 4069 551 4148 Innocentius
592 4071 665 4147 &o
708 4071 934 4148 Venerabili
961 4073 1104 4151 Fratri
1120 4128 1127 4147 .
1146 4130 1155 4149 .
1171 4131 1180 4150 .
1196 4071 1398 4152 Lundeusi
1425 4073 1723 4184 Arcluepiscopo
1749 4075 1940 4184 Aposte‘
2014 4114 2017 4134 =

311 4180 400 4258 'lice
427 4179 540 4259 Sedis
566 4180 723 4285 Legato
751 4180 929 4260 Salutem
957 4185 1029 4260 &o
1797 4189 1814 4202 “’
2020 4203 2027 4212 ·

294 4321 407 4402 Illam
437 4320 487 4404 de
516 4316 742 4429 probitate,
769 4341 810 4402 et
838 4323 1048 4404 honestate
1077 4340 1147 4404 tua
1178 4323 1364 4407 fiduciam
1392 4325 1639 4428 obtinemus,
1655 4345 1701 4408 ut
1714 4324 1790 4407 tibi
1810 4320 1918 4404 vices'

1 4491 2 4496 Ν
116 4453 283 4525 nostras
325 4460 463 4514 secure
508 4433 552 4510 in
594 4431 732 4512 arduis
760 4435 934 4543 negotiis
963 4435 1277 4529 committamus,
1305 4455 1529 4542 sperantes,
1566 4434 1679 4547 quod
1707 4435 1759 4518 ad
1788 4434 1916 4517 divini

114 4545 302 4631 nominis
330 4544 517 4650 gloriam,
545 4561 586 4649 et
613 4545 832 4650 apostolice
861 4545 976 4626 Sedis
1004 4545 1201 4626 honorem
1217 4572 1263 4626 ea
1274 4563 1429 4654 satages
1444 4575 1693 4657 promovere.
1724 4547 1825 4629 Cum
1839 4545 1914 4655 igi-

114 4676 193 4742 tur
229 4654 454 4735 Christiane
488 4650 581 4733 fidei
617 4654 703 4735 zelo
738 4659 955 4738 succensus
984 4655 1035 4736 ad
1063 4654 1379 4738 convertendum
1408 4661 1708 4740 circumstantes
1735 4681 1916 4768 paganos

99 4769 171 4850 ab
203 4785 345 4848 errore
358 4762 409 4844 ad
423 4765 628 4846 veritatem
644 4791 729 4845 non
744 4766 948 4848 modicum
964 4765 1224 4863 laboraveris,
1238 4783 1280 4846 et
1308 4765 1440 4850 adhuc
1455 4770 1641 4852 laborare
1655 4769 1926 4881 dispensant

112 4879 201 4966 hoo
240 4875 400 4986 plenius
427 4891 468 4959 et
494 4869 696 4956 efficacius
724 4880 948 4988 exequaris,
982 4879 1066 4961 Nos
1094 4877 1171 4961 tibi
1197 4878 1304 4960 vices
1331 4896 1490 4964 nostras
1517 4878 1703 4968 duximus
1731 4878 1913 4968 commit-
