4406 5966
770 465 829 492 -
940 407 1282 570 ⁷⁰⁷³*

17 649 23 658 ’
97 655 387 772 expendantur,
415 651 563 736 Decem
590 675 689 732 vcro
716 644 912 746 stinoncs
940 649 981 729 &
1008 642 1078 728 alii
1104 645 1215 728 VIII.
1241 641 1361 730 solidi
1388 641 1441 730 ad
1469 671 1626 730 memes
1647 644 1819 732 fratrum
1836 651 1882 736 in

7 843 12 858 .
94 783 290 856 conuentu
317 766 360 847 in
384 764 453 846 illa
481 755 708 844 ebdomada
736 784 820 870 qua
847 757 985 838 missas
1013 754 1161 866 uiginti
1218 784 1270 838 ue
1300 755 1435 840 infras
1488 757 1758 848 citabuntur
1770 759 1883 870 jdeut

94 879 230 962 iratres
259 875 524 965 celebrabturt
551 900 627 984 per
654 867 969 975 sollicitudinem
996 871 1040 952 &
1061 784 1375 979 'prouidentiam
1473 871 1578 972 batis
1606 871 1673 961 uel
1692 873 1787 965 ‘eius
1815 875 1884 973 eui
1957 870 1988 952 .'

93 977 169 1100 ipse
197 988 459 1086 commiserit,
487 983 785 1094 erogabuntur,
814 977 1002 1062 undecim
1030 995 1165 1062 autem
1186 981 1311 1092 *misse
1339 997 1461 1066 erunt
1488 1010 1566 1095 pro
1580 982 1771 1084 omuibus
1783 982 1884 1070 fide

92 1093 189 1186 libus
218 1097 438 1197 defunctis,
466 1098 524 1189 ita
552 1093 699 1180 tumen
717 1089 831 1204 quod
857 1093 991 1200 prima
1019 1089 1190 1174 collecta
1225 1107 1319 1201 post
1346 1109 1518 1179 mortem
1552 1123 1682 1184 meam
1710 1121 1789 1206 pro
1818 1123 1884 1200 me

90 1211 307 1324 specialiter
334 1211 553 1308 habeatur,
581 1205 751 1316 Relique
779 1228 878 1284 vero
906 1203 977 1284 IX.
1007 1202 1202 1286 missaha
1231 1219 1370 1304 erunt,
1404 1207 1536 1316 prima
1564 1205 1621 1290 do
1645 1209 1883 1302 mactetui-⁴

91 1325 221 1406 nitate.
251 1319 437 1406 Secunda
465 1317 517 1402 de
543 1334 682 1400 sancta
703 1340 836 1398 cruce.
866 1313 1011 1396 Tereia
1040 1311 1103 1396 de*
1119 1312 1239 1396 beata
1253 1315 1424 1424 uirgine.
1454 1319 1620 1423 Quarta
1638 1317 1884 1430 de'angelis.

91 1433 251 1540 Quinta.
281 1431 333 1516 dc
360 1431 555 1541 apostolis
582 1426 770 1512 Sextade
784 1424 1046 1533 martyribus.
1076 1425 1266 1534 Septima.
1294 1423 1346 1508 de
1367 1427 1677 1513 confessorIbus'.
1712 1431 1885 1534 Octaua.

90 1543 137 1628 de
164 1542 402 1656 virginibus.
431 1543 551 1625 Nona
582 1540 634 1624 de
662 1535 850 1633 omnibus
877 1537 1038 1619 sanctis.
1087 1536 1193 1619 Item
1227 1564 1353 1618 vuum
1395 1555 1617 1648 attungum
1639 1545 1684 1625 In
1711 1537 1813 1642 sebi
1840 1544 1885 1640 iu

119 1654 276 1764 arochia
304 1654 455 1764 etrabyr
482 1649 512 1756 lt
540 1653 614 1763 qui
641 1650 850 1736 annuatim
877 1648 1001 1730 soluit
1028 1649 1121 1730 VII.
1151 1646 1357 1750 thinones
1385 1653 1425 1730 dr
1454 1650 1554 1734 VIII
1590 1649 1742 1742 solidos
1774 1653 1885 1737 sImI·

90 1686 177 1856 Iiter
204 1763 370 1849 confero
398 1767 442 1848 in
456 1683 579 1848 bunc
606 1761 783 1846 modum.
811 1760 872 1842 De
900 1789 983 1843 vno
1011 1759 1197 1860 thinone
1238 1761 1308 1840 liat
1336 1761 1506 1844 ceruisia
1533 1759 1586 1852 de
1614 1761 1744 1854 altero
1784 1765 1907 1867 fiant.

90 1905 210 1988 panes
238 1882 279 1958 tr
306 1903 398 1958 cum
432 1875 595 1970 duobus
636 1871 862 1974 tirnonibus
902 1887 1061 1958 ematur
1101 1868 1263 1955 lardum
1291 1873 1331 1952 &
1371 1869 1553 1966 butirum
1581 1872 1625 1954 in
1651 1873 1885 1986 pitanciam
1947 1947 1951 1954 .

89 1987 170 2070 XL.
200 2015 426 2098 pauperum
453 2015 533 2070 rna
561 1985 718 2068 dierum
747 1981 973 2066 ebdomade
999 2011 1081 2095 qua
1110 1980 1342 2176 suppradicte
1370 1985 1488 2066 misse
1520 1981 1646 2074 xxm
1677 1984 1885 2084 celebran-

90 2116 165 2181 tur.
193 2099 289 2180 Duo
317 2107 452 2182 autern
480 2097 686 2198 thinones
714 2111 1016 2178 commutentur
1034 2095 1097 2200 ,in
1168 2094 1330 2179 euarios
1377 2093 1450 2203 qui
1490 2121 1583 2179 cum
1611 2110 1706 2182 octo
1741 2096 1888 2195 :solidis

88 2209 386 2293 remanentibus
413 2211 521 2310 inter
550 2204 711 2300 eosdem
746 2207 833 2300 XL,
863 2233 1065 2314 pauperes
1094 2205 1308 2316 ,equaliter
1350 2199 1598 2300 diuidentur.
1624 2235 1752 2300 unum
1785 2235 1886 2308 vero

88 2319 309 2424 thinonem
336 2322 410 2433 qui
438 2319 572 2420 adbuc
600 2318 652 2404 de
682 2319 771 2401 Vll.
798 2334 981 2425 superest
1010 2314 1070 2401 illi
1098 2315 1217 2399 fratri
1244 2317 1317 2428 qui
1344 2317 1389 2410 in
1416 2315 1503 2398 istis
1526 2315 1775 2416 laborauerit
1790 2345 1886 2430 prov
1916 2335 1922 2354 '

88 2431 301 2544 sequendis
329 2431 497 2514 confero
526 2427 706 2541 proauo
736 2428 875 2512 labore
905 2432 946 2508 &
973 2423 1247 2510 sollicitudine
1275 2430 1460 2510 insuam
1493 2428 1706 2539 specialem
1732 2433 1886 2519 utilita-

90 2561 168 2626 tem
196 2540 536 2625 commutandum
579 2541 665 2630 Hoc
693 2556 830 2622 autem
857 2538 993 2622 omnia
1015 2535 1190 2622 debent
1217 2538 1306 2620 fieri
1335 2539 1519 2647 proxima
1561 2538 1764 2624 dominica
1792 2557 1888 2655 post
1996 2593 1999 2596 -
2125 2594 2144 2644 4

90 2651 358 2737 ebdomadam
386 2645 592 2736 trinitatis.
622 2652 811 2734 Ceterum
840 2676 942 2768 rogo
969 2649 1178 2750 humiliter
1205 2655 1426 2738 &attente
1454 2667 1500 2742 vt
1524 2677 1602 2761 pro
1629 2655 1743 2734 curia
1763 2681 1887 2766 quam

88 2764 269 2850 eiusdem
297 2764 465 2847 claustri
493 2761 717 2870 conuentuj
748 2766 792 2842 in
820 2768 1062 2874 testamento
1090 2761 1291 2870 assignaui
1319 2788 1432 2843 meus
1465 2763 1765 2846 anniuersarius
1793 2793 1888 2848 cum

87 2876 304 2986 vigiliis&
332 2877 478 2972 missis,
508 2878 551 2958 in
580 2875 748 2984 singulis
776 2874 893 2956 annis
935 2889 1030 2981 post
1071 2871 1229 2954 obitum
1257 2899 1390 2953 meum
1418 2869 1590 2954 fideliter
1631 2873 1885 2958 obstruetur.

87 2988 191 3068 Item
220 2986 374 3068 curiam
402 3013 530 3068 meam
558 2989 601 3068 in
629 2985 779 3067 nericia
807 3012 887 3095 que
914 2981 1064 3065 dicitur
1084 2981 1269 3081 ·fethlisti
1295 3011 1386 3065 cunr
1424 2979 1729 3067 molendino&
1755 2987 1886 3067 onmi-
2013 2989 2016 3003 ’

85 3099 162 3183 bus
192 3095 410 3180 mobilibus
446 3096 525 3185 sibi
574 3096 802 3178 attinenciis
844 3111 983 3203 preter
1024 3094 1225 3204 mancipia
1260 3092 1411 3204 quibus
1450 3093 1680 3178 libertatem
1707 3095 1886 3182 confuto.

85 3208 181 3291 volo
196 3205 340 3306 uendi,
369 3213 410 3288 &
438 3196 489 3291 de
505 3208 741 3319 preciosius
768 3206 935 3322 siugulis
963 3207 1148 3287 claustris
1175 3205 1220 3287 in
1247 3232 1376 3314 regno
1404 3207 1581 3315 exceptis
1609 3206 1706 3308 illis,
1734 3203 1888 3319 quihus
2024 3254 2030 3262 ·
2125 3175 2128 3184 Ἴ

87 3319 228 3431 predia
256 3318 485 3428 specialiter
512 3320 772 3428 assignauero
802 3319 934 3428 quuc
975 3344 1129 3404 marcas
1172 3311 1433 3398 denariorum
1447 3317 1651 3508 spersolui.
1708 3319 1887 3431 Singulis

83 3433 212 3514 eciam
241 3430 417 3517 ecclesiis
445 3431 490 3511 in
521 3459 697 3540 quarum
714 3461 721 3478 ⁸
727 3423 929 3538 parochiis
965 3430 1096 3508 curias
1135 3427 1324 3536 possideo
1367 3456 1444 3510 con
1749 3435 1752 3442 ’

83 3541 357 3624 denariorum.
388 3541 676 3623 Sacerdotibus
704 3566 805 3621 uero
840 3566 977 3620 earum
1017 3539 1187 3648 singulis
1228 3567 1351 3621 unam
1378 3567 1551 3622 vaccam.
1587 3543 1773 3623 Preterca
1800 3544 1884 3626 .ΙΠ.

1464 3456 1535 3510 ero
1562 3457 1683 3511 ruam
1710 3459 1886 3515 marcam
2016 3503 2025 3510 .
2132 3425 2137 3440 ’

78 3680 179 3734 oras
206 3669 314 3732 terre
340 3654 385 3734 in
412 3651 559 3752 veerte
587 3651 752 3734 confero
780 3649 987 3730 fratribus
1018 3648 1340 3758 predicatoribus
1367 3647 1418 3732 de
1446 3653 1588 3733 insula.
1645 3652 1756 3731 Duas
1783 3679 1885 3735 uero
1938 3653 1944 3668 ’
2020 3637 2040 3701 f
2153 3647 2179 3684 ⁵

81 3791 179 3846 oras
206 3779 314 3844 terre
342 3743 494 3846 ibidem
523 3763 766 3844 monialibus
794 3761 845 3843 de
873 3787 952 3842 sco.
982 3787 1103 3844 vnam
1131 3777 1267 3842 autem
1295 3787 1409 3842 oram
1444 3779 1552 3844 terre
1580 3758 1632 3843 de
1659 3759 1798 3845 eadem
1813 3793 1884 3848 cu·

82 3879 163 3958 ria*
176 3872 419 3957 monialibus
447 3871 498 3958 de
525 3873 759 3956 sicothonia.
788 3899 929 3955 verum
958 3872 1008 3952 X.
1037 3870 1189 3954 soIIdos
1217 3888 1325 3954 terre
1356 3870 1406 3954 de
1435 3871 1501 3954 illa
1530 3873 1642 3954 curia
1670 3869 1816 3956 fratres
1830 3874 1884 3960 de
1931 3895 1934 3902 '
2005 3913 2012 3928 ·

80 3987 218 4076 insula
245 3986 395 4096 quibus
423 3986 503 4068 hoc
530 3984 672 4066 dixero
700 3984 873 4068 fideliter
901 3983 1150 4093 pauperibus
1164 3982 1423 4066 distribuant.
1444 3984 1549 4064 sicut
1563 3983 1619 4066 eis
1647 3983 1883 4070 mandatum

80 4099 210 4180 fuerit
239 4102 422 4206 precium
450 4099 694 4180 ordinantes·
712 4096 823 4176 Duas
850 4095 1032 4177 similiter
1060 4121 1151 4176 oras
1179 4112 1287 4177 terre
1314 4095 1359 4173 in
1386 4092 1572 4203 predicto
1586 4095 1757 4203 woestbi
1779 4096 1889 4184 duo···

80 4211 166 4292 bus
194 4209 380 4290 claustris
409 4207 582 4290 fratrum
604 4209 805 4289 minorum
834 4205 1068 4299 ostraharns
1097 4235 1138 4288 s.
1167 4205 1327 4306 witebi.
1358 4206 1528 4317 assigno.
1567 4209 1754 4290 Preterea
1782 4207 1888 4294 duas

80 4347 180 4426 pras
207 4335 315 4400 terre
341 4319 524 4404 residuas
550 4317 649 4406 uolo
677 4321 801 4410 eciam
828 4316 951 4400 uendi
980 4321 1020 4398 a
1047 4317 1263 4400 decatum
1292 4319 1431 4424 precio
1465 4314 1585 4400 fratri
1610 4317 1763 4401 Iacobo
1791 4347 1885 4403 aro·

79 4431 208 4512 sien'si
238 4429 327 4511 dari
354 4433 424 4512 Ill.
452 4457 619 4514 marcas.
649 4429 768 4510 fratri
797 4427 992 4512 Nicholao
1020 4427 1245 4539 sigtunensi
1286 4453 1417 4510 ruam.
1444 4433 1486 4510 δι
1511 4431 1640 4511 tercio
1663 4427 1782 4514 fratri
1808 4433 1883 4554 qui

78 4568 180 4624 curn
208 4541 265 4620 eis
293 4539 530 4625 ordinandis
559 4542 807 4624 laborauerit
834 4567 1170 4652 vnamwmarcam.
1219 4537 1428 4649 Quicquid
1471 4557 1606 4622 autern
1634 4544 1881 4652 superfuerit
1960 4537 1964 4545 ’
2021 4601 2029 4616 ,

77 4651 139 4736 dc
169 4655 306 4761 precio
334 4651 468 4762 predij
495 4654 672 4736 eiusdem
700 4653 949 4748 curie‚.cum
978 4652 1115 4760 precio
1149 4648 1360 4735 domorum
1388 4656 1429 4733 &
1457 4652 1629 4736 aliorum
1668 4643 1880 4764 mobilium

8 4777 13 4788 '
76 4779 229 4874 preter
256 4763 457 4872 manoIpia
471 4791 552 4874 quc
565 4764 745 4847 libertati
759 4760 869 4846 dedi.
881 4764 1103 4872 iunguntur
1117 4763 1255 4872 proclo
1269 4761 1883 4873 curic·felcstum‘'&vt²·dictuttt'

74 4873 150 4956 est
178 4873 445 4982 dispensetur.
487 4901 608 4955 ruam
636 4900 824 4968 marcam*
854 4874 1010 4983 argenti
1037 4872 1091 4954 de
1119 4873 1198 4955 illis
1213 4872 1399 4988 ¹confero
1424 4875 1606 4957 'eoeleste
1641 4875 1887 4988 lincopiensi:

75 4985 210 5067 varam
238 4981 425 5103 maroam.
442 4988 600 5096 argenti
627 4987 793 5102 ecclesie
812 4985 1127 5098 strengiauensi.
1155 4987 1257 5065 Item
1272 4985 1442 5097 confero·
1466 4985 1754 5092 conuentuide
1767 4988 1880 5093 aske·
1933 4985 1935 4990 ’
