4370 5950
808 457 883 533 ...Ι
983 411 1064 518 147.
1170 455 1226 476 .-

116 635 357 745 cunctisque
386 633 503 715 cultis
520 639 572 713 8(
599 631 774 714 incultis.
803 633 994 714 Similiter
1021 633 1240 712 exteriores
1288 635 1511 714 mmrsiones
1540 633 1580 712 8(
1608 626 1780 715 decimas
1808 655 1910 748 quas

87 745 315 832 ,fundator
344 745 488 828 domus
515 745 760 842 uenerabilis
789 746 953 826 antistes
980 744 1047 852 pie
1076 743 1265 822 memorie
1305 743 1422 825 Gislo
1466 743 1571 826 sedis
1614 744 1910 858 lingacopensis
2054 836 2055 840 Ν

115 859 292 940 ecclesie.
322 876 403 939 tam
433 859 475 936 in
505 856 717 964 nuthingia
747 883 869 964 quam
898 857 939 935 in
969 854 1208 962 phinnethia
1243 835 1372 933 eidem
1400 857 1491 935 loeo
1512 876 1709 964 perpetuo
1725 861 1908 966 contulit.
2027 941 2028 946 ,

115 967 330 1079 Quicquid
359 969 510 1050 scilicet
539 969 581 1046 in
610 966 708 1046 uilla
737 992 816 1077 que
845 967 976 1059 srucle
1005 971 1276 1073 nuncupatur.
1306 965 1440 1046 Locus
1454 983 1587 1045 uester
1615 969 1820 1075 predictus
1835 975 1910 1052 sei·

116 1082 213 1162 lieet
243 1081 462 1160 claustrum
492 1077 717 1159 noueuallis
746 1081 833 1158 iure
862 1093 1061 1186 perpetuo
1090 1075 1267 1184 possidet
1295 1076 1339 1184 in
1367 1081 1474 1186 agris
1503 1093 1548 1156 ut
1575 1079 1719 1184 prefati
1761 1110 1907 1163 sumus.

117 1193 258 1306 pratis.
289 1193 401 1271 siluis
428 1189 469 1270 8(
497 1193 665 1298 pascuis.
698 1191 817 1272 cultis
846 1196 885 1269 8(
915 1188 1087 1278 incultis.
1132 1186 1374 1268 molendinis
1403 1196 1441 1268 8(
1470 1187 1791 1272 molendinorum
1815 1194 1912 1274 locis

119 1299 301 1387 nondum
331 1301 536 1383 edificatis.
567 1301 814 1381 Mansionem
843 1317 1018 1381 uestram
1047 1303 1088 1380 in
1118 1298 1305 1380 tofthum.
1337 1305 1376 1378 8(
1392 1299 1699 1409 gulbrunzruth.
1730 1308 1770 1382 8(
1797 1332 1909 1385 man·

107 1419 272 1497 ‘sionem
302 1441 424 1524 quam
441 1411 572 1491 -uobis
601 1410 727 1491 felicis
756 1417 946 1492 memorie
975 1410 1162 1493 dominus
1191 1407 1372 1490 Absalon
1400 1411 1624 1493 Lundensis
1651 1413 1816 1494 ecclesie
1845 1443 1908 1494 ar-

119 1527 401 1636 chiepiscopus
430 1521 688 1632 predecessor
717 1538 855 1603 noster
886 1526 927 1605 in
943 1540 1178 1632 perpetuam
1193 1523 1446 1602 elemosinam
1462 1522 1614 1602 elausto
1636 1542 1770 1605 uestro
1785 1524 1910 1606 dona-

119 1641 191 1720 uit.
220 1635 423 1718 uocabulo
454 1631 682 1714 Sicleberch
712 1635 771 1712 in'
796 1633 1011 1715 hallandia.
1040 1632 1111 1714 sed
1133 1630 1161 1742 ¹)
1191 1639 1230 1711 8(
1258 1632 1523 1713 donacionem
1538 1663 1659 1744 quam
1689 1640 1910 1743 proanima

120 1747 329 1858 algoti'de
358 1743 491 1827 Sande
520 1762 602 1824 tam
631 1772 735 1823 uxor
796 1773 886 1824 uam
915 1743 1080 1825 heredes
1118 1745 1213 1823 eius.
1245 1743 1484 1852 neskunger.
1514 1752 1553 1826 8(
1581 1746 1715 1852 ceterj.
1746 1749 1788 1826 in
1810 1748 1908 1827 uilla

118 1864 236 1942 iuxta
264 1852 529 1940 kalmarniam
556 1856 721 1936 nomine
751 1855 778 1935 S
809 1856 947 1955 ieldbir
977 1855 1054 1937 deo
1083 1860 1123 1934 8(
1151 1870 1286 1935 sancte
1315 1851 1437 1935 blarie
1466 1885 1573 1936 noue
1595 1855 1713 1937 uallis
1729 1878 1910 1941 scotaue-

117 1991 229 2053 runt.
258 1971 522 2076 Piscationem
552 1984 685 2046 autem
713 1986 889 2074 emptam
918 1965 1123 2075 condigno
1146 1967 1285 2072 precio
1301 1994 1324 2043 a
1339 1968 1509 2046 Kauuto
1524 1967 1590 2076 pie
1607 1974 1796 2051 memorie
1817 1999 1910 2080 rege

118 2087 333 2165 Sueornm.
365 2078 568 2162 uocabulo
597 2073 776 2157 Skethen
805 2080 848 2158 in
876 2077 1082 2160 sunderbo
1110 2075 1236 2158 hered
1265 2078 1306 2154 in
1324 2077 1574 2184 phinnethia.
1591 2079 1911 2163 similiter&ali-

117 2226 182 2276 am
199 2194 459 2302 piscationem
475 2218 554 2302 qne
570 2191 613 2270 in
629 2190 705 2271 fine
721 2189 832 2284 Rusk
861 2191 928 2270 Os.
946 2188 1187 2298 appellatur.
1219 2185 1298 2268 Sed
1320 2187 1349 2300 ¹)
1366 2193 1404 2267 8(
1419 2189 1693 2270 molendinum
1709 2191 1908 2302 langheid.

117 2304 208 2386 Hec
237 2321 374 2384 autem
401 2303 533 2383 omnia
557 2300 735 2408 propriis
764 2300 973 2382 uocabulis
1002 2301 1083 2380 suis
1106 2298 1391 2407 distinguendo
1406 2301 1643 2382 notauimus.
1672 2307 1767 2412 quia
1782 2332 1912 2411 prona

115 2431 219 2517 sunt
248 2420 292 2496 in
317 2414 469 2493 malum
498 2410 630 2492 studia
660 2412 854 2520 presentis
883 2413 1009 2494 etatis.
1039 2439 1131 2492 oum
1159 2409 1244 2493 dies
1273 2409 1472 2494 rnalisint.
1504 2416 1543 2487 8(
1571 2411 1743 2493 mundus
1758 2415 1801 2493 in
1828 2441 1912 2493 ma·

116 2531 235 2636 ligno
264 2527 431 2634 positus.
461 2551 534 2604 nec
562 2522 657 2600 sinit
687 2549 909 2630 prauorum
938 2522 1146 2602 hominum
1175 2520 1326 2602 malitia
1348 2523 1392 2601 in
1406 2523 1544 2634 quiete
1560 2520 1705 2634 degere
1721 2526 1830 2604 uiros
1846 2552 1909 2604 re·

115 2639 297 2746 ligiosos.
324 2636 416 2743 paci
444 2639 484 2714 8(
511 2634 644 2742 quieti
666 2630 880 2712 studentes.
911 2661 1017 2718 eum.
1044 2659 1138 2740 sepe
1181 2633 1300 2711 etiam
1341 2659 1391 2711 ex
1419 2633 1539 2712 rebus
1567 2633 1668 2713 iuste
1711 2638 1914 2744 acquisitis

113 2747 362 2829 multociens
390 2746 546 2824 oriatur
574 2744 741 2822 materia
771 2745 1005 2850 iurgiorum.
1037 2769 1089 2822 ne
1119 2743 1347 2850 ignorantia
1361 2745 1541 2828 ueritatis
1562 2742 1833 2829 altercationis
1849 2746 1911 2826 fo-

71 2941 78 2953 ,
113 2861 262 2939 mitem
290 2856 575 2937 subministret.
605 2860 645 2934 8(
672 2853 881 2934 altercatio
909 2853 1202 2964 subsequenter
1229 2855 1480 2938 occasionem
1495 2874 1673 2964 *generet
1701 2855 1935 2938 dissensio-a

112 2973 195 3054 nis.
230 2968 497 3048 necessarium
526 2963 713 3049 duximus
750 2969 925 3072 presenti
960 2969 1107 3079 pagina
1145 2962 1198 3046 ad
1240 2965 1428 3046 noticiam
1470 2966 1737 3046 transmittere
1780 2984 1912 3080 poste·

112 3107 267 3166 rorum
298 3083 336 3156 8(
365 3093 548 3160 eternare
578 3103 625 3158 ea
653 3102 734 3183 que
764 3075 934 3159 humane
963 3077 1204 3156 infirmitatis
1239 3075 1325 3153 anti
1355 3102 1452 3154 uare
1486 3075 1589 3158 solet
1603 3077 1768 3160 obliuio.
1783 3079 1925 3186 qualis

110 3189 178 3272 'ter
212 3196 255 3268 8(
283 3187 488 3304 quomodo
507 3187 787 3295 possessiones
817 3192 857 3265 8(
884 3186 1025 3293 predia
1053 3213 1132 3302 que
1163 3183 1306 3269 fratres
1326 3104 1386 3266 lle
1414 3213 1522 3268 noua
1551 3187 1657 3267 ualle
1691 3189 1910 3300 possident.

53 3381 57 3394 ,
107 3305 155 3383 in
188 3303 426 3384 iussorum
456 3296 769 3380 deuolutasint.
800 3316 846 3380 ut
873 3297 1033 3379 exclusa
1064 3297 1173 3378 omni
1206 3296 1468 3405 ambiguitate
1497 3303 1536 3377 8(
1563 3299 1665 3377 serie
1708 3301 1766 3379 rei
1801 3295 1912 3409 pa'te-

104 3414 226 3494 facta
259 3411 434 3526 quietius
462 3413 502 3488 8(
530 3409 695 3492 liberius
723 3435 770 3492 ea
799 3408 1030 3522 possideant
1058 3437 1139 3520 que
1155 3409 1347 3518 legittime
1361 3425 1547 3491 constant
1562 3410 1768 3524 aequisita.
1793 3410 1862 3492 sed
1884 3411 1912 3524 ¹)

10 3619 16 3635 .
104 3532 148 3606 8(
182 3513 380 3602 laborum
408 3532 548 3602 eornm
576 3547 678 3631 qnos
707 3522 883 3632 propriis
898 3519 1081 3604 manibus
1096 3537 1166 3599 aut
1182 3521 1409 3632 sumptibus
1424 3519 1564 3600 colunt
1580 3519 1752 3627 predicti
1769 3514 1913 3603 fratres

103 3653 199 3716 tam
236 3633 288 3713 de
317 3633 435 3712 terris
463 3630 581 3716 cultis
609 3659 732 3740 quam
760 3631 923 3710 incultis
950 3633 1036 3711 siue
1065 3629 1115 3710 de
1145 3631 1242 3713 ortis
1271 3635 1310 3710 8(
1339 3630 1527 3740 uirgultis
1556 3637 1595 3710 8(
1624 3629 1914 3746 piscationibus

102 3747 178 3827 uel
215 3743 271 3827 de
302 3743 556 3824 nutrimentis
585 3741 817 3822 animalium
846 3769 985 3828 eorum
1018 3742 1155 3825 nullus
1183 3741 1236 3824 ab
1266 3741 1321 3822 eis
1350 3739 1522 3823 decimas
1557 3743 1716 3851 exigere
1754 3745 1815 3825 uel
1845 3773 1912 3825 ex·
1972 3835 1975 3846 Ι

99 3877 317 3972 torquere
347 3869 561 3962 presumat,
592 3853 696 3932 sicut
725 3881 747 3946 a
776 3856 939 3938 summis
967 3881 1132 3937 romane
1159 3850 1265 3936 sedis
1293 3852 1553 3962 pontificibus
1581 3853 1632 3936 ab
1662 3858 1830 3972 antiquo
1845 3855 1914 3935 de-

99 3987 281 4054 cretum
310 3982 382 4052 est.
413 3965 499 4046 Hec
528 3979 662 4048 autem
690 3965 839 4074 scripta
868 3961 1112 4050 dilectissimi
1133 3963 1293 4046 'fratres
1321 3965 1363 4043 in
1391 3993 1602 4047 commune
1630 3971 1670 4046 8(
1698 3965 1748 4046 ad
1778 3993 1914 4047 omues

100 4079 433 4164 transmittimus
491 4075 783 4160 conseruanda.
828 4077 1049 4160 Statuimus
1091 4077 1216 4184 igitur
1258 4079 1298 4154 8(
1333 4077 1408 4157 sub
1451 4076 1776 4176 interminatione
1819 4105 1915 4156 aua·

96 4189 312 4278 thematis
341 4184 574 4271 mandamus
603 4202 726 4296 atque
770 4188 1012 4302 precipimus
1042 4207 1086 4268 ut
1116 4190 1188 4268 bec
1231 4187 1365 4266 omnia
1409 4189 1676 4295 possessiones
1705 4193 1743 4272 8(
1772 4187 1913 4296 predia

73 4305 82 4326 ”
96 4299 421 4415 precapitulata
450 4297 567 4378 uobis
595 4300 818 4407 uestrisque
845 4297 1142 4382 strceessoribus
1158 4299 1311 4380 cunetis
1326 4298 1475 4384 scilicet
1489 4296 1679 4382 fratribus
1694 4299 1915 4379 noueuallis
1942 4377 1946 4383 ,

93 4447 121 4498 a
155 4438 399 4530 prauorum
428 4409 634 4494 hominum
663 4410 826 4493 incursu
845 4407 852 4416 ’
869 4413 907 4490 8(
940 4411 1150 4490 temeraria
1191 4408 1459 4496 infestatione.
1496 4409 1651 4516 integra
1686 4405 1726 4488 8(
1761 4409 1918 4508 illibata.

93 4539 432 4609 conseruentur.
466 4518 749 4612 Jnterdicimus
790 4517 911 4600 etiam
945 4548 996 4599 ne
1023 4522 1130 4602 ullus
1171 4522 1338 4603 omnino
1379 4518 1589 4628 hominum
1631 4523 1915 4602 monasterium

91 4653 307 4736 uestrum
336 4652 483 4714 temere
512 4633 752 4740 perturbare
782 4629 935 4714 audeat.
970 4631 1035 4712 uel
1072 4623 1339 4740 possessiqnes
1381 4648 1533 4712 uestras
1575 4630 1752 4742 uiolenta
1796 4661 1924 4732 manu
1991 4675 1996 4680 ·

91 4749 317 4859 diripere.
348 4743 514 4825 auferre.
546 4742 608 4822 uel
638 4742 792 4826 ablatas
821 4747 1007 4825 retinere.
1035 4744 1099 4824 uel
1135 4743 1317 4852 quolibet
1350 4741 1470 4824 modo
1505 4740 1622 4822 uobis
1665 4744 1802 4823 inuitis
1838 4743 1917 4824 dis-

92 4864 292 4943 trahere
322 4855 386 4934 uel
414 4853 646 4936 diminuere.
678 4855 743 4935 uel
774 4855 1024 4966 quibuslibet
1052 4853 1335 4934 uexationibus
1370 4853 1551 4960 fatigare.
1595 4855 1686 4935 Paci
1721 4855 1917 4969 siquidem

89 5038 403 5066 -,,,,,.........

196 5106 230 5181 1)
257 5095 512 5181 ffirlrortm'ngcn
533 5121 559 5177 ⁵3
588 5097 745 5180 uttrycker
765 5099 821 5161 elil
841 5099 987 5182 vanlr'gen
1003 5097 1067 5178 sed,
1079 5117 1148 5159 men
1159 5095 1261 5178 lyceas
1272 5095 1330 5158 lriir
1340 5095 1481 5160 utmtrla
1492 5100 1544 5182 sic,
1556 5101 1671 5164 seilicet
1682 5099 1757 5186 aller
1766 5101 1920 5167 similiter.
