4362 5946
732 407 849 501 R-
958 435 1037 542 307
1149 393 1491 550 ···'‚''

121 681 162 746 ut
184 657 272 761 fidei
300 653 447 738 ardore
474 657 654 739 succensi
681 655 918 766 viribusque
947 682 1022 762 pro
1050 680 1167 763 posse
1185 655 1369 762 ,succinti
1404 655 1681 742 detestandum
1729 657 1892 744 illorum

118 761 360 882 propositum
388 766 504 849 obice
532 770 735 848 contrarie
764 766 998 846 intentionis
1026 762 1263 874 impediant,
1292 781 1333 846 et
1360 767 1592 849 eorumdem
1621 785 1787 851 conatus
1816 775 1891 853 ini·

118 911 212 994 quos
239 879 399 960 roboris
429 879 685 987 oppositione
714 877 959 987 prohibeant
985 879 1203 973 renitentis,
1232 877 1368 986 sicque
1390 878 1535 961 mentis
1562 895 1604 958 et
1631 883 1813 990 corporis
1829 913 1891 966 ar·

116 1009 264 1074 matura
282 990 454 1087 muniti,
483 1007 535 1074 et*
550 987 644 1069 fidei
673 990 823 1070 lumine
851 985 1060 1094 dirigendi
1090 1015 1158 1066 eos
1201 986 1400 1096 spirituali
1429 1006 1611 1070 earemes
1642 994 1891 1092 munimine,

114 1136 156 1186 ac
183 1101 432 1209 infidelitatis
459 1103 626 1194 cecitate
655 1101 836 1194 oas'uros,
866 1101 952 1178 Deo
980 1100 1046 1180 cui
1075 1099 1249 1178 militant
1276 1101 1467 1207 temporis
1496 1102 1701 1184 assistente
1742 1122 1892 1186 suster·

115 1231 219 1299 nant,
249 1215 348 1292 Cum
379 1215 503 1321 igitur
532 1213 606 1308 hii,
636 1210 786 1321 quide
816 1211 980 1289 Estonie
1020 1209 1205 1318 partibus
1232 1311 1235 1318 .
1249 1236 1321 1318 per
1371 1210 1445 1289 Dei
1478 1212 1648 1320 gratiam
1675 1213 1726 1296 ad
1774 1215 1893 1297 fidem

113 1317 324 1408 Christiani
340 1374 343 1378 -
361 1324 531 1405 nominis
560 1341 655 1402 sunt
683 1323 867 1401 conversi
895 1349 917 1400 a
947 1313 1128 1402 barbaris
1158 1338 1197 1401 et
1226 1321 1392 1430 paganis
1414 1323 1762 1406 circumstantibus
1790 1326 1893 1406 mul·
1955 1325 1958 1348 '

113 1438 300 1546 tiplicitcr
328 1435 605 1530 molestentur,
634 1463 680 1513 ac
698 1451 875 1542 ‚propter
905 1432 982 1510 hoc
1011 1433 1211 1512 Carissimi
1241 1433 1282 1512 in
1312 1432 1474 1512 Christo
1509 1434 1580 1514 lilii
1607 1439 1743 1532 ¹nostri
1770 1437 1893 1520 Dacie

112 1553 193 1630 Rex
221 1547 394 1646 Illustris
423 1546 521 1634 zelo,
539 1543 632 1636 fidei
661 1561 701 1624 et
730 1544 958 1624 devotionis
985 1570 1176 1624 accensus
1205 1559 1347 1622 contra
1376 1542 1507 1625 dictos
1529 1543 1725 1627 Barbaros
1752 1563 1795 1626 et
1822 1577 1902 1668 paq

110 1687 252 1770 genos,
283 1660 387 1739 sicut
414 1659 640 1766 accepimus
669 1657 837 1736 viriliter
865 1683 906 1733 se
923 1657 1121 1762 accingat,
1149 1655 1458 1738 Fraternitatem
1487 1672 1660 1739 vestram
1688 1653 1894 1750 monemus

108 1788 146 1850 et
178 1770 436 1851 obsecramus
465 1770 507 1847 in
536 1765 729 1863 Domino,
767 1795 812 1845 ac
842 1767 883 1845 in
919 1761 1186 1845 remissionem
1217 1764 1333 1846 vobis
1361 1765 1609 1877 injungimus
1637 1786 1895 1892 peccatorpm
2021 1862 2026 1876 Ι

106 1887 308 1992 quatenus
336 1879 540 1986 subjectos
569 1879 684 1959 vobis
714 1878 889 1986 populos
917 1893 1081 1972 attente,
1110 1893 1150 1956 et
1179 1877 1392 1957 efficaciter
1408 1873 1627 1976 inducatis,
1655 1895 1702 1959 ut
1717 1876 1770 1959 ad
1784 1895 1899 1961 tante.

107 1993 311 2073 felicitatis
341 1989 525 2071 bravium
554 2007 831 2098 properantes,
858 2003 898 2067 et
928 2005 1124 2096 ponentes
1152 2017 1243 2066 cum
1271 1989 1408 2096 Moyse
1423 1987 1601 2097 gladium
1615 2018 1737 2098 supra
1754 1990 1896 2088 femur,

104 2121 245 2184 contra
278 2100 513 2208 hujusmodi
542 2118 679 2209 gentes
709 2099 931 2204 ydolatras,
975 2116 1015 2177 et
1053 2099 1248 2208 populum
1293 2118 1608 2181 murmurantem
1656 2118 1824 2200 currant
1851 2103 1893 2182 in

107 2214 371 2324 splendorem
402 2239 598 2292 armorem
630 2211 791 2291 Domini
820 2212 991 2291 accincti
1019 2207 1071 2289 ad
1085 2208 1171 2316 ejus
1200 2209 1372 2316 prelium
1387 2209 1650 2318 preliandum,
1680 2212 1752 2320 qui
1772 2240 1896 2301 eoro-
1940 2264 1946 2278 ι

103 2355 198 2406 nam
213 2323 420 2433 ‘legitime'
438 2320 684 2406 certantibus
712 2323 969 2427 repromittit.
999 2323 1083 2400 Nos
1111 2321 1217 2400 enim
1246 2320 1297 2400 de
1327 2321 1628 2431 Omnipotentis
1642 2321 1717 2402 Dei
1746 2317 1898 2430 miseri·
2020 2390 2023 2402 .

102 2436 245 2518 cordia
279 2453 321 2514 et
349 2435 559 2516 beatorum
601 2433 709 2512 Petri
751 2450 809 2534 et,
839 2433 953 2511 Pauli
995 2431 1282 2539 Apostolorum
1324 2431 1411 2537 ejus
1455 2434 1693 2530 auctoritate
1744 2429 1895 2532 confisi,

100 2549 297 2638 omnibus
313 2575 406 2627 vere
422 2544 698 2655 penitentibus
713 2560 753 2623 et
781 2542 991 2639 confessis,
1021 2544 1094 2654 qui
1124 2557 1266 2620 contra
1297 2541 1498 2649 predictos
1532 2545 1731 2625 Barbaros
1759 2562 1799 2625 et
1825 2549 1899 2629 Pa·

98 2687 229 2768 ganos
263 2657 316 2738 ad
346 2675 479 2766 partes
507 2655 596 2736 illas
623 2655 862 2733 accesserint
890 2655 1040 2735 ibidem
1068 2651 1197 2732 saltim
1229 2681 1299 2761 per
1314 2681 1463 2733 annum
1476 2655 1765 2764 in'hujusmodi
1808 2655 1909 2744 lhe-'
1981 2663 1990 2684 '

98 2799 144 2848 su
176 2768 526 2863 Christiservitio
555 2767 767 2862 moraturi,
797 2765 905 2844 illam
930 2765 1220 2872 indulgentiam
1237 2763 1471 2873 elargimur,
1500 2795 1579 2879 que
1595 2767 1897 2854 transcuntibus
1934 2840 1940 2848 .

96 2883 135 2958 in
167 2898 286 2960 terre
317 2880 461 2959 Sancte
490 2875 712 2958 subsidium
742 2895 800 2956 cst
828 2904 1025 2957 concessa.
1053 2878 1199 2956 Datum
1229 2874 1419 2983 Lugduni
1447 2875 1501 2960 X.'
1527 2879 1728 2962 Kalendas
1748 2881 1894 2978 Martii,
1963 2953 1967 2970 ,

95 2991 369 3072 Pontificatus
399 2989 526 3068 nostri
557 2993 675 3067 Anno
705 2987 903 3068 Secundo.

95 3383 239 3488 321.
298 3352 302 3364 Ι
733 3385 881 3508 1245
929 3379 978 3484 d.
1027 3365 1295 3486 a'r'Febr.
1535 3347 1538 3354 .
1732 3385 1900 3532 Lyca.

95 3601 100 3610 ’
172 3603 281 3666 Psfv.
305 3602 500 3662 lmtocurtrms
523 3595 593 3662 ths
620 3600 698 3661 Bres
718 3598 766 3660 till
797 3596 1047 3682 lile-Bislropen
1070 3602 1080 3659 i
1100 3601 1218 3683 Upsala
1248 3601 1309 3663 och
1339 3593 1668 3666 Plotincial·Prior·eu
1689 3605 1699 3664 i
1721 3605 1899 3680 Danmarl,

235 3684 318 3745 med
337 3682 510 3764 besallning
531 3693 576 3744 att
597 3681 778 3743 lb'raustalta
800 3703 852 3742 om
880 3682 1094 3761 emottagande
1126 3685 1166 3744 al'
1190 3685 1304 3768 Bislop
1325 3685 1456 3746 Taoum'
1478 3687 1489 3746 i
1510 3686 1644 3749 Finland
1665 3687 1810 3766 assigelse
1831 3685 1900 3745 irin

236 3768 389 3830 embetet

1335 3847 1366 3904 li.
1387 3866 1409 3904 ra
1421 3851 1486 3944 ψ,
1522 3851 1576 3904 Au.
1596 3865 1621 3904 a.
1640 3849 1692 3920 Ep.
1708 3849 1769 3919 ³⁴³·

290 3961 540 4066 Innocentius
567 3982 784 4094 Episcopus
811 3985 962 4064 Serena
991 3987 1207 4066 Servorum
1246 3987 1330 4066 Dei.
1375 3987 1602 4068 Venerabili
1641 3989 1819 4068 Fratri.
1851 4045 1859 4062 .
1890 4044 1899 4062 .

323 4099 626 4204 Arclriepiscopo
656 4098 863 4203 Vpsalensi
880 4117 916 4175 et
939 4097 1079 4176 dilecto
1096 4097 1191 4201 filio
1221 4157 1228 4172 .
1262 4158 1269 4177 .
1303 4158 1311 4175 .
1341 4101 1482 4176 Priori
1509 4099 1762 4178 Prouinciali
1781 4094 1910 4176 Orda·

312 4216 372 4289 nis
402 4211 594 4288 Fratrum
614 4207 927 4287 ¹Predieatornm
954 4215 995 4288 in
1027 4209 1155 4286 Dacia
1166 4266 1176 4302 ,
1210 4209 1389 4287 Salutem
1419 4213 1489 4287 &a

269 4351 453 4428 Thomas
484 4348 704 4455 Episcopus
733 4348 927 4428 Fillandie
956 4347 1074 4427 nobis
1105 4347 1305 4428 humiliter
1327 4349 1584 4456 supplicavit,
1618 4369 1768 4429 utcum
1795 4349 1912 4432 idem.

75 4462 318 4574 quendam
348 4459 487 4540 fecerit
516 4457 703 4552 irrutilari,
734 4461 803 4566 qui
833 4457 1062 4566 hujusmodi
1092 4459 1300 4538 occasione
1329 4476 1497 4540 mortem
1518 4463 1700 4570 incurrit,
1723 4489 1901 4571 aequas·

72 4575 181 4658 dam
220 4574 390 4652 litteras
419 4567 671 4678 Apostolicas
700 4571 986 4678 presumpserit
1003 4569 1202 4650 diabolico
1217 4569 1409 4650 instinctu
1431 4569 1573 4651 falsare
1588 4587 1756 4680 propter
1789 4569 1901 4683 quod
2020 4663 2030 4682 ι

74 4714 171 4766 non
209 4699 363 4794 potest
393 4681 501 4760 licite
529 4683 730 4787 pastorale
753 4680 935 4760 officium
965 4709 1169 4774 exercere,
1199 4682 1415 4761 cessionem
1432 4680 1609 4787 ejusdem
1637 4685 1814 4791 recipere
1831 4714 1900 4786 cu·
1987 4700 1992 4710 '

71 4819 308 4879 raremus.
340 4793 421 4872 Nos
450 4791 576 4904 igitur
604 4789 729 4899 ipsius
766 4793 884 4871 saluti
927 4792 1140 4900 providere
1184 4793 1380 4887 volentes,
1425 4793 1658 4874 mandamus
1702 4803 1901 4902 quatenus

72 4912 334 4988 cessionem
371 4901 551 4982 eamdem
587 4903 672 4981 vice
702 4919 838 4982 nostra
867 4907 1045 5012 recipere
1080 4903 1314 5011 procuretis.
1344 4989 1346 4994 χ
1374 4905 1521 4984 Datum
1550 4902 1744 5012 Lugduni.
1769 4900 1898 4992 Vllil.

69 5015 322 5100 Kalendas
350 5013 484 5092 lllartii
513 5014 635 5092 Anno
663 5013 857 5095 Secundo.
1463 5029 1468 5038 “
