4406 5966
779 503 1195 584 ...719-

113 709 226 816 866.
795 687 1198 851 raph-1276.
1280 660 1346 692 ’ἱ

173 931 322 994 Jordan
343 927 536 992 errrrssors
556 924 753 992 Testamente
773 925 812 989 al
826 924 977 1012 Hcsslehy
997 924 1047 990 till
1067 925 1211 992 alveus
1227 925 1642 1015 oelrpeuningartillandra
1652 929 1778 1013 kloster,
1789 948 1830 996 m
1838 934 1901 996 ‘rus
1974 950 1978 958 ·
2105 969 2107 976 ·
2193 882 2197 909 Β

308 1045 311 1076 ³
356 1067 360 1077 '
990 1057 994 1064 '
1524 1039 1562 1098 A·
1579 1043 1604 1098 ³.
1620 1059 1648 1102 v.
1668 1058 1691 1098 ιε
1713 1061 1754 1100 12.

193 1249 198 1260 .
257 1181 308 1260 th
334 1178 499 1288 nominc
527 1177 655 1287 patris
681 1192 722 1259 et
749 1175 820 1258 lilii
846 1187 890 1258 'et
917 1177 1084 1286 spiritus
1111 1177 1250 1257 sancti.
1281 1179 1369 1286 Ego
1405 1170 1599 1284 johannes
1641 1180 1811 1288 s'ixstanj
1838 1181 1885 1262 fi-

105 1294 171 1376 lius
198 1291 367 1374 diuersis
398 1287 698 1370 infirmitatibus
726 1303 968 1396 aggrauatus
1003 1285 1169 1370 condidi
1209 1304 1490 1371 testamentum
1531 1317 1664 1373 meum
1706 1293 1750 1371 in
1776 1291 1887 1377 hunc
1960 1361 1962 1366 .

103 1401 278 1488 modum..
299 1401 530 1483 Aluastrum
543 1399 616 1480 uhi
629 1399 880 1508 sepulturam
905 1400 1010 1507 elegi
1025 1427 1102 1508 pro
1117 1398 1249 1480 anima
1276 1399 1411 1482 fratris
1441 1403 1518 1482 mei
1545 1392 1658 1484 etin
1686 1406 1886 1485 remissio·

1 1608 3 1613 ,
102 1543 183 1597 nem
196 1530 457 1624 peccatorum
489 1537 680 1610 meorum;
709 1512 872 1609 Curiam
900 1510 1067 1610 heslebir
1094 1537 1217 1620 quam
1246 1527 1338 1618 post
1366 1509 1534 1593 fratrem
1560 1541 1696 1594 meum
1727 1514 1886 1600 heredi·
1937 1563 1941 1574 ·

1 1626 5 1660 ²
102 1628 178 1710 tcui
203 1625 455 1732 integraliter
483 1638 577 1733 post
610 1623 766 1704 obitum
795 1649 929 1704 meum
956 1623 1111 1703 contuli
1133 1620 1427 1731 possidendam.
1454 1622 1629 1705 Domino
1645 1626 1783 1710 abbati
1802 1654 1886 1708 am·

0 1746 2 1783 *
101 1739 318 1821 hulatorem
345 1763 471 1817 vnum
498 1761 575 1844 pro
602 1732 894 1816 beneuolencia
921 1748 962 1813 et
989 1733 1167 1814 amicicia
1197 1761 1351 1814 mecum
1380 1732 1517 1815 habita
1543 1737 1719 1844 speciali.
1747 1739 1900 1821 Predi··

31 1877 33 1880 ·
102 1847 298 1932 catoribus
326 1846 567 1954 schaeningie
595 1846 639 1924 in
682 1847 957 1940 remissionem
998 1842 1255 1953 peccatorum
1296 1860 1529 1936 nostrorum
1573 1846 1709 1928 fratris
1735 1848 1817 1957 mej
1846 1866 1899 1934 et.
2029 1940 2033 1948 ¹
2107 1857 2114 1866 '

100 1960 181 2070 mej.
212 1960 282 2039 Vl.
312 1985 464 2040 marcas
493 1957 751 2038 denariorum
766 1956 947 2038 similiter
963 1955 1119 2038 contuli
1134 1953 1405 2064 possidendas.
1434 1953 1606 2055 Ascabir.
1635 1958 1704 2038 Vl.
1734 1986 1886 2041 marcas

2 2055 21 2132 ἶ·
98 2099 170 2182 pro
195 2072 429 2179 necessitate
457 2073 499 2148 8(
524 2067 737 2150 voluntate
764 2065 1053 2178 persoluendas
1081 2067 1223 2150 eclesie
1249 2093 1336 2147 mee
1366 2067 1450 2148 Vbi
1494 2093 1631 2147 curam
1665 2070 1888 2152 animarum
1956 2099 1957 2107 ¹

99 2181 229 2290 habuj.
278 2183 428 2264 Omnes
458 2177 599 2259 domos
627 2181 671 2259 in
699 2177 830 2270 fundo
859 2177 1000 2259 eclesie
1026 2205 1128 2288 quas
1155 2175 1316 2286 possedi
1344 2178 1485 2260 eclesie
1513 2177 1681 2287 contulj.
1736 2181 1914 2264 Manci·'

99 2295 170 2404 piis
195 2285 386 2400 omnjbus
414 2291 642 2372 libertatem
670 2291 836 2373 contuli.
866 2290 1122 2398 Quicumque
1143 2287 1264 2369 huius
1292 2287 1354 2396 rej
1381 2286 1652 2395 donacjonem
1667 2293 1889 2376 irritauerit

1 2421 4 2469 ῐ
98 2404 161 2486 uel
187 2403 416 2512 impetierit.
445 2403 556 2482 Jram
583 2399 650 2508 dej
680 2406 721 2482 &
748 2417 979 2482 sanctorum
995 2401 1175 2496 omnium
1189 2399 1338 2479 haheat
1352 2416 1392 2481 et
1406 2397 1640 2481 vindictam.
1670 2403 1730 2484 Ne
1759 2403 1890 2511 jgitur'
1936 2400 1946 2420 ⁸

1 2537 3 2568 l
98 2542 173 2628 que
200 2530 398 2623 geruntur
425 2515 468 2593 in
495 2528 689 2622 tempore·
706 2511 824 2591 simul
853 2538 943 2593 cum
972 2525 1154 2620 tempore
1183 2509 1411 2612 elabescant
1424 2537 1589 2619 presens
1604 2528 1888 2597 testamentum

96 2629 244 2734 scripto
273 2641 315 2726 et
341 2622 474 2733 sigillo
502 2639 643 2704 nostro
673 2619 838 2704 fecimus
867 2619 1107 2729 confirmarj.
1150 2621 1275 2703 Cuius
1317 2623 1375 2704 rei
1416 2638 1536 2704 testes
1578 2642 1673 2707 sunt
1700 2624 1889 2706 dominus

65 2737 418 2846 ,archiepiscopus
446 2735 679 2844 wpsalensis
708 2732 838 2817 ‚sulen
881 2734 934 2813 Et
962 2729 1148 2814 donnaus
1177 2734 1240 2839 ‚lh
1266 2734 1507 2843 lincopensis
1541 2735 1778 2845 Episcopus.
1836 2739 1890 2820 Et

96 2847 280 2953 dominus
307 2848 431 2930 abbas
459 2844 511 2928 de
526 2873 716 2952 ¹wernem
743 2847 853 2928 bero.
1696 2859 1697 2862 '

517 3059 520 3069 Ι
594 2989 642 3055 Pe
662 2986 835 3052 srdusidan:
856 2987 906 3050 De
924 2985 1060 3070 hesleby
1080 2986 1228 3074 parochie
1248 2987 1384 3058 Roslasc.
1431 3023 1435 3034 ·

95 3042 232 3186 sigillent
252 3094 313 3166 Nto'
336 3124 362 3167 ι.
382 3101 528 3184 ltndeligt
547 3101 691 3181 (Lambet
711 3089 783 3164 med
804 3099 981 3162 Korslanan
1001 3099 1064 3162 och
1083 3100 1243 3162 omslrilt:
1264 3099 1489 3184 ÷s10harms
1508 3104 1655 3182 amanus).
1676 3120 1705 3166 α.
1725 3099 1886 3176 Abbotern

671 3183 731 3268 ‚pt
750 3181 838 3246 hvita
858 3181 1058 3247 linnetrddar.
1080 3183 1107 3244 3.
1130 3183 1298 3257 hostfallet
1590 3233 1592 3242 ,
1953 3197 1957 3206 ‘

94 3491 228 3698 867.
273 3619 279 3634 ·
637 3559 640 3630 ἶ
731 3671 734 3678 Δ
796 3483 1198 3701 ispi-1276.

138 3766 143 3771 ’
172 3775 254 3840 Koa.
276 3729 476 3841 wimacus
498 3773 654 3857 Alstlgelse
675 3775 713 3838 al
729 3728 865 3840 svehska
885 3774 1016 3872 licenda
1037 3777 1085 3839 till
1107 3779 1152 3842 sin
1173 3776 1292 3840 Brodcr
1312 3778 1422 3860 Hertig
1443 3776 1583 3840 Μιοηει

1589 3887 1626 3944 s.
1649 3905 1675 3943 u.
1695 3885 1748 3957 ιφ
1774 3836 1777 3844 ’

256 4029 461 4108 Vniversis
504 4026 657 4107 Christi
683 4024 884 4107 »fidelihus
911 4025 981 4106 ··ad
1024 4051 1125 4134 quos
1167 4040 1381 4133 presentes
1423 4023 1565 4105 litterae
1602 4017 1882 4134 pervenerint,

30 4137 357 4235 ¹,Valder'narus
387 4141 463 4249 Dei
489 4139 619 4247 gratia
649 4138 735 4218 Rex
763 4138 980 4232 Sueorum,
1007 4135 1176 4216 salutem
1203 4139 1247 4215 in
1276 4135 1449 4214 Domino
1478 4137 1771 4245 sempiternam.
1800 4135 1884 4215 No-

77 4247 205 4330 verit'
223 4268 304 4331 tam
330 4267 426 4331 aetas
453 4249 711 4358 praesentium
741 4275 860 4356 quam
890 4249 1102 4355 posteritas
1135 4246 1387 4343 futurorum,
1429 4269 1504 4326 nos
1546 4249 1730 4355 Regnum
1746 4245 1886 4326 'Suco-

76 4367 199 4457 rum‘‚
228 4363 340 4472 quod
369 4359 421 4442 ad
452 4388 525 4441 nos
553 4360 643 4467 jure
670 4359 926 4456 haereditario
955 4357 1191 4439 devolutum
1222 4374 1301 4454 est,
1329 4355 1561 4454 charissimo
1597 4358 1714 4437 fratri
1743 4371 1883 4434 nostro
1917 4455 1920 4462 Δ
2041 4365 2043 4372 ⁴

76 4473 264 4550 Domino
292 4473 439 4582 Magno
468 4471 609 4553 eadem
636 4470 764 4579 gratia
796 4471 899 4548 Duci
918 4507 921 4518 ·
940 4470 1136 4550 Sue'orum
1178 4467 1399 4572 concedere
1427 4475 1466 4550 &
1494 4469 1609 4564 dare,
1639 4473 1731 4547 cum
1773 4466 1885 4546 omni

75 4580 405 4690 gubernatione,
435 4582 525 4690 jure
553 4582 814 4690 &regimine
843 4579 1148 4687 possidendum,
1193 4575 1544 4688 Coronarnregni·
1567 4583 1722 4662 eicum
1751 4579 1883 4657 omni·

72 4695 166 4775 bus
197 4692 414 4801 Regalibus
442 4694 665 4773 attinentiis
679 4689 964 4786 concedentes,
994 4690 1296 4801 firmissimeque
1317 4683 1620 4801 prhmittenteS‚
1650 4689 1883 4800 quodnun-
1963 4752 1965 4758 .

69 4826 212 4912 quam
241 4800 399 4884 occulte
425 4803 489 4884 vel
518 4803 739 4904 manifeste,
769 4801 902 4900 factis,
954 4801 1072 4883 dictis
1113 4801 1178 4886 rel
1205 4801 1383 4916 scriptis,
1411 4805 1468 4884 'ln
1502 4829 1629 4914 regno
1657 4799 1720 4882 vel
1748 4813 1885 4897 extre,

64 4913 184 4995 huic
216 4911 474 5037 ordinationi
490 4916 694 4999 contraire
722 4913 890 4998 velimus
916 4918 992 4994 &e
1328 4940 1335 4952 ’
1502 4911 1505 4920 ’
1617 4926 1620 4935 ·
