4398 5958
990 303 1069 442 ⁶-
1180 373 1259 474 548
1381 413 1427 442 ··

323 597 437 688 modi
454 613 594 683 ,vestre
621 591 885 679 iurisdietioni
911 591 1101 678 subiectis
1128 593 1337 679 collectam
1363 589 1418 676 ed
1445 609 1610 706 portum
1644 595 1880 678 Srsrensem
1899 601 2081 708 procurrit

324 711 402 798 sub
429 707 614 791 custodia
642 705 723 791 lida
750 702 909 790 deferri.
972 708 1034 786 Ita
1062 703 1176 818 quod
1205 705 1314 789 dicta
1342 707 1514 816 pecunia
1547 723 1686 816 postea
1714 709 1757 790 in
1784 709 2004 808 Franciam,
2028 745 2082 824 prr

325 820 516 914 dilectum
526 820 659 928 ¹filium
672 818 907 928 Magistrum
923 814 1190 899 Bertrsndum
1204 817 1394 899 Amelrici
1409 817 1672 928 Capellanum
1686 835 1872 901 nostrum
1886 823 2082 910 Rementem

325 931 576 1016 canonicum
604 932 648 1014 in
676 929 810 1012 Svetie
836 944 878 1013 et
906 929 1025 1012 Datie
1053 929 1204 1038 Regnis
1231 929 1497 1012 Collectorem
1532 927 1685 1011 decime
1713 957 1737 1011 e
1765 928 1922 1013 Sedes
1974 935 2082 1020 stolirs

324 1039 567 1154 deputatum
594 1039 744 1126 deferri
772 1043 917 1152 possit,
944 1043 1016 1122 seu
1044 1039 1172 1158 mitti,
1198 1037 1251 1121 ad
1269 1037 1399 1152 'quod
1426 1037 1557 1121 eidem
1587 963 2036 1158 Capelianusauxllibm,
2054 1065 2083 1131 et

319 1154 549 1244 §annuum
576 1153 847 1267 quantumin
874 1151 991 1264 robis
1020 1147 1145 1233 luerit
1169 1177 1243 1230 vos
1270 1151 1458 1233 volumus
1485 1153 1700 1262 impertiri
1737 1156 1882 1236 Preces
1908 1170 2084 1253 autemst

354 1283 564 1377 receptum
592 1279 777 1348 nostrum
803 1264 863 1347 sic
888 1263 1085 1348 studeatis
1113 1260 1302 1370 sollicite,
1331 1289 1378 1343 ac
1406 1261 1580 1343 fideliter
1607 1262 1848 1372 adimplere,
1866 1265 1985 1376 'quod
2008 1269 2084 1351 eius·

323 1294 418 1463 dem
445 1375 615 1460 subsidii
642 1375 889 1461 exhibitione
917 1375 1052 1486 operis
1080 1370 1302 1454 laudabiles
1335 1373 1656 1482 comprobemini
1697 1373 1913 1473 zelatores,
1957 1378 2085 1492 Nosque

323 1484 498 1602 proinde
525 1483 753 1570 devotionis
779 1501 912 1570 vestre
939 1483 1210 1573 sinceritatem
1239 1482 1372 1592 dignis
1400 1485 1443 1566 in
1467 1485 1652 1568 ‘Domino
1685 1484 1879 1568 laudibus
1920 1515 2086 1574 commen·

194 1597 197 1605 ’
307 1598 475 1686 demus.
505 1601 655 1684 Datum
681 1598 807 1681 Rome
834 1597 946 1711 apud
974 1597 1168 1682 Sanctum
1181 1597 1346 1679 Petrum
1374 1595 1485 1678 VIII.
1514 1593 1611 1679 Idus
1638 1596 1751 1706 Junij
1778 1603 1905 1680 Anno
1919 1599 2084 1686 Secundo.

326 1993 462 2142 674.
993 2028 1145 2140 1279
1190 1984 1240 2100 d.
1289 2031 1318 2137 7
1366 1985 1484 2098 Jun.
1967 1973 2084 2102 Rom.

406 2211 955 2384 Ρὲἰέὴξῐὶεὲζιᾶίιεῐιῐξέιωῶπίη
972 2210 1023 2282 titt
1053 2209 1229 2298 &snoges
1249 2214 1260 2276 i
1280 2211 1408 2328 Sresn‘gc
1438 2223 1486 2276 stt
1518 2211 1674 2296 ltersfflls
1705 2212 1774 2296 det,
1806 2233 1876 2280 som
1906 2215 2087 2303 nppbtritul

1530 2377 1593 2439 e.
1613 2377 1789 2437 retentu.
1811 2393 1838 2436 s.
1858 2376 1980 2453 Epist

410 2587 415 2597 .
489 2513 682 2600 Mecum
709 2512 794 2597 III.
820 2513 973 2621 Regem
1008 2448 1162 2600 Spem
1202 2522 1393 2626 graviter
1432 2533 1561 2642 mpuet
1586 2511 1637 2599 de
1663 2519 1917 2602 restituenda
1949 2521 2082 2629 perum

523 2629 647 2710 Terre
672 2625 835 2707 Sanctae
862 2629 1083 2732 assignata.

489 2767 682 2853 Nectum
708 2772 783 2852 &c
811 2767 1024 2852 Carusmw
1052 2773 1094 2850 in
1114 2767 1278 2855 'Christo
1294 2769 1389 2876 filio
1419 2825 1429 2850 ·
1459 2827 1470 2860 .·
1500 2827 1510 2850 ·
1539 2770 1648 2878 Regi
1674 2767 1817 2852 Suetie
1845 2769 1996 2852 Illustri
2025 2763 2078 2848 So·

522 2881 647 2964 daem
673 2885 748 2965 &c
1343 2891 1345 2899 '
1917 2887 1920 2896 '

490 3021 535 3106 Si
561 3024 851 3131 circumspecta
877 3019 1065 3106 culminis
1092 3021 1237 3133 regalis
1264 3017 1464 3104 industria
1506 3033 1618 3104 recte
1650 3020 1884 3106 consideret
1922 3033 2075 3134 quantun

323 3128 547 3261 apostolica
574 3128 697 3215 Sedes
724 3133 832 3215 circe
859 3139 1067 3243 negotium
1095 3131 1223 3218 Terre
1265 3133 1430 3230 Sancte,
1473 3159 1596 3243 quam
1631 3134 1890 3218 inimieorum
1931 3135 1993 3215 lilii
2024 3129 2077 3260 Dei

321 3243 405 3328 'vtvi
435 3242 600 3324 Domini
626 3241 814 3327 videlicet
842 3243 962 3327 Ihesu
976 3244 1139 3342 Christi,
1167 3244 1241 3357 qui
1268 3272 1346 3353 pro
1372 3244 1502 3326 salute
1530 3243 1696 3326 humani
1709 3249 1873 3355 generis
1892 3247 1934 3327 in
1947 3268 2077 3327 eenasc

322 3351 473 3451 voluit,
501 3371 544 3436 ct
573 3353 715 3436 Crucis
747 3353 885 3438 subire
913 3370 1161 3438 tormentum
1202 3354 1362 3438 funeste
1397 3355 1649 3465 presumptio
1691 3360 1910 3468 occupavit
1936 3385 1957 3437 a
1980 3350 2076 3436 noxii

202 3555 204 3564 ,
322 3461 664 3550 sollicitudinibus
693 3463 900 3566 laborarit,
931 3481 973 3547 et
1005 3465 1059 3550 ed
1087 3462 1190 3549 illud
1221 3465 1537 3576 cooperantibus
1563 3466 1643 3552 sibi
1669 3463 1852 3551 fidelium
1885 3465 2012 3552 studiis
2031 3465 2073 3544 in·

323 3576 554 3662 desinenter
580 3576 750 3687 aspiret,
776 3594 823 3659 tu
851 3575 1039 3689 profecto
1066 3579 1174 3662 circa
1195 3603 1243 3670 ea
1271 3603 1352 3689 que
1379 3577 1674 3686 promotionem
1702 3577 1830 3688 ipsius
1843 3578 1986 3691 negotii
2007 3599 2074 3686 pro·

322 3703 526 3785 curarent,
553 3701 625 3770 tun
652 3702 814 3784 secaret
841 3689 1013 3772 intentio
1041 3690 1207 3882 einsgue
1222 3687 1481 3785 detrimenta,
1509 3703 1579 3770 tan
1640 3715 1704 3769 am
1719 3693 1944 3776 membrum
1956 3686 2071 3782 Nobile,

322 3825 370 3881 nc
398 3796 590 3910 princeps
617 3796 838 3880 catholicus
866 3800 1049 3896 evitares,
1076 3799 1127 3882 Se
1184 3799 1289 3881 sicut
1316 3827 1400 3880 non
1427 3800 1514 3880 sine
1554 3799 1801 3884 veementis
1844 3795 2074 3884 admirationis

322 3935 442 3998 (musa
471 3936 529 3991 nu
631 3910 857 4021 occepimus
883 3905 936 3992 de
964 3912 1137 4020 pecunia
1165 3906 1331 4007 decime,
1358 3935 1440 4021 que
1468 3911 1511 3991 in
1538 3923 1614 3991 tuo
1636 3911 1778 4020 Regno
1793 3911 1848 4002 ed
1862 3939 1961 4024 opus
1983 3908 2074 4018 ipsiu

321 4035 432 4104 terre
461 4020 631 4104 colecta
657 4047 743 4104 esse
774 4019 1016 4119 dinoscitur,
1044 4018 1250 4133 quandam
1278 4021 1547 4151 quandtatem
1573 4023 1730 4130 argenti
1773 4025 1856 4107 sub·
1892 4021 2074 4107 velamento

163 4170 166 4176 ¹
321 4127 571 4217 necessitatis
600 4157 650 4214 ur
700 4133 781 4216 ntis
807 4131 994 4243 recepisti
1021 4148 1137 4215 motu
1164 4157 1332 4244 proprie
1360 4131 1592 4230 voluntatis,
1618 4130 1732 4246 quod
1757 4135 1905 4246 ntique
1931 4161 2007 4213 non
2027 4125 2074 4211 dc·

321 4246 408 4330 cuit
434 4243 603 4356 Regium
694 4243 897 4353 jestatem,
938 4242 1056 4326 cuins
1087 4240 1237 4328 favoris
1277 4243 1500 4353 presidium
1527 4244 1606 4353 ipsi
1647 4245 1814 4353 negotio
1842 4272 1916 4327 suo
1936 4242 2075 4338 -loco,et

321 4371 507 4468 tempore
533 4350 735 4440 credimtu
762 4378 847 4437 non
873 4354 1048 4438 deesse·
1078 4353 1232 4436 Verum
1264 4355 1361 4466 qnia
1401 4349 1634 4437 huiusmodi
1675 4357 1945 4465 receptionem
1971 4351 2072 4462 ,ipsiu

322 4466 608 4661 pecuniceepon
635 4462 786 4551 frustra
814 4465 1037 4550 notabilem
1063 4465 1109 4547 in
1136 4464 1438 4597 derogationem
1463 4467 1631 4659 hopioris
1658 4467 1740 4564 tui,
1767 4495 1818 4658 ap
1836 4468 1957 4576 Regie
1980 4465 2072 4650 honi

321 4591 471 4772 {latis
497 4577 869 4789 odibili.
888 4593 1104 4772 effi
1126 4592 1485 4772 i‘s'ffllil
1498 4591 2071 4804 ,tltitt'lattttitt

321 4797 448 4884 luisse
475 4795 593 4900 aliter
618 4795 942 4913 procedendum,
969 4825 1022 4882 ne
1048 4813 1186 4883 nmen
1212 4801 1421 4882 ceritatem
1447 4824 1605 4899 rerem,
1645 4825 1769 4914 qnam
1807 4825 1920 4884 more
1943 4814 2071 4907 superet

298 4910 473 5012 ‘raum
498 4908 618 4997 cuiue
642 4909 873 5004 Vicarintm
898 4911 944 4998 iu
969 4909 1090 4999 terris
1114 4937 1358 5028 quamquam
1382 4907 1544 5025 indigni
1574 4908 1757 5000 officium
1782 4910 2013 5012 chuncmm,
2032 4891 2070 4984 tl
