4398 5958
935 431 1100 504 ’-
1203 383 1289 518 ¹aaa
1398 411 1478 558 -ξ

355 666 440 739 seurw
465 656 510 732 ‘tc
537 641 753 749 rectorem
781 649 832 735 de
858 679 1037 764 quorum
1064 653 1258 746 fidelitate
1285 653 1449 772 phuam
1469 654 1521 739 'iu
1549 651 1715 738 domino
1742 649 1920 738 fiduciam
1942 658 2085 764 gerino,
2148 695 2149 706 Ν

355 763 532 878 palleum
559 765 692 872 ἑμιιιῐι
718 761 773 846 de
797 791 971 882 corpore
998 765 1108 846 beati
1190 766 1244 852 tri
1270 781 1474 881 sumptum
1514 792 1589 875 per
1626 793 1704 846 uos
1736 763 1863 847 eidem
1901 765 2089 854 tradendum

259 917 261 923 ·
355 878 485 960 electo
512 873 766 984 prmaidimus
794 874 1090 964 destinandum.
1120 793 1188 958 aie
1200 879 1298 986 ipsis
1325 876 1525 963 canonico
1544 876 1827 986 upsalensi&
1853 892 1993 958 rectore
2016 878 2088 960 iura·

272 1042 275 1050 ,
353 1003 491 1068 monto
519 1001 702 1104 recepto,
730 983 844 1095 quoel
871 988 999 1096 ipsius
1026 987 1147 1096 pallei
1181 989 1492 1096 msignacionom
1533 989 1648 1071 iuxta
1690 985 1917 1070 martimum
1954 1003 2090 1070 nosuuu

353 1096 527 1181 fideliter
553 1113 864 1216 prosequentur.
894 1099 1097 1201 Quocirca
1126 1095 1372 1184 fraternitati
1394 1113 1527 1182 uestre
1542 1125 1618 1206 per
1637 1097 1857 1205 apostolica
1872 1097 2003 1206 scripta
2014 1126 2113 1178 mar-t

353 1209 506 1298 dunos,
535 1209 728 1327 quatinus
755 1207 831 1294 uos
858 1207 923 1289 ucl
952 1207 1054 1288 alter
1077 1228 1256 1292 uestrum
1284 1208 1437 1290 dictum
1466 1209 1643 1318 palleum
1676 1206 1726 1290 de
1756 1206 1936 1288 manibus
1959 1209 2092 1315 ipsorum

352 1315 539 1407 canonici
566 1317 801 1426 wpsalcnsis
830 1321 871 1398 8ι
899 1321 1078 1416 rectoris,
1120 1317 1258 1406 debita
1302 1322 1532 1402 reuereucia
1560 1325 1601 1402 &
1622 1319 1848 1402 deuocione
1886 1319 2092 1425 suscipientes

352 1429 454 1518 illud
483 1431 571 1518 uice
599 1433 736 1519 nostra
764 1427 895 1518 eidem
922 1428 1050 1510 electo
1078 1431 1156 1518 sub
1186 1431 1314 1518 forma
1343 1458 1466 1540 quam
1494 1430 1614 1513 uobis
1634 1427 1712 1510 sub
1739 1427 1854 1511 bulla
1868 1443 1992 1530 nostra
2002 1443 2093 1508 trans·

352 1541 549 1628 mittimus
590 1540 817 1648 assignetis,
846 1539 1063 1648 Reocpturi
1090 1541 1143 1621 ab
1172 1569 1221 1622 eo
1250 1539 1508 1650 postmodum
1552 1557 1691 1623 nostro
1726 1546 1767 1622 sa
1793 1539 1951 1620 ecclesie
1975 1565 2094 1620 romane

352 1652 516 1730 nomine
544 1648 750 1741 fidelitatis
778 1648 914 1741 debite
941 1651 1106 1738 solitum
1134 1653 1421 1749 iuramentum,
1455 1653 1575 1732 Juxta
1604 1651 1773 1734 formam
1788 1677 1908 1760 quam
1928 1648 1994 1728 sub
2017 1649 2095 1730 hulla

351 1759 472 1841 simili
513 1760 632 1840 uobis
673 1761 865 1850 mittimus
907 1759 1179 1852 interclusam.
1239 1763 1427 1843 Formam
1465 1780 1603 1850 autem
1645 1762 1860 1848 iuramenti
1900 1758 1998 1868 quod
2022 1759 2093 1840 iden

352 1871 503 1952 electus
531 1869 746 1979 prestabit,
773 1870 892 1960 nobis
920 1897 993 1990 per
1020 1901 1111 1956 suas
1139 1889 1325 1981 patentes
1353 1871 1509 1960 litteras
1536 1875 1623 1953 eius
1650 1871 1784 1982 sigillo
1801 1872 1981 1965 munitas,
2003 1875 2094 1976 &per
2148 1955 2149 1958 t

351 1982 566 2090 proprium
593 1981 787 2062 nuncium
813 1982 1061 2090 quantocius*
1081 1984 1373 2075 transmittatis.
1404 1982 1604 2070 Nolumus
1631 1980 1834 2090 siquidem
1848 1979 1955 2091 quod
1974 1981 2095 2088 perhoc

353 2089 541 2176 lundensi
569 2107 785 2200 generetur
814 2090 1092 2200 preludicium,
1121 2096 1398 2201 upsalensibus
1426 2120 1527 2178 uero
1543 2093 1721 2201 coclesijs
1734 2094 1801 2202 jus
1817 2091 2093 2200 nouumaliquod

352 2203 597 2310 acquiratur.
655 2202 806 2280 Datum
834 2204 960 2286 Rome
987 2203 1098 2315 apud
1127 2206 1312 2294 sanctum
1342 2220 1522 2324 petrum,
1549 2207 1669 2292 nonis
1698 2204 1839 2312 aprilis
1848 2255 1862 2299 ,ι
1888 2201 2093 2311 pontificatu

236 2361 237 2364 =
351 2311 480 2392 nostri
508 2339 616 2392 anuo
645 2312 787 2422 primo.

293 2611 298 2616 ἡ
355 2697 488 2829 643,
1007 2704 1157 2848 1278
1205 2700 1254 2808 d.
1302 2704 1331 2807 5
1380 2702 1506 2856 Apr.

430 2919 520 2983 Pan.
540 2923 693 2987 Nicotaus
714 2923 783 2985 Illas
804 2921 882 2985 Bref
897 2922 945 2984 till
976 2920 1089 2992 Kauik.
1110 2923 1252 2987 Mauras
1272 2923 1283 2991 i
1303 2919 1421 3006 Upsala
1446 2919 1507 2987 och
1540 2918 1682 3012 Kprloh.
1714 2918 1812 2984 Sruon
1835 2922 1845 2981 i
1866 2920 1971 2988 Girista
1988 2921 1997 2978 i
2012 2934 2091 2984 nuni

481 3023 580 3071 ame!
616 3083 620 3096 '
1853 3085 1889 3139 K.
1906 3100 1929 3138 cr
1952 3082 1999 3136 stt.

511 3219 563 3299 In
590 3221 722 3303 eodem
750 3225 864 3305 modo
881 3223 1065 3311 ,Andreae
1092 3223 1298 3301 Canonico
1322 3220 1542 3330 ,Vpsalensi
1570 3222 1611 3304 8(
1638 3222 1793 3308 Simoni
1823 3217 1978 3302 Rectori
1997 3209 2091 3296 uate

336 3329 417 3410 xsiae
446 3325 497 3408 de
524 3330 713 3413 Piristum
741 3333 974 3442 Vpsalensis
991 3333 1181 3422 Diooesis.
1209 3333 1690 3422 Munusconfirmatiouis
1719 3339 1792 3421 &e
1824 3349 1877 3412 ot
1891 3337 1932 3420 in
1950 3329 2091 3440 proruta

350 3441 486 3520 uerbis
512 3445 786 3566 competenter
799 3454 964 3526 mutatas
991 3473 1113 3553 usque
1141 3441 1358 3551 prouidere
1384 3443 1566 3530 volentes
1600 3443 1897 3545 tractabilibus
1932 3435 2091 3530 Fratribus

347 3551 494 3630 nostris
521 3551 764 3674 Linoopensi
794 3561 832 3634 8r
861 3553 1117 3636 Roskildensi
1142 3553 1387 3662 'Episcopim
1430 3579 1504 3662 per
1536 3581 1611 3634 uos
1652 3553 1704 3638 ‚de
1732 3578 1912 3662 quorum
1952 3546 2091 3636 fidelitate

347 3659 507 3768 plenam
535 3663 579 3748 in
602 3665 776 3754 Domino
804 3663 994 3756 fiduciam
1008 3666 1182 3773 gerimus
1196 3664 1371 3771 palleum
1387 3665 1516 3771 ipsum
1533 3663 1583 3744 dc
1597 3691 1769 3772 corpore
1785 3664 1897 3752 Beati
1911 3661 2007 3749 Petri
2018 3677 2090 3740 sum·

230 3807 232 3812 ’
348 3788 477 3878 ptum,
506 3799 581 3882 per
608 3799 677 3862 ¹eos
707 3773 835 3866 eidem
863 3771 1105 3865 tradendum
1145 3775 1283 3853 Electo
1328 3772 1581 3883 procidimus
1616 3773 1983 3866 transmittendum,
2017 3787 2091 3854 rcu-

346 3896 421 3990 pto
448 3909 476 3960 a·
501 3882 636 3980 ¹nobis,
666 3884 776 3993 quod
806 3885 932 3997 ipsius
961 3885 1082 3992 pallei
1110 3886 1420 3992 assignationem
1449 3887 1562 3972 iuxta
1592 3885 1825 3975 mandatum
1847 3896 2092 3982 nostrunpru

244 4034 247 4045 ·
346 3993 571 4103 sequimini,
599 3992 1066 4090 fidelitatis''iuramcuto.
1122 3996 1324 4097 Quocirca
1352 3995 1583 4084 discretioni
1627 3997 1780 4086 Vestra
1809 4023 1884 4104 per
1911 3983 2091 4101 Apostolus

340 4104 497 4210 scripta
524 4102 779 4202 mandamns,
806 4124 1004 4216 quatenus
1033 4103 1083 4184 ad
1115 4107 1406 4212 Episcoporum
1436 4107 1616 4214 ipsorum
1658 4109 1913 4215 praesentiam
1948 4107 2090 4210 persons·

348 4211 440 4291 liter
468 4213 712 4313 accedentes,
746 4221 801 4298 eis
830 4215 1101 4339 supradictam
1130 4215 1305 4322 palleum
1328 4243 1401 4323 per
1428 4207 1653 4323 ipsossicut
1668 4215 1902 4325 praedicitur
1923 4211 2090 4300 memoro·

347 4322 488 4403 Electo
514 4324 760 4420 tradendum
781 4342 1031 4434 praesentare
1060 4323 1232 4416 fideliter
1259 4324 1465 4416 studeatis.
1494 4325 1693 4406 Volumus
1722 4344 1857 4414 autem
1878 4320 1988 4436 quod
2012 4325 2038 4400 si
2057 4311 2090 4392 tl

347 4447 480 4514 terum
503 4453 684 4529 'nestrum
714 4435 846 4530 medio
874 4452 1057 4545 tempore
1085 4436 1298 4532 infirmari,
1327 4453 1397 4518 aut
1424 4438 1521 4518 alias
1549 4437 1735 4545 impediri
1763 4465 1834 4518 scu
1849 4432 2029 4528 decedere
2040 4423 2090 4503 lor·

347 4557 450 4621 tasse
477 4549 711 4653 contigerit,
738 4564 941 4654 superstes
970 4545 1227 4638 nihilominus
1254 4544 1408 4628 dictum
1437 4547 1608 4656 palleum
1638 4549 1750 4640 iuxta
1780 4547 2015 4656 praemissum
2038 4560 2091 4616 uo

349 4647 447 4730 dum
474 4655 623 4748 eisdem
652 4657 861 4766 Episcopis
886 4675 1164 4764 repraesentet,
1207 4658 1317 4766 quod
1352 4658 1387 4738 si
1428 4658 1537 4740 forte
1564 4677 1636 4737 vos
1662 4657 1805 4750 ambos
1831 4655 1948 4770 quod
1980 4659 2091 4732 auertat

316 4759 474 4855 ,Deum
508 4773 722 4874 antequam
748 4767 979 4861 huiusmodi
1013 4770 1267 4877 praesentatio
1309 4770 1416 4864 ilat‚·
1444 4769 1560 4860 obire
1603 4770 1837 4875 contigerit,
1913 4755 2091 4846 raeuanistit

348 4897 403 4978 op
434 4885 579 4951 ortuua
603 4876 875 4973 ‚sollieitudine
902 4877 1042 4971 horam
1072 4879 1228 4974 mortis,
1257 4879 1471 4990 ipsumque
1510 4878 1688 4978 Palleurn
1713 4878 1828 4986 ‘apud
1891 4867 2089 4972 athedraltlt

347 4899 664 5092 tcireligimam
692 4987 909 5071 Ecclesiam
937 4985 1045 5066 illius
1073 4987 1171 5083 loci,
1211 4989 1282 5076 vbi
1315 5017 1389 5072 vos
1403 4991 1686 5101 'Omnipotens
1715 4991 1824 5070 Deus
1850 4989 1905 5080 dc
1946 4987 2012 5066 hac
2032 4978 2089 5060 vis
