4398 5958
757 493 765 504 .
820 515 888 546 -,
989 473 1084 556 aas.
1118 423 1133 512 ἶ
1177 516 1235 538 -

135 698 272 850 6552.
763 703 913 848 1278
961 702 1008 808 a.
1055 620 1353 851 sonugj

169 967 172 978 ·
204 933 295 996 est.
317 903 449 993 Haemos
469 923 653 990 bekrtlielse
675 922 724 1009 plx
737 921 818 988 lion.
839 923 1039 988 winusus
1059 920 1233 1005 anordniug
1259 941 1312 986 om
1333 921 1462 1008 uuusy
1482 921 1530 988 till
1550 923 1605 989 det
1632 926 1784 993 iortttedc
1814 926 1925 998 Ketto-

266 1008 385 1077 maret
406 1012 416 1071 s
438 1009 621 1093 tmspng.
757 1031 765 1044 =
1184 1035 1187 1044 ,
1233 1005 1238 1038 ³·
1512 1029 1535 1046 ‚„
1587 1033 1591 1050 ·
1788 1037 1792 1058 ·

291 1122 294 1131 .
413 1110 417 1138 ι
463 1102 467 1110 ’
947 1167 951 1176 ¹
1573 1086 1609 1144 Α.
1628 1090 1654 1147 3.
1672 1109 1697 1150 o.
1717 1110 1741 1149 s:
1763 1111 1789 1168 2.

196 1287 199 1292 -
275 1225 509 1310 comnibus*
526 1229 730 1335 presentes
758 1223 910 1305 litteras
939 1223 1192 1332 inspecturis.
1221 1221 1270 1302 H.
1302 1218 1376 1301 Dei
1390 1223 1528 1329 gracia
1562 1224 1805 1336 lincopensis
1826 1227 1923 1337 Epi·

132 1354 298 1450 scopuS,
319 1338 502 1419 salutem
537 1339 580 1416 in
609 1333 774 1417 domino
809 1334 1101 1442 sempiternam
1158 1333 1354 1412 Constare
1382 1331 1570 1414 uolu'mus
1598 1337 1923 1445 presentibus&

132 1453 304 1562 posteris
334 1477 418 1560 per·
436 1465 641 1556 presentes
670 1446 821 1527 litteras
849 1445 979 1526 nostri
994 1441 1128 1552 sigilli
1155 1443 1376 1524 munimine
1417 1442 1633 1527 'roboratas
1650 1475 1651 1480 ‘
1671 1449 1754 1530 Nos
1782 1445 1924 1534 ba'bito

131 1562 331 1645 consensu
360 1559 523 1640 domini.
553 1561 621 1639 W.
650 1554 855 1672 quondam
885 1555 1005 1661 Regis
1021 1561 1242 1638 'sweorum
1276 1555 1349 1663 qui
1377 1556 1539 1635 nomine
1558 1555 1638 1638 lilie
1659 1585 1730 1640 sue
1745 1558 1922 1643 domine

133 1671 379 1782 ingiburgis,
409 1669 473 1749 cui
507 1669 669 1748 Curiam
685 1695 799 1749 suam
826 1667 871 1746 in
899 1665 993 1746 villa
1020 1665 1176 1772 husaby
1203 1664 1308 1745 inter
1321 1664 1445 1746 wita
1475 1666 1518 1744 in
1545 1662 1682 1749 dotem
1696 1671 1921 1780 assignaue·
2021 1669 2026 1690 '
2161 1769 2164 1782 Ι

132 1801 196 1864 rat
224 1785 419 1890 cuiusque
448 1805 519 1858 sue
549 1780 630 1859 lilio
657 1777 825 1858 liberam
854 1781 893 1855 ἃ
921 1775 1146 1884 generalem
1162 1861 1166 1872 ,
1182 1775 1545 1856 aministracionem
1581 1777 1781 1860 bonorum
1809 1809 1937 1891 gere·

130 1893 208 1976 bat¹
230 1893 319 2001 jure
335 1907 576 2001 patronatus
603 1887 715 1999 quod
743 1889 787 1968 in
816 1884 954 1967 eadem
969 1885 1147 1966 habebat
1174 1885 1350 1966 Ecclesia
1377 1882 1729 1992 videlicetsituata
1756 1891 1920 1973 invilla

131 2004 377 2112 supradicta.
404 1999 516 2110 quod
551 2015 751 2109 perpetuo
779 1997 937 2080 annecti
966 2011 1101 2103 posset
1136 1995 1317 2076 Canonie
1343 2023 1467 2106 quam
1494 1997 1580 2105 ipse
1616 1999 1821 2086 Dominus.
1841 2001 1920 2084 W.

132 2115 183 2196 de
211 2142 319 2194 nouo
348 2112 500 2192 creauit
527 2112 570 2212 in
598 2109 774 2191 Ecclesia
802 2107 1035 2215 lincopensi.
1068 2112 1107 2186 8<
1135 2133 1258 2215 quam
1287 2122 1468 2214 tempore
1502 2111 1798 2215 presenciarum
1826 2111 1921 2220 pos·

131 2224 236 2306 sedit
271 2219 539 2332 lngimundus
567 2219 794 2299 Canonicus
823 2217 1084 2325 lincopensis‚
1114 2217 1273 2298 Dietam
1302 2216 1520 2298 Ecclesiam
1548 2236 1767 2304 memorate
1794 2249 1919 2304 cano·
2043 2217 2067 2268 ·.

130 2337 197 2414 nie
227 2332 414 2415 duximus
443 2329 732 2412 annectendam
759 2331 1031 2410 Protestantcs
1072 2327 1150 2407 boc
1192 2327 1448 2436 presentibus
1489 2327 1634 2408 litteris
1675 2334 1919 2439 expressius,

130 2443 184 2526 ad
213 2445 319 2525 facte
347 2444 466 2523 huius
494 2458 696 2549 perpetue
710 2440 946 2521 annexionis
974 2437 1225 2520 euidenciam
1253 2435 1487 2546 pleniorem.
1517 2439 1667 2519 Datum
1695 2443 1816 2522 Anno
1845 2440 1920 2525 do·

127 2557 230 2636 mini
256 2553 575 2650 M⁰.CC⁰.LXX·.
604 2553 764 2632 Octauo
793 2551 868 2630 Die
888 2548 1025 2628 martis
1046 2561 1139 2658 post
1168 2545 1315 2665 festum
1328 2549 1436 2629 beati
1450 2547 1718 2631 bartholomei
1732 2553 1918 2661 apostoli

151 2698 199 2762 Pi
219 2697 392 2762 transitum
414 2695 517 2758 littera
537 2692 568 2754 b.
590 2693 724 2778 episcopi
744 2711 836 2776 super
855 2710 1005 2752 annexam
1025 2688 1152 2752 ecclesie
1172 2686 1292 2772 buseby
1312 2687 1354 2750 ud
1374 2688 1566 2774 prebendam
1587 2694 1713 2756 canonic
1734 2692 1899 2778 elguduwi.

523 2805 653 2888 sigillet,
674 2801 815 2882 studuit,
835 2802 952 2886 hingu-
972 2803 1014 2888 pt
1035 2821 1074 2864 cn
1093 2823 1132 2864 ur
1152 2800 1274 2867 brelvet
1294 2800 1395 2888 ilippt
1415 2821 1524 2866 reniso.
1696 2799 1700 2819 ⁸

22 3091 25 3100 Ι
132 3169 263 3298 653,
569 3117 609 3212 ⁸-
767 3137 916 3337 ra78
961 3171 1010 3279 d.
1057 3171 1130 3280 28
1177 3171 1295 3281 Oct
1605 3167 1918 3342 Sltenniuge.

210 3389 291 3454 Kon.
312 3391 512 3456 Wmnrusns
533 3389 710 3455 Gdfvobrel
725 3391 767 3478 pd
788 3392 968 3457 Luddustad
989 3393 1037 3455 till
1057 3393 1182 3456 Frdken
1203 3393 1396 3458 Momm
1417 3389 1571 3458 Mortuus
1592 3392 1702 3458 dotter.
1763 3489 1766 3496 γ

777 3505 781 3510 ’
1381 3578 1384 3589 1
1514 3505 1773 3582 -ὰᾶική

64 3689 69 3696 -
159 3695 161 3704 ·
293 3641 503 3722 Vniuersis
527 3669 690 3749 presens
718 3644 911 3752 scriptum
953 3642 1219 3726 cernentibus.
1260 3640 1521 3726 Ualdemarus
1562 3635 1636 3726 Dei
1664 3649 1799 3754 gracia
1828 3648 1915 3732 tter

127 3753 332 3864 quondam
377 3778 592 3834 sveuorum
626 3753 795 3834 salutem
824 3757 868 3834 in
903 3751 1069 3834 domino
1111 3754 1389 3860 sempiternam
1434 3753 1691 3863 presentibus
1731 3775 1914 3839 constare

127 3864 313 3944 uolumus
356 3863 544 3943 omnibus
572 3861 795 3949 ,euidenter
830 3867 915 3946 Nos
944 3866 1094 3946 curiam
1137 3881 1314 3944 nostram
1344 3867 1548 3973 propriam
1577 3863 1734 3946 Dictum
1763 3866 1914 3950 luddu·

123 3973 242 4066 stadb
289 3972 526 4054 Domicelle
557 3991 776 4082 margarete
833 3974 1027 4083 ragnildis
1097 3973 1274 4056 uondam
1316 3971 1442 4054 felicis
1483 3973 1779 4058 recordacionis
1820 4006 1912 4060 curn

124 4087 231 4194 agris
258 4087 416 4193 pascuis
445 4084 624 4192 piscariis
656 4085 782 4190 pratis
810 4085 1051 4166 molendinis
1068 4005 1261 4194 locisque
1296 4081 1615 4164 molendinorum
1649 4086 1817 4195 coloniis
1832 4117 1912 4170 ce·
1979 4121 1980 4127 ¹

122 4196 300 4303 terisque
315 4224 394 4304 que
409 4209 626 4276 memorate
646 4196 757 4274 curie
785 4196 978 4276 hactenus
1007 4194 1347 4277 attinuerant‘sibi
1360 4199 1522 4305 suisque
1535 4195 1751 4281 heredibus
1765 4201 1913 4307 genitis

123 4324 165 4386 et
190 4305 400 4413 gignendis
428 4330 528 4384 sano
555 4333 752 4388 consensu
781 4322 921 4387 nostro
952 4309 1101 4386 Damus
1129 4320 1170 4386 et
1197 4307 1441 4414 assignamus
1468 4308 1554 4388 iure
1589 4325 1788 4416 perpetuo
1817 4337 1929 4420 pos..

120 4412 330 4499 ridendam
358 4417 417 4496 Ne
445 4416 570 4523 igitur
596 4415 752 4524 prelata
780 4417 960 4498 Donamo
995 4413 1268 4524 calumpniose
1296 4415 1428 4496 valeat
1456 4418 1508 4500 ab
1537 4417 1738 4528 aliquibus
1765 4425 1909 4504 intem·

122 4525 233 4636 ptari
267 4539 326 4604 set
354 4525 546 4634 legittime
590 4527 694 4607 facta
724 4529 907 4634 optineat
947 4531 1136 4608 maiorem
1172 4524 1330 4606 roboris
1372 4528 1596 4610 firmitatem
1625 4517 1800 4638 sigillum
1821 4559 1912 4615 no·
1963 4567 1969 4574 ·

122 4652 251 4721 strum
281 4663 373 4716 cum
410 4633 549 4742 sigillis
578 4636 733 4718 Dileete
763 4638 901 4719 uxoris
928 4653 1064 4717 nostre
1092 4637 1261 4717 Domine
1291 4637 1454 4746 Sophye
1483 4656 1523 4720 et
1550 4640 1747 4722 nobilium
1771 4643 1909 4725 Domi·

120 4772 269 4829 norum
299 4745 491 4824 iohannis
518 4745 690 4857 philippi
719 4765 760 4830 et
788 4747 1059 4856 Suantapolcb
1090 4749 1287 4828 Duximus
1314 4751 1569 4855 presentibus
1596 4778 1619 4830 a
1649 4751 1907 4859 pendendum

120 4859 271 4940 Datum
283 4855 522 4964 Scheniugie
543 4883 651 4938 anno
681 4861 843 4940 Domini
857 4858 1153 4941 M⁰.CC⁰.LXX.
1168 4877 1315 4940 octauo
1329 4863 1474 4970 quinto
1488 4781 1649 4944 kalendl
1660 4863 1906 4950 nouembris.

119 4997 259 5086 sigillent
280 5002 341 5068 teo
364 5019 376 5064 1
400 4996 578 5077 mutulen
598 5001 658 5066 teo
679 5018 709 5081 a,
730 5000 869 5083 munds,
891 4999 1015 5150 hm
1027 5001 1405 5174 piwgpiiuusilkestrtdeu
1425 5003 1464 5071 al
1478 5007 1538 5075 tta
1558 5007 1578 5073 3
1597 5006 1680 5074 blott
1699 5007 1778 5072 rddc
1798 5009 1908 5080 silica-
