4404 5960
633 253 637 260 ,
749 193 858 322 'x‘

804 373 887 486 ·..'
952 421 1079 526 '³⁸9
1167 461 1307 552 ·,··'.

137 619 408 726 contradimus
437 636 725 747 possidendvm
760 698 771 719 .
802 643 816 718 .’
842 701 852 722 .
882 701 892 721 .
923 645 973 722 .'·.
1001 702 1012 721 .
1120 638 1293 721 eun'dcm
1327 636 1555 722 Esbernum
1596 634 1722 747 'super'
1761 637 1840 720 hoc
1867 638 1949 721 di-¹

137 757 274 836 atinate
302 751 442 834 fecisse
484 764 778 832 testamentum.
808 753 993 858 primitus
1021 775 1156 833 coram
1178 748 1370 860 parochia
1385 774 1457 830 sua
1485 751 1538 831 ln
1565 749 1755 844 liechibec
1771 749 1931 860 planum

138 876 547 947 .......·..est
574 858 760 960 aedicto
808 861 983 944 claustro
1018 856 1247 971 'predictam
1274 863 1565 970 possessiouem
1607 858 1777 944 dedisse.
1825 861 1931 943 sicut
1971 953 1977 958 ,
2062 867 2075 891 ’
2167 873 2197 910 ’·

136 977 275 1056 eclam·
294 980 430 1083 post'ea
480 971 685 1056 testificari
734 969 830 1051 lecit
874 999 949 1081 per
990 972 1292 1082 prolocutorem
1321 968 1372 1053 de
1401 1031 1637 1054 ......
1667 998 1767 1055 uoce
1794 999 1932 1054 coram

136 1085 323 1169 omnibus
350 1081 753 1194 conprouincialibus
781 1081 958 1164 ciusdem
987 1082 1372 1165 hauc'donacionem
1400 1081 1677 1192 sollempniter
1691 1081 1931 1174 confirman7

85 1189 186 1280 'te
216 1195 439 1277 secuudum
467 1192 580 1304 quod
595 1195 681 1274 eius
709 1189 861 1276 indicat
892 1254 1105 1276 ......
1134 1212 1465 1275 ztestamentum.
1494 1193 1615 1276 Vnde
1642 1196 1811 1277 firmiter
1839 1220 1930 1302 pre·
2058 1227 2063 1239 ·
2146 1257 2154 1292 ,

137 1306 324 1417 cipiendo
353 1306 597 1389 mandamus.
616 1305 820 1414 quatinus
849 1303 900 1386 de
930 1304 1113 1414 predicta
1141 1307 1197 1386 sic
1226 1305 1388 1413 publice
1425 1306 1577 1388 donata
1604 1305 1890 1414 possessione..
1920 1365 1930 1384 .

136 1479 184 1500 ..
220 1480 229 1499 .
259 1446 369 1500 .·seu
398 1415 620 1498 mulierum.
650 1414 795 1497 audeat
823 1416 867 1496 in
902 1434 1107 1524 posterum
1145 1415 1364 1502 Monachos
1390 1413 1613 1525 supradicti
1654 1418 1828 1498 Claustri
1857 1441 1931 1524 per

135 1531 312 1641 aliquam
341 1528 610 1636 calumpniam
647 1525 848 1607 infestare.
905 1525 1030 1629 Quod
1058 1529 1092 1607 si
1119 1529 1211 1636 quis
1239 1525 1391 1609 lecerit.
1435 1529 1547 1608 omni
1573 1585 1930 1610 .........
2064 1600 2066 1606 ,

136 1700 146 1719 .
179 1701 188 1721 .
218 1701 227 1720 .
257 1701 267 1722 .
296 1653 476 1720 nostram
503 1635 826 1748 indignacionem
855 1639 1034 1746 grauiter
1062 1664 1104 1717 se
1131 1639 1293 1718 nouerit
1322 1639 1589 1722 incursurum.
1618 1643 1664 1740 &⁸
1679 1640 1721 1718 in
1736 1664 1827 1742 eum
1841 1637 1931 1716 vin·

134 1749 373 1835 dicabimus·
388 1766 591 1860 tamquam
619 1751 671 1832 sit
700 1776 792 1856 reus
819 1749 929 1856 regie
957 1749 1183 1833 maiestatis.
1212 1749 1355 1830 valete.
1400 1783 1405 1789 ¹
1485 1803 1492 1812 -
1596 1771 1599 1786 ⁵
1698 1843 1702 1852 .

709 1891 757 1952 Pa
777 1888 951 1953 lrdnsidaut
982 1889 1154 1973 ''Vesgoeiu
1176 1890 1358 1976 abbatorpi'

629 2003 751 2088 sigillet
770 2003 970 2083 tar-tomum
991 2024 1065 2069 men
1085 2002 1232 2067 tridarue
1253 2004 1438 2089 qvarhltcga.

138 2335 277 2518 449.
664 2493 667 2502 ι
725 2415 730 2426 ·
771 2371 921 2479 1258
953 2356 1018 2477 a.
1069 2369 1141 2478 26
1189 2311 1321 2520 aug.
1698 2359 1929 2481 viterbo.

218 2592 308 2654 Pasv.
331 2593 514 2656 Asamum
536 2593 607 2658 qu
627 2591 706 2655 Brel
721 2590 770 2654 till
790 2589 1043 2678 irie-Bisiopcu
1064 2593 1075 2656 i
1096 2591 1287 2680 Upsalaom
1308 2587 1527 2682 upplrifvaude
1548 2590 1586 2653 al
1603 2591 1778 2674 Sienuinge
1808 2593 1929 2678 lyr-lo-

124 2695 132 2702 ·
271 2675 474 2760 mdtesstadga
494 2674 629 2740 rb'mnde
649 2675 829 2741 Prestcruas
850 2673 961 2738 frillor.
1566 2757 1592 2812 Α
1619 2772 1631 2808 ,
1662 2774 1686 2812 ι
1705 2756 1735 2810 31
1762 2755 1797 2827 a)

303 2863 544 2941 Asarinum
573 2861 798 2968 episcopus.
815 2885 971 2970 ‚seruus
991 2869 1202 2942 seru'oru'm
1220 2857 1296 2970 dej.
1325 2858 1560 2940 Venerabili
1576 2857 1696 2965 fratrj
1713 2920 1721 2938 .
1739 2921 1748 2939 .
1764 2857 1930 2940 Archia·
1978 2837 1985 2846 ’

124 2975 305 3085 piscopo
334 2971 558 3079 Vpsalensi.
597 2969 775 3051 Salutem
804 2986 844 3049 et
866 2969 1134 3077 apostolicam
1161 2970 1497 3053 benedictionem.
1535 2969 1623 3050 Tua
1644 2968 1674 3082 ι)
1703 2969 1821 3050 nobis
1849 2965 1931 3050 fra·
2065 3001 2068 3010 ’

122 3084 304 3167 ternitas
345 3082 565 3181 intimuit,
607 3078 721 3191 quod
763 3084 870 3164 bone
916 3084 1108 3163 memorie
1151 3081 1383 3163 Willelmus
1411 3082 1647 3190 Episcopus
1677 3079 1931 3176 Sabiuensis,

88 3215 236 3278 -tunc
263 3195 307 3274 in
334 3193 518 3301 partibus
547 3194 681 3276 Suetie
717 3187 894 3302 Legatos
922 3191 1027 3274 sedis
1061 3194 1282 3305 apostolice
1314 3194 1465 3289 statuit,
1495 3210 1541 3274 ut
1568 3192 1816 3303 quicumque
1860 3190 1932 3272 Sa·
1986 3221 1989 3230 ¹

120 3305 290 3401 cardos,
319 3303 385 3383 uel
415 3305 593 3386 Clericus
615 3303 886 3385 concubinam
915 3303 1084 3386 haberet
1112 3303 1275 3414 publice
1303 3301 1369 3384 uel
1398 3303 1575 3400 occulte,
1603 3305 1842 3385 sententiam
1863 3330 1933 3386 ex·

119 3417 508 3501 commmricationis
538 3415 781 3511 incurreret,
811 3415 900 3523 ipso
929 3412 1050 3512 facto,
1080 3413 1186 3506 vnde
1202 3443 1293 3498 cum
1326 3412 1545 3497 nonnullos
1563 3412 1596 3526 ²)
1624 3417 1822 3496 sententia
1844 3415 1933 3522 ipsa

116 3527 367 3624 inuoluunt,
398 3543 439 3607 et
467 3523 673 3623 inuoluat,
703 3524 914 3636 prouideri
942 3552 1065 3636 super
1092 3526 1170 3608 hoc
1198 3553 1222 3606 a
1250 3524 1370 3606 nobis
1397 3551 1538 3604 eorum
1565 3525 1698 3634 salutj,
1727 3523 1933 3606 humiliter

112 3635 414 3753 postulante)
444 3639 594 3718 Verum
623 3636 721 3744 quia
749 3663 845 3744 sepe
873 3634 985 3748 quod
1015 3636 1258 3744 prouidetur
1286 3637 1337 3720 ad
1354 3635 1519 3734 bonum,
1543 3638 1701 3748 antiqui
1729 3636 1857 3720 hostis
1870 3641 1931 3720 in-

110 3751 247 3834 uidia
282 3764 546 3858 procurante,
580 3745 713 3827 tendit
741 3744 793 3828 ad
821 3772 969 3828 noxam
997 3751 1036 3826 8<
1064 3747 1270 3830 Statutum
1305 3745 1535 3828 huiusmodi
1601 3747 1680 3828 uod
1725 3777 1802 3857 pro
1845 3752 1932 3833 ani·

103 3890 290 3950 marum
319 3856 577 3969 procuranda
606 3859 733 3940 salute
759 3856 892 3939 fuerat
919 3853 1091 3955 editum,
1135 3875 1222 3940 tum
1256 3875 1426 3968 propter
1453 3778 1787 3966 irregidaritates,
1831 3884 1932 3968 quas
2032 3899 2043 3917 ·

111 3974 271 4058 clerici
299 3970 496 4052 sententia
527 3967 710 4078 predicta
744 3967 869 4079 ligati,
887 3966 920 4081 4)
950 3967 1180 4052 multotiens
1207 3970 1465 4053 contrahunt.
1507 3986 1593 4051 tum
1636 3989 1804 4082 propter
1832 3995 1931 4080 con·
2031 4003 2035 4010 ’

109 4087 290 4196 tagiose
319 4108 425 4191 pene
452 4079 696 4188 contagium.
724 4106 805 4190 qua
834 4079 1183 4190 excommunicatj,
1212 4080 1290 4163 sibi
1318 4080 1671 4180 communicantes,
1699 4108 1932 4162 exeommu-

102 4195 349 4280 nicationis·
378 4190 468 4274 labe
497 4191 701 4286 inliciunt,
718 4190 940 4271 animabus
968 4192 1064 4299 ipsis
1098 4192 1266 4304 laqueos
1310 4191 1452 4271 mortis
1494 4190 1632 4272 eterne
1676 4208 1804 4300 parat.
1829 4193 1863 4306 5)
1891 4202 1932 4274 &

102 4304 400 4421 quamplures
441 4301 644 4412 sepissime
678 4301 834 4412 laqueo·
860 4300 1038 4410 ligantur
1066 4305 1206 4400 unius,
1235 4328 1309 4384 nos
1336 4299 1592 4384 attendentes
1620 4302 1732 4413 quod
1760 4332 1838 4412 pro
1861 4287 1931 4386 uass
1988 4325 1995 4330 ·

100 4422 281 4503 rietate
310 4438 573 4523 personarum
601 4429 643 4494 et
669 4413 900 4522 regionum,
942 4439 1046 4520 pene
1079 4432 1175 4494 sunt
1217 4409 1389 4522 prouida
1431 4410 1645 4510 uariande‚
1674 4414 1755 4493 tuis
1770 4411 1806 4527 6)
1835 4444 1931 4525 sup·

56 4535 61 4544 ’
98 4527 430 4643 plicationibus·
441 4523 636 4634 inclinati,
651 4521 897 4631 fraternitatj
912 4539 984 4602 tue
1000 4522 1032 4636 ⁷)
1062 4526 1309 4634 presentium
1330 4525 1569 4606 auctoritate
1584 4523 1852 4608 concedimus.
1883 4544 1930 4606 ut

95 4638 341 4755 prefatum
359 4650 553 4718 statutum
569 4636 614 4714 iu
627 4650 698 4716 tua
714 4636 885 4719 Ciuitate
893 4661 941 4716 ac
956 4633 1117 4733 diocesi,
1139 4651 1178 4716 et
1193 4635 1405 4718 Prouincia
1421 4660 1624 4716 reuocans.
1642 4635 1879 4716 acrelaxaus
1898 4637 1931 4748 8)
1971 4649 1972 4653 '

144 4889 179 4963 Ιῦ)
208 4882 284 4943 Neo
304 4875 365 4956 464
384 4887 458 4941 unu
468 4875 509 4941 K.
530 4897 556 4940 c.
582 4877 1034 4964 181harlo'ljaudcolikhetert
1052 4883 1192 4958 massua
1212 4874 1778 4966 2)Presbyterus&clcricospropter
1798 4879 1929 4945 eandem

198 4961 913 5116 ...uun
929 4961 1096 5112 aaa
1116 4962 1147 5045 ⁵>
1168 4975 1289 5053 m
1319 4963 1486 5046 a...
1528 4968 1558 5046 ⁷>
1716 4961 1748 5044 ⁸>
1768 4966 1801 5028 .

918 5067 930 5111 r
