4368 5950
999 461 1424 539 ..170-

316 679 462 774 potens
490 661 598 740 Deus
625 671 775 736 terram
803 657 922 753 illam,
950 657 985 736 si
1012 657 1133 737 vellet
1147 657 1313 736 omniuo
1341 651 1590 752 deffendere,
1620 680 1671 733 ne
1686 655 1727 733 in
1754 679 1892 732 manus
1919 653 2076 740 tradere·

314 791 384 854 tur
410 770 584 864 hostiles,
613 783 748 874 posset
776 783 818 847 et
847 762 973 862 illam,
1008 768 1042 847 si
1078 765 1199 846 vellet
1233 764 1284 845 de
1319 767 1504 848 manibus
1542 766 1720 845 hostium
1754 763 1870 842 facile
1906 763 2075 862 liberare,

314 911 406 970 cum
433 879 535 959 nihil
563 879 691 986 possit
719 877 804 957 elus
847 880 1030 964 resistere
1065 876 1278 956 voluntati.
1316 874 1396 955 Sed
1438 905 1531 957 cum
1573 879 1652 955 iam
1701 871 2079 984 superhabundasset

314 991 525 1100 iniquitas,
555 987 835 1095 refrigescente
862 989 1030 1067 caritate
1059 987 1298 1081 multorum,
1334 1000 1379 1063 ut
1408 985 1544 1066 fideles
1579 1013 1672 1065 suos
1704 1014 1728 1063 a
1757 1011 1926 1090 sompno
1958 990 2079 1068 mortis

314 1101 366 1182 ad
394 1103 474 1181 vite
502 1095 681 1180 studium
709 1097 903 1178 excitaret
930 1124 1101 1205 agonem
1129 1097 1206 1175 illis
1230 1101 1460 1204 proposuit,
1491 1101 1532 1177 in
1562 1123 1644 1207 quo
1659 1094 1778 1175 iidem
1806 1121 1961 1190 eorum,
1987 1097 2082 1177 velut

312 1239 457 1292 aurum
486 1211 528 1288 in
556 1209 721 1289 fornace
750 1209 943 1316 probaret
971 1209 1221 1287 occasionem
1249 1209 1388 1288 salutis
1423 1211 1545 1287 immo
1579 1205 1814 1285 salvationis
1834 1233 1991 1285 causam
2006 1235 2081 1315 pre·

312 1319 478 1415 stando,
511 1321 655 1428 utqui
683 1316 855 1399 fideliter
884 1345 961 1426 pro
989 1319 1078 1424 ipso
1106 1320 1367 1413 certaverint,
1396 1316 1450 1397 ab
1479 1321 1567 1426 ipso
1596 1316 1767 1396 feliciter
1780 1333 2031 1413 coronentur,
2050 1336 2083 1402 et

231 1451 237 1462 ·
314 1434 388 1541 qui
415 1431 454 1509 ei
481 1430 682 1509 voluerint
703 1428 732 1555 ¹)
748 1433 790 1510 in
819 1444 930 1511 tante
959 1428 1204 1508 necessitatis
1237 1429 1412 1508 articulo
1426 1428 1561 1509 debite
1577 1427 1783 1507 servitutis
1798 1425 2020 1534 impendere
2034 1428 2082 1506 l-

314 1541 529 1633 mulatum‚
561 1540 602 1618 in
629 1540 846 1620 novissimo
874 1539 1046 1620 districti
1072 1539 1264 1620 examinis
1292 1539 1357 1620 die
1386 1539 1531 1620 iustam
1560 1553 1791 1622 mereantur
1806 1535 2083 1644 dampnationis

313 1650 553 1734 sententiam
567 1651 775 1730 sustinere.
793 1652 998 1760 Oquanta
1012 1649 1093 1755 jam
1121 1651 1308 1756 provenit
1335 1649 1488 1728 utilitas
1503 1676 1553 1727 ex
1581 1648 1657 1727 hac
1683 1675 1820 1742 causa,
1849 1676 1969 1756 quam
1985 1647 2084 1729 multi

313 1761 496 1843 conversi
525 1757 576 1840 ad
605 1761 868 1868 penitentiam
896 1787 972 1868 pro
1001 1760 1238 1839 liberatione
1266 1776 1372 1840 terre
1397 1775 1535 1839 sancte
1562 1760 1893 1867 mancipaverunt
1920 1785 1959 1838 se
1986 1759 2084 1838 obse

344 1873 413 1952 uio
443 1869 645 1968 Crucifixi,
673 1887 715 1951 et
742 1873 858 1981 quasi
872 1899 947 1980 per
965 1895 1133 1979 agonem
1162 1869 1332 1950 martirii
1359 1869 1551 1950 coronam
1579 1869 1706 1978 glorie
1733 1883 1826 1948 sunt
1854 1866 2001 1976 adepti,
2026 1870 2084 1979 qui

312 1901 420 2064 iente
447 1980 490 2060 in
522 1982 603 2061 suis
638 1979 921 2090 iniquitatibus
964 1979 1192 2089 periissent,
1221 1981 1452 2061 carnalibus
1499 1977 1793 2087 voluptatibus,
1821 1995 1863 2056 et
1892 1979 2084 2060 mundanis

314 2091 512 2180 illecebris
555 2092 718 2190 irretiti,
768 2107 883 2172 vetus
925 2105 985 2170 est
1013 2089 1089 2170 hoc
1117 2085 1330 2171 artilieium
1386 2093 1479 2170 Jesu
1515 2089 1681 2184 Christi,
1711 2087 1823 2198 quod
1858 2089 1911 2169 ad
1939 2117 2084 2168 suorum

313 2201 481 2306 salutem
510 2200 687 2283 fidelium
716 2201 858 2284 diebus
887 2203 971 2283 istis
999 2200 1188 2312 dignatus
1216 2218 1276 2281 est
1303 2203 1505 2281 innovare.
1538 2201 1579 2282 Si
1608 2201 1714 2278 euim
1727 2201 1813 2278 Rex
1842 2199 1987 2310 aliquis
2001 2217 2083 2279 tem·

313 2311 465 2422 poralis
492 2339 515 2390 a
543 2315 624 2392 suis
654 2314 836 2398 hostibus
864 2315 1062 2395 eiceretur
1091 2314 1140 2394 de
1168 2313 1327 2421 Regn0,
1357 2313 1434 2392 nisi
1463 2310 1620 2391 vassalli
1649 2312 1732 2390 eius
1762 2339 1840 2419 pro
1862 2339 1913 2390 eo
1940 2340 2017 2391 non
2033 2338 2084 2408 so

313 2425 396 2504 lum
426 2449 490 2502 res
517 2439 783 2532 exponerent,
811 2423 881 2506 scd
911 2451 1123 2532 personas,
1155 2451 1287 2502 nonne
1319 2451 1408 2503 cum
1440 2423 1622 2530 Regnum
1656 2439 1916 2530 recuperaret
1945 2423 2085 2501 ammis-

309 2561 419 2629 sum,
447 2559 515 2612 eos
543 2535 653 2613 velut
683 2532 862 2613 inlideles
906 2533 1160 2640 dampuaret,
1196 2549 1237 2611 et
1265 2534 1513 2640 excogitaret
1542 2535 1583 2611 in
1612 2559 1680 2611 eos
1714 2534 1983 2642 inexcogitata
2014 2549 2084 2610 tor·

313 2658 466 2738 menta,
494 2642 644 2751 quibus
672 2641 860 2751 perderet
889 2643 990 2721 male
1019 2644 1154 2721 malos.
1186 2644 1251 2722 Sic
1280 2645 1366 2722 Rex
1381 2644 1535 2750 Regum
1553 2642 1749 2722 Dominus
1778 2645 1891 2722 Jesus
1908 2645 2084 2734 Christus,

313 2753 387 2860 qui
415 2778 563 2857 corpus
591 2768 631 2830 et
659 2754 852 2849 animam,
880 2769 922 2831 et
943 2769 1075 2832 cetera
1104 2752 1220 2832 vobis
1234 2753 1406 2832 contulit
1440 2753 1547 2832 bona
1576 2751 1626 2832 de
1654 2753 1958 2860 ingratitudinis
1988 2755 2083 2844 vitio,

312 2877 354 2940 ct
382 2860 630 2942 infidelitatis
658 2863 823 2942 crimine
851 2889 923 2940 vos
952 2861 1208 2969 dampnabit,
1251 2865 1285 2941 si
1319 2864 1356 2941 ei
1392 2864 1508 2971 quasi
1550 2863 1678 2942 eiecto
1707 2862 1758 2942 de
1786 2867 1945 2974 Regno,
1987 2861 2084 2974 quod

340 2974 451 3072 ,ecio
465 2971 528 3050 sui
543 2974 746 3078 sanguinis
774 2975 1041 3080 comparavit,
1070 2973 1325 3079 neglexeritis
1353 2972 1586 3070 subvenire3
1624 2975 1724 3053 sciat
1758 3001 1855 3083 ergo
1892 3002 1934 3054 se
1963 2977 2085 3084 culpa·

282 2999 643 3178 bilisarium,
686 3099 726 3160 et
755 3080 855 3162 dure
897 3083 1142 3190 culpabilem
1183 3085 1430 3193 quicumque
1459 3084 1502 3161 in
1536 3082 1613 3162 hoc
1642 3087 1887 3164 necessitatis
1930 3084 2085 3166 articulo

314 3215 429 3272 suum
454 3192 663 3300 negaverit
683 3192 924 3302 obsequium
952 3193 1224 3301 Redemptori.
1254 3197 1370 3274 Nam¹
1388 3210 1428 3273 et
1455 3192 1663 3301 quomodo
1699 3195 1920 3275 secundum
1964 3223 2086 3305 prece·

313 3318 430 3413 ptum
458 3301 641 3384 divinum
670 3301 804 3412 diligit
830 3304 1059 3412 proximum
1088 3333 1205 3382 suum
1233 3305 1544 3410 sicutseipsum,
1560 3305 1630 3412 qui
1646 3305 1724 3392 scit
1742 3304 1885 3385 fratres
1914 3334 2006 3388 suos
2020 3304 2085 3385 fide

311 3440 361 3494 ac
388 3413 548 3492 nomine
579 3412 829 3493 Christianos
855 3410 965 3520 apud
994 3413 1169 3522 perfidos
1199 3415 1442 3493 Sarracenos
1472 3414 1677 3521 ergastulo
1690 3414 1783 3494 duri
1797 3419 1970 3496 carceris
1998 3417 2086 3499 deti·

310 3524 417 3618 neri,
447 3549 493 3601 ac
523 3525 620 3629 iugo
648 3519 822 3630 deprimi
850 3526 1081 3631 gravissime
1115 3525 1338 3620 servitutis,
1376 3522 1496 3603 etad
1532 3524 1810 3605 liberationem
1845 3553 1986 3606 eorum
2013 3521 2085 3607 effi·

310 3659 446 3714 oseem
474 3659 637 3739 operam
665 3660 750 3712 non
778 3633 975 3741 impendit
1003 3633 1339 3743 transgrediendo
1368 3635 1475 3714 illius
1504 3636 1699 3716 naturalis
1723 3637 1820 3744 legis
1849 3639 2085 3730 mandatum,

309 3741 424 3854 quod
452 3743 648 3822 Dominus
675 3742 719 3821 in
750 3744 971 3851 Evangelio
999 3746 1230 3827 declaravit.
1267 3747 1534 3854 Quecumque
1562 3747 1704 3842 vultis,
1730 3764 1775 3826 ut
1805 3749 1957 3829 faciant
1986 3748 2087 3828 vobis

307 3854 509 3948 homines,
539 3869 581 3932 et
608 3881 680 3934 vos
710 3852 830 3935 lhcite
859 3855 946 3934 illis.
979 3857 1043 3934 An
1073 3856 1179 3934 forte
1213 3856 1393 3950 nescitis,
1428 3855 1541 3963 quod
1569 3857 1680 3964 apud
1709 3857 1799 3937 illos
1826 3862 1956 3940 multa
1992 3860 2086 3939 milia

310 3963 633 4047 Christianorum
674 3965 716 4044 in
758 3965 971 4068 servitute,
1019 3992 1066 4043 ac
1108 3992 1268 4045 carcere
1291 3965 1560 4062 detinentur,
1604 3970 1676 4078 qui
1718 3974 1930 4054 tormentis
1982 3973 2088 4051 irinu-

309 4077 428 4158 meris
463 4075 740 4178 cruciantur„
780 4077 830 4156 Et
873 4075 1036 4185 quidem
1075 4103 1213 4179 omues
1257 4103 1360 4184 pene
1402 4077 1716 4158 sarracenorum
1759 4082 1993 4163 Provincias
2033 4107 2088 4162 us·

309 4189 390 4294 que
418 4201 510 4295 post
553 4201 737 4294 tempora
780 4187 892 4266 Beati
934 4185 1124 4294 Gregorii
1160 4185 1377 4268 Christiani
1420 4189 1562 4295 populi
1610 4190 1887 4298 possederunt,
1933 4189 2021 4274 scd¹
2047 4219 2087 4272 ex

308 4311 406 4377 tuuc
453 4291 621 4405 quidam
671 4294 910 4403 perditionis
958 4295 1063 4377 lilius
1112 4293 1385 4378 Machometus
1437 4299 1593 4379 Pseudo
1651 4299 1852 4410 propheta
1903 4303 2088 4394 surrexit,

305 4406 381 4511 qui
427 4435 502 4514 per
549 4405 748 4488 seculares
796 4406 1023 4506 illecebras,
1077 4424 1118 4486 et
1166 4409 1393 4516 voluptates
1443 4410 1626 4491 carnales
1677 4411 1824 4493 multos
1866 4441 1888 4493 a
1928 4417 2088 4496 veritate

306 4511 487 4612 seduxit,
528 4517 643 4599 euius
684 4514 872 4625 perfidia,
920 4534 961 4598 et
1002 4521 1035 4599 si
1081 4543 1209 4626 usque
1251 4516 1303 4598 ad
1348 4518 1421 4598 hec
1458 4534 1642 4628 tempora
1677 4521 1893 4604 invaluerit
1929 4520 2088 4620 confidi·

306 4646 396 4705 mus
422 4639 556 4710 tamen
583 4629 627 4708 in
654 4628 849 4726 Domino,
876 4631 950 4739 qui
977 4627 1059 4737 jam
1087 4627 1182 4708 lecit
1210 4629 1421 4709 nobiscum
1448 4631 1607 4739 signum
1635 4633 1678 4711 iu
1693 4632 1864 4730 bonum,
1879 4635 1995 4743 quod
2008 4635 2089 4714 finis

307 4730 427 4859 huius
452 4733 578 4820 bestie
605 4741 1082 4851 appropinquaucuius
1109 4765 1300 4820 numerus
1330 4735 1556 4850 ,secundum
1597 4745 1858 4854 Apocalipsin
1900 4743 2088 4828 lobannis

215 4905 219 4913 .
310 4857 417 4922 mtra
458 4864 644 4944 sexcenta
684 4851 892 4961 sexaginta
934 4879 1004 4933 sex
1044 4848 1265 4946 clauditur,
1291 4878 1341 4932 ex
1368 4847 1520 4962 quibus
1544 4851 1626 4959 jam
1657 4880 1760 4962 pene
1776 4861 1779 4868 ’
1794 4860 1976 4939 sexcenti
2003 4847 2088 4936 sunt
2157 4845 2158 4854 Ν

309 4953 406 5036 anni
433 4951 635 5056 completi.
664 4961 784 5042 Certe
810 4977 948 5074 preter
981 4963 1142 5074 priores
1166 4961 1334 5043 iniurias
1360 4959 1551 5072 grandes,
1585 4979 1626 5044 et
1654 4993 1797 5074 graves
1831 4963 2088 5077 Redemptori

307 5079 581 5108 m

344 5115 354 5148 ’·
399 5113 427 5189 ι)
444 5107 602 5175 noluerint
620 5107 663 5177 K·
682 5133 725 5180 n·
