4368 5950
207 613 210 623 ¹
297 643 520 736 Attendcns
547 635 815 750 ewangelicus
843 635 912 719 ille
931 567 1226 748 'paterfamilias
1252 637 1377 748 quod
1392 639 1531 724 messis
1558 655 1619 722 est
1644 639 1769 722 multa
1807 645 1975 754 operarii
1998 677 2053 734 cu-

2148 457 2150 506 l

2149 507 2150 550 l

196 851 202 865 ⁸
295 753 518 868 tem'paucj
544 749 677 834 adhuc
706 749 821 859 quasi
847 747 1059 832 undecima
1085 749 1186 832 hora
1213 750 1329 832 vinee
1355 779 1428 832 sue
1455 777 1587 834 nouos
1614 751 1786 862 deputat
1814 753 2053 846 vinitomsin.
2149 845 2150 860 Ν

293 890 356 955 ter
384 893 488 978 quos
515 861 756 948 venerahilis
783 860 908 947 frater
934 877 1071 942 noster
1098 859 1353 948 firdaudensis
1380 865 1593 972 episcopus
1613 865 1659 947 in
1686 863 1879 948 finlandia
1908 871 2057 954 &terris

294 982 437 1065 vicinis
463 1003 663 1089 magnum.
682 973 880 1088 populum
908 972 1108 1080 ydolatrie
1130 971 1271 1081 'cultnj
1296 977 1538 1057 seruientem
1574 974 1906 1086 ewangelizando
1939 1007 2059 1066 nonen

294 1090 450 1198 dominj
478 1087 607 1170 nostri
635 1087 720 1170 iesu
741 1085 880 1166 christi
905 1083 959 1166 de
986 1109 1097 1165 nouo
1125 1103 1170 1167 vt
1197 1083 1346 1168 dieitur
1380 1088 1595 1198 acquisiuit
1629 1085 1760 1168 eidem
1794 1087 1966 1200 denique
2004 1123 2060 1178 ru-

293 1202 477 1312 teni'qui
505 1197 727 1309 propinqui
755 1213 850 1278 sunt
878 1197 933 1278 eis
970 1197 1137 1277 nimium
1165 1197 1432 1282 abhorrentes¹
1472 1200 1580 1308 ipsos
1614 1224 1691 1307 pro
1727 1225 1775 1279 eo
1812 1201 1925 1309 quod
1964 1201 2062 1287 fidem

295 1314 540 1397 katholicam
567 1326 830 1417 susceperunt
856 1306 1132 1420 multipliciter
1159 1305 1371 1391 deseuiunt
1399 1311 1443 1390 in
1470 1309 1632 1392 cosdem
1648 1307 1776 1392 modis
1811 1313 1958 1420 quihus
1988 1342 2063 1423 pos·

295 1442 391 1509 sunt
419 1422 471 1505 ad
499 1450 640 1504 eorum
664 1422 875 1504 interitum
900 1424 944 1499 8(
971 1416 1228 1526 dispendium
1256 1419 1508 1503 intendendo
1536 1423 1640 1502 Cum
1668 1447 1769 1506 vero
1782 1425 1960 1504 vmuersi
1985 1425 2065 1506 lide·
2101 1416 2105 1421 λ

293 1539 352 1620 les
380 1552 565 1644 reputare
593 1532 766 1620 debeant
794 1535 835 1612 in
863 1531 1003 1638 seipsis
1030 1530 1117 1611 fieri
1146 1530 1259 1639 quod
1286 1533 1329 1612 in
1356 1532 1526 1614 eundem
1560 1532 1842 1650 acquisicionis
1891 1537 2066 1643 populun
2128 1531 2149 1551 '

294 1648 559 1734 committitur
586 1673 610 1724 a
639 1642 830 1753 predictis
857 1643 930 1751 qui
964 1641 1030 1724 dei
1057 1658 1153 1722 sunt
1181 1647 1221 1721 &
1235 1642 1330 1748 lidej
1345 1640 1546 1724 katholico
1561 1641 1656 1748 fidej
1671 1644 1824 1724 inimici
1838 1646 2066 1730 Discrecicni

229 1814 235 1822 -
298 1776 430 1846 vestre
459 1785 532 1868 per
560 1755 780 1865 apostolica
807 1755 957 1862 scripta
985 1751 1221 1834 mandamus
1248 1754 1442 1862 quatinus
1461 1769 1703 1834 mercatores
1731 1753 1781 1836 de
1810 1759 1990 1864 partibus
2013 1785 2067 1838 ve·

294 1872 388 1954 stris
414 1896 466 1956 nt
495 1867 752 1956 mercimonia
781 1893 873 1946 cum
916 1863 994 1945 illis
1022 1881 1234 1944 exerceant
1260 1863 1390 1948 donec
1419 1864 1605 1947 desinant
1632 1868 1822 1975 persequi
1840 1864 1870 1978 ¹)
1898 1865 1951 1948 de
1977 1895 2070 1950 nouo

243 2058 249 2078 ,
296 2006 515 2066 conuersos
542 1977 594 2062 ad
622 1978 741 2059 fidem
769 1978 959 2058 interris
987 1973 1134 2056 eisdem
1161 1975 1388 2058 monicione
1410 1977 1601 2085 premissa
1631 2004 1706 2083 per
1734 2004 1950 2058 censuram
1964 1979 2070 2059 eccle·

295 2093 492 2174 siastieam
520 2089 799 2202 appellatione
829 2103 982 2167 remota
1013 2086 1167 2200 cogatis
1196 2084 1320 2189 Quod
1347 2088 1382 2167 si
1410 2115 1495 2168 non
1509 2114 1647 2170 omnes
1662 2087 1740 2166 hiis
1755 2087 2000 2197 exequendis
2012 2119 2071 2198 pe

152 2238 157 2248 ’
293 2205 452 2285 tueritis
482 2202 674 2281 interesse
703 2218 748 2281 tu
775 2197 898 2277 frater
925 2198 1112 2306 episcope
1140 2225 1232 2280 cum
1262 2225 1403 2280 eorum
1432 2199 1562 2282 altero
1597 2224 1643 2276 ea
1679 2197 1964 2280 nichilominus
1997 2227 2072 2308 exe·

298 2314 436 2426 queris
465 2315 616 2392 Datum
645 2311 797 2421 perusii
826 2309 894 2397 Vl.
921 2307 1003 2398 hal.
1034 2306 1229 2416 februarii
1258 2309 1517 2391 Pontificatus
1546 2308 1676 2391 nostri
1705 2310 1825 2391 Anno
1855 2337 1932 2390 azo.

318 2475 321 2483 ·
464 2423 540 2505 Eu
568 2424 651 2503 tila
678 2423 851 2528 lydande
884 2422 996 2522 bref,
1024 2421 1153 2506 scutdt
1173 2424 1246 2505 tut
1270 2421 1483 2530 ''episcopo
1512 2417 1733 2501 &dilectis
1762 2420 1853 2501 filiis
1880 2422 2073 2535 preposito

295 2535 445 2646 rigensi
473 2553 513 2614 et
536 2532 679 2614 abbati
706 2531 757 2614 de
786 2529 1045 2614 dunemunde
1075 2529 1335 2612 cisterciensis
1377 2532 1531 2614 ordinis
1573 2532 1743 2638 rigensis
1772 2530 1979 2640 dyocesis,
2006 2531 2072 2614 dat

192 2687 195 2693 ⁴
296 2648 336 2730 d.
367 2649 418 2728 23
449 2645 536 2724 Jan.
571 2671 689 2751 1229,
708 2645 844 2751 finncs
873 2645 961 2723 iB.
992 2643 1035 2722 5:
1063 2643 1137 2742 433
1161 2661 1279 2726 namt
1305 2661 1361 2725 ctt
1394 2644 1599 2724 lz'latcued
1641 2643 1836 2751 episcopo
1865 2647 1909 2723 St
1935 2642 2074 2750 Abbatj

295 2757 427 2842 sancti
473 2755 668 2838 iohannis
709 2773 750 2836 et
787 2757 952 2834 Decano
992 2753 1154 2835 maioris
1197 2752 1363 2840 ecclesie
1403 2753 1658 2866 Lybieensis,
1699 2752 1781 2834 dat.
1803 2752 1842 2837 d.
1869 2781 1929 2860 -27
1959 2755 2076 2836 lani

296 2876 342 2956 B.
374 2870 410 2951 5:
440 2867 505 2964 dd.
1911 2915 1917 2924 ,

303 3263 434 3370 252.
944 3293 1093 3402 1229
1140 3247 1188 3361 d.
1227 3257 1304 3361 31
1357 3258 1464 3360 J'an.
1854 3254 2077 3406 Perugia

381 3481 475 3546 Pdsv.
498 3481 677 3542 Gntcomus
697 3479 769 3538 1th
789 3475 976 3542 beltrtllelse
997 3477 1046 3541 tur
1063 3479 1216 3563 Bislopen
1238 3482 1249 3542 l
1269 3475 1405 3542 Finlaud
1433 3477 1473 3562 pt
1494 3453 1593 3538 deas
1621 3473 1847 3555 heduingaruas
1880 3473 1998 3536 fordna
2019 3471 2079 3533 lun-

380 3651 384 3662 .
432 3563 491 3625 dar
510 3563 569 3623 och
591 3559 782 3642 afgudahus,
802 3579 869 3625 som
890 3559 927 3621 af
943 3559 1123 3643 nychristna
1144 3563 1253 3630 hlilvit
1273 3563 1422 3644 frivittigt
1441 3561 1493 3621 till
1514 3557 1645 3642 Kyrlen
1666 3556 1762 3638 gisae.

1816 3671 1846 3726 s.
1865 3672 1890 3726 ⁵2
1917 3676 1962 3744 46.

614 3809 738 3920 Copia
762 3809 865 3890 bulla
892 3811 1089 3920 Gregorij
1115 3842 1222 3924 pape
1249 3839 1367 3920 super
1396 3813 1493 3891 lucis
1521 3827 1561 3890 et
1588 3810 1771 3890 delubris.

467 3954 699 4034 Guneonius
728 3952 953 4060 Episcopus
981 3981 1122 4033 seruus
1155 3978 1365 4033 seruorum
1393 3949 1472 4057 Dej
1500 3950 1732 4031 Venerabili
1754 3948 1873 4029 fratri
1888 3949 2086 4058 Episcopo

301 4063 541 4154 finlandensi
570 4060 745 4146 Salutem
760 4079 800 4142 et
814 4063 1072 4171 apostolicam
1088 4057 1416 4142 benediccionem
1430 4064 1624 4148 Annuere
1639 4063 1850 4146 consueuit
1865 4059 1986 4140 sedes
2002 4083 2087 4164 apo

300 4179 442 4261 stolica
471 4175 549 4286 piis
576 4173 681 4254 votis
710 4188 751 4252 et
778 4173 954 4258 honestis
983 4173 1208 4282 petencium
1238 4169 1425 4282 precibus
1440 4169 1622 4256 fauorem
1636 4171 1873 4262 beniuolum
1891 4165 2088 4279 impertiri

300 4295 530 4398 Eapropter
559 4283 810 4372 Venerabilis
838 4285 881 4364 in
910 4285 1060 4364 chris-to
1088 4281 1215 4363 frater
1244 4284 1324 4364 tuis
1351 4281 1466 4366 iustis
1494 4283 1682 4391 precibus
1712 4275 1899 4389 inclinatj
1933 4281 2089 4362 lucos&

269 4400 472 4481 delubra
500 4397 696 4504 deputata
724 4397 821 4474 olim
849 4395 995 4476 ritibus
1023 4418 1275 4502 paganorum
1303 4420 1384 4502 que
1412 4393 1462 4478 de
1491 4395 1624 4478 nouo
1661 4415 1705 4473 er
1733 4409 1773 4472 te
1808 4391 2006 4483 conuersi
2047 4383 2092 4466 ad

302 4508 419 4588 fidem
447 4507 612 4588 ecclesie
640 4521 710 4585 tue
738 4504 944 4586 voluntate
960 4524 1177 4614 spontanea
1191 4504 1452 4585 contulerunt
1466 4505 1543 4614 ipsi
1557 4421 1720 4594 ecclisie
1736 4505 1987 4592 auctoritate
2003 4524 2090 4610 apo·

302 4617 443 4698 stolica
471 4616 752 4699 confirmamus
781 4619 821 4692 8(
846 4616 1045 4802 Βνεεεηῐίε
1073 4615 1213 4722 scripti
1241 4615 1468 4722 patrocinio
1492 4618 1785 4701 communimus
1813 4614 1932 4714 Nulli
1964 4619 2039 4692 &a
2059 4635 2092 4690 se

281 4730 588 4830 olmmmugen
614 4727 696 4810 Nm
725 4753 815 4808 202.
885 4743 994 4806 atum
1021 4724 1178 4832 Parusij
1206 4725 1245 4804 II
1274 4722 1351 4806 kal.
1382 4723 1578 4838 februarij
1599 4724 1862 4814 Pontificatus
1877 4725 2016 4814 nostri
2031 4747 2091 4800 an·

300 4863 355 4923 no
372 4833 573 4915 secundo.
632 4841 636 4848 “

311 4995 312 4998 ¹
492 4997 495 5004 .

352 5078 381 5161 p
393 5071 496 5138 necta
514 5072 575 5170 orc-
591 5070 735 5140 auaua
752 5079 764 5142 r
784 5076 913 5154 arana
932 5077 983 5142 au
1002 5077 1153 5162 sennen
1171 5073 1233 5141 aa
1247 5031 1485 5146 non-amau
1504 5080 1516 5143 r
1537 5076 1618 5162 naga
1638 5070 1698 5143 tte.
1719 5079 1755 5172 a
1776 5078 1813 5144 σε
1834 5079 1887 5158 aa.
