4398 5958
833 473 892 494 ..
1002 415 1251 540 599·-

42 752 46 756 ,
143 652 270 758 ‘dictae
299 651 496 750 Dominae,
525 652 633 733 bona
659 651 856 762 Philippi,
899 652 1008 732 Petri
1044 649 1142 760 lilii,
1175 649 1229 733 ad
1256 677 1374 733 usum
1401 677 1519 734 suum
1545 675 1735 734 revocare
1756 677 1841 731 non
1867 650 1939 734 ha-
1978 647 1997 742 ]
2096 639 2124 674 '⁴

151 764 276 845 beant
303 761 559 872 aliquatenus
588 760 831 847 facultatem.
876 763 932 843 Ut
960 779 1092 842 autem
1120 761 1279 844 firmum
1307 777 1347 843 et
1387 781 1521 843 ratum
1548 764 1826 872 inposterum
1868 760 1955 841 ha··
2061 841 2069 860 ,

151 875 297 955 beatur
324 872 758 981 hujusmodidonum,
798 888 1015 983 praesentes
1055 871 1207 952 litteras
1242 900 1336 952 cum
1376 873 1514 982 sigillo
1549 887 1708 970 nostro,
1737 887 1779 952 et
1806 871 1938 981 sigillo

150 983 289 1066 fratris
317 985 445 1066 nostri
472 985 664 1064 carissimi
693 989 736 1066 E.
765 987 889 1066 Ducis
916 983 1081 1080 Suculae,
1109 981 1276 1064 fecimus
1304 984 1498 1066 roborari.
1527 980 1592 1064 Ad
1618 983 1741 1091 hujus
1755 980 1851 1065 lacti
1866 1009 1938 1061 no·

149 1095 279 1176 titiam
307 1113 347 1176 et
375 1092 623 1176 evidenciam
650 1096 882 1204 pleniorem.
913 1095 1116 1205 Scriptum
1145 1109 1185 1174 et
1214 1094 1355 1176 datum
1381 1092 1492 1203 apud
1519 1095 1702 1178 Arusiam
1716 1097 1840 1196 Anno
1865 1093 1941 1175 do·⁸

148 1206 247 1286 mini
274 1205 574 1287 M.CG.LXXV.
603 1210 628 1290 3
657 1205 748 1287 idus
776 1204 1025 1316 septembris.

691 1343 840 1460 asi
1254 1340 1402 1458 osi

152 1743 313 1859 600„
813 1743 959 1884 1275
1006 1703 1054 1846 d.
1104 1741 1135 1844 5
1182 1736 1296 1846 Oct.
1616 1733 1934 1889 'Linlrbpmg

231 1949 366 2046 ll'onung
387 1917 517 2026 Missus
540 1962 579 2023 las
599 1960 776 2023 Gdfvobref
791 1961 833 2044 pa
853 1961 918 2021 sina
939 1959 1015 2042 gods
1035 1959 1168 2045 iiTjust,
1189 1972 1275 2023 utom
1297 1959 1378 2022 brad
1399 1959 1480 2022 svn
1510 1959 1612 2022 eru
1641 1960 1758 2024 lemnat
1777 1963 1788 2024 i
1808 1962 1933 2046 Gyrda-
1991 1965 1997 1973 “
2085 2003 2094 2017 ·

277 2047 326 2127 by
347 2045 407 2107 och
429 2044 619 2121 Bildarstad‚
640 2044 690 2105 till
711 2042 883 2104 inrtttande
903 2043 941 2103 as
955 2053 999 2104 ctt
1020 2053 1087 2126 nytt
1108 2043 1286 2112 Kanouilat
1309 2047 1320 2105 i
1341 2042 1532 2126 Linlc'iping,
1563 2041 1716 2105 brarmed
1747 2045 1837 2108 alren
1856 2045 1936 2112 We·-

284 2128 411 2205 sterril‚
433 2125 754 2218 hvartilngonungen
777 2125 853 2206 dgde
874 2127 928 2188 Jus
949 2126 1149 2205 Patronatus,
1170 2126 1224 2188 tid
1245 2123 1427 2188 intrtffande
1447 2123 1584 2206 tedighet
1604 2125 1734 2190 tomas

1513 2227 1520 2238 ⁸
1604 2213 1799 2298 'uum

313 2377 514 2458 Omnibus
543 2394 746 2487 presentes
789 2378 941 2458 litteras
982 2375 1222 2483 inspecturis
1250 2376 1291 2456 M
1333 2373 1406 2456 dei·
1440 2379 1574 2484 gracia
1603 2377 1689 2457 Rex
1732 2406 1932 2460 sweorum

147 2489 215 2570 sal.
247 2495 318 2570 &c
347 2489 544 2590 Quamuis
573 2503 757 2568 creatura
788 2516 869 2567 non
898 2487 1046 2568 babeat
1074 2481 1174 2594 quid
1203 2514 1279 2593 pro
1308 2487 1459 2567 meritis
1486 2485 1731 2595 respondeat
1757 2489 1933 2599 creatorj

146 2600 315 2680 sollicite
345 2617 479 2679 tamen
507 2597 805 2707 precauendum
833 2615 911 2692 est,
947 2627 998 2679 ne
1026 2595 1127 2679 lilios
1154 2597 1360 2680 hominum
1389 2595 1638 2709 ingratitudo
1665 2625 1756 2678 reos
1784 2601 1933 2680 consti-

146 2727 234 2790 tuat
262 2738 366 2819 quos
397 2711 540 2820 graciis
570 2711 649 2789 suis
677 2711 891 2818 preuenire
921 2713 960 2787 a
990 2709 1179 2822 prosequi
1206 2735 1414 2817 nunquam
1446 2727 1589 2804 cessat,
1618 2710 1702 2788 Nos
1733 2709 1933 2820 siquidem
2051 2729 2058 2746 ·

146 2822 252 2901 circa
291 2848 363 2900 nos
392 2821 610 2899 immeritos
645 2848 714 2899 sua
743 2820 911 2902 benifica
941 2818 1151 2923 cumularj
1180 2815 1445 2898 meditacione
1486 2817 1622 2899 debita
1657 2821 1931 2929 contemplan-

143 2951 214 3013 tes.
244 2931 428 3040 quamuis
457 2930 594 3013 laudes
609 2928 830 3038 condignas
845 2929 921 3018 sibi
936 2955 1192 3038 nequaquam
1219 2925 1530 3036 recompendere
1551 2955 1762 3036 possumus
1784 2948 1828 3012 vt
1856 2957 1930 3012 nos

144 3062 277 3124 tamen
306 3041 356 3123 ad
385 3070 464 3122 sua¹
488 3042 656 3124 seruicia
685 3047 727 3120 in
756 3041 903 3150 quibus
931 3039 1107 3119 ualemus
1137 3052 1346 3146 promptos
1374 3037 1539 3135 efficiat,
1567 3039 1806 3147 supplicitus
1833 3068 1930 3120 exo·

146 3181 279 3234 ramus
308 3153 371 3232 Ad
403 3151 559 3233 laudem
582 3154 705 3258 igitur
735 3157 772 3230 &
800 3152 970 3258 gloriam
997 3151 1061 3257 suj
1092 3149 1263 3228 nominis
1292 3177 1366 3258 per
1380 3149 1512 3228 secula
1527 3147 1729 3230 benedicti
1758 3177 1930 3234 necnon

143 3272 182 3344 8ι
211 3265 421 3350 beatorum
450 3264 723 3369 apostolorum
755 3261 838 3340 eius
867 3263 971 3368 petri
1000 3267 1038 3339 8<
1066 3260 1175 3367 pauli
1204 3256 1255 3338 ad
1284 3287 1458 3368 quorum
1471 3259 1668 3341 honorem
1697 3277 1929 3351 constructa
2036 3347 2041 3356 ,
2136 3293 2143 3312 ’

144 3391 204 3456 est
234 3375 409 3464 Ecclesia
435 3372 675 3480 lincopensis
707 3371 844 3453 Eidem
872 3373 1035 3451 ecclesie
1064 3368 1115 3448 ad
1144 3368 1346 3478 quandam
1367 3373 1579 3458 canoniam
1594 3374 1637 3449 in
1653 3373 1738 3480 ipsa
1752 3371 1802 3452 de
1818 3400 1929 3454 nouo

144 3483 394 3576 fundandam
423 3511 559 3562 omnes
588 3483 854 3590 possessiones
882 3498 1040 3561 nostras
1068 3487 1107 3559 &
1136 3478 1275 3589 predia
1305 3483 1347 3562 in
1380 3481 1521 3577 thiust‚
1555 3484 1641 3563 siue
1670 3510 1744 3592 per
1772 3483 1928 3565 uillicos
2026 3475 2043 3582 J

144 3613 305 3686 nostros
334 3598 418 3673 siue
449 3621 520 3701 per
549 3594 714 3675 colonos
743 3591 982 3672 excoluntur
1011 3620 1101 3670 cum
1118 3590 1304 3670 omnibus
1331 3593 1590 3699 pertinenciis
1606 3593 1824 3682 eorundem
1841 3595 1928 3674 Hiis

143 3708 341 3814 duntaxat
374 3707 551 3810 exceptis
580 3731 658 3813 que
688 3704 801 3810 prius
829 3701 985 3782 cuidam
1014 3701 1163 3807 sunonj
1192 3701 1354 3788 nomine
1383 3698 1493 3783 dicto
1521 3703 1618 3782 litke
1647 3708 1689 3794 in
1716 3703 1929 3810 ,villis-gyr-

143 3808 255 3915 dabir
285 3823 323 3896 &
353 3812 553 3903 bildastad
582 3807 824 3893 contulimus
853 3810 1040 3896 duximus
1076 3810 1319 3898 conferenda
1352 3813 1455 3894 Jtem
1498 3814 1682 3893 volumus
1724 3811 1836 3932 quod
1865 3841 1928 3894 ec-

129 3925 262 4008 clesia
291 3931 333 4007 in
364 3926 588 4018 waestaewic
631 3926 673 4002 in
702 3951 783 4031 qua
815 3925 876 4012 ius
919 3923 1113 4012 habemus
1156 3921 1392 4030 patronatus
1434 3925 1567 4030 primo
1605 3951 1695 4005 cum
1723 3927 1929 4005 vaeauerit

7 4097 16 4108 -
141 4037 272 4119 eidem
287 4040 452 4118 canonic
468 4053 667 4144 perpetuo
683 4049 927 4112 annectatur.
953 4033 1248 4112 Renunciantes
1277 4031 1366 4138 Jurj
1395 4033 1652 4139 presentandi
1685 4031 1926 4124 ,ostmodum

88 4185 95 4190 ·
142 4177 217 4256 per
246 4177 318 4230 nos
347 4147 519 4263 aliquem
549 4145 598 4225 ad
629 4147 754 4252 ipsam
784 4144 991 4222 canoniam
1014 4143 1080 4220 uel
1105 4141 1647 4250 ccclesiamsupradictamA
1706 4144 1927 4226 hecomnia

144 4258 284 4367 predia
313 4275 450 4339 nostra
479 4284 558 4365 que
587 4253 835 4363 possidemus
863 4252 976 4332 Jnfra
1005 4253 1148 4333 limites
1177 4256 1217 4330 8(
1245 4251 1341 4331 lines
1385 4252 1478 4332 ville
1507 4253 1587 4361 aby
1617 4257 1739 4339 eciam
1782 4257 1927 4337 situata
2022 4264 2024 4268 ’

144 4373 189 4450 in
222 4369 316 4450 villa
346 4367 496 4448 forensi
524 4359 757 4472 westoerwic
787 4362 1189 4455 memorate'ecclesie
1218 4363 1524 4471 appropriamus
1567 4363 1619 4444 ad
1663 4368 1788 4475 ipsius
1830 4392 1927 4474 pro·

139 4498 288 4561 uentus
312 4487 350 4560 u
379 4479 531 4560 reditus
560 4475 792 4584 deputanda
822 4476 1013 4553 Volentes
1055 4475 1190 4582 itaque
1230 4471 1339 4582 quod
1368 4471 1494 4553 robur
1523 4473 1703 4563 debitum
1746 4475 1926 4559 obtineat

140 4590 255 4700 quod
286 4590 449 4670 fecimus
478 4590 520 4668 in
549 4587 622 4668 hac
653 4603 778 4698 parte.
809 4591 849 4666 8r
889 4582 1003 4695 quod
1031 4582 1209 4663 euidenti
1245 4583 1506 4689 'presentibus
1549 4602 1684 4697 pateat
1713 4591 1751 4665 &
1780 4586 1926 4667 futuris

127 4699 402 4786 .Presentibus
431 4699 572 4778 litteris
600 4699 719 4804 super
745 4698 822 4777 hoc
849 4694 1042 4788 consectis
1072 4721 1162 4773 cum
1191 4693 1321 4806 sigillo
1350 4711 1490 4784 nostro
1517 4696 1647 4803 sigilla
1675 4699 1798 4777 eciam
1827 4696 1924 4779 alior
2028 4712 2062 4791 .'

140 4841 233 4892 rum
261 4807 459 4891 nobilium
486 4809 615 4914 Regni
644 4810 790 4894 swecie
816 4805 968 4915 apponj
997 4804 1162 4884 fecimus
1190 4811 1229 4896 &
1257 4807 1416 4892 annecti
1445 4806 1590 4888 Datum
1605 4808 1781 4916 lincopia
1803 4810 1923 4888 Anno

139 4921 300 5028 dominj
328 4917 662 5002 M⁰CC⁰LXXV⁰.
691 4917 750 4997 ΙΙΙ
778 4918 905 4996 Nonis
933 4913 1118 4996 octobris
