4370 5950
947 480 1002 499 ..
1088 439 1179 562 ¹aa
1280 481 1338 500 ..

256 673 360 758 ater,
388 685 480 740 cum
506 652 729 763 discipulos
770 681 865 736 suos
899 657 1079 738 mitteret
1108 673 1153 740 vt
1187 682 1296 737 noua
1326 651 1615 765 praedicarent,
1644 652 1802 737 addidit
1828 658 1882 738 eis
1894 673 1937 737 vt
1948 659 2037 742 mira

258 797 424 884 quoque
453 767 645 847 facerent.
703 771 799 850 Non
827 797 852 847 a
880 767 997 850 vobis
1025 769 1104 848 hoc
1123 768 1333 877 ,exigitm,
1355 783 1401 846 vt
1428 767 1559 847 virtus
1588 767 1873 848 miraculorum
1898 769 2036 852 tribua·

257 901 339 979 tur,
354 877 426 960 sed
455 880 676 958 auctoritas
704 895 839 962 vestra
868 907 961 960 cum
989 881 1080 987 ipso
1109 886 1148 960 8<
1177 881 1220 959 in
1249 881 1339 989 ipso
1368 905 1562 986 operans,
1590 894 1635 958 vt
1664 876 1820 958 facilius
1848 880 1884 958 ei
1911 879 1960 958 ab
1986 884 2039 963 in·

171 1061 172 1068 ,
256 991 434 1077 credidis
463 988 667 1071 credatur.
725 992 829 1072 Nam
856 998 896 1072 8ι
924 991 1082 1097 Moyses
1111 1019 1204 1072 cum
1232 1019 1255 1070 a
1286 991 1461 1075 Domino
1490 987 1543 1068 ad
1557 987 1662 1068 filios
1677 990 1799 1072 Isra'e'l
1814 991 2039 1088 mitteretur,

254 1107 418 1214 signum
445 1103 609 1211 rogauit
636 1099 745 1200 dari,
775 1104 819 1182 in
853 1130 937 1212 quo
966 1102 1044 1184 sibi
1073 1099 1321 1183 crederetur.
1379 1100 1597 1208 Priuilegia
1626 1127 1743 1208 ergo,
1771 1129 1862 1211 quae
1888 1129 1912 1180 a
1938 1103 2042 1186 vobis

309 1216 381 1310 tit,
417 1219 457 1295 se
491 1241 570 1322 pro
605 1214 720 1322 virga
755 1213 903 1320 Moysi,
939 1219 980 1294 8<
1014 1241 1093 1322 pro
1120 1212 1325 1294 miraculis
1354 1208 1618 1318 discipulorm
1662 1211 1813 1293 Christi
1856 1207 2043 1322 suflraga-

128 1381 140 1412 ·,
251 1343 252 1348 '
286 1343 414 1406 untur
443 1353 491 1405 en
563 1325 692 1406 Nemo
734 1326 843 1406 enim
871 1326 959 1404 Deo
988 1323 1161 1406 faciente
1191 1338 1427 1405 contemnet
1454 1323 1742 1422 auctoritatem
1770 1339 1960 1418 vestram,
1986 1324 2044 1404 vel

254 1463 472 1548 personam
514 1435 623 1516 illius
665 1443 815 1516 vestre·
849 1437 1093 1516 auctoritate
1142 1437 1351 1516 munitam.
1418 1431 1563 1512 Valeat
1591 1435 1784 1514 sauctitas
1811 1449 1969 1530 restra,
1986 1437 2046 1514 cui

253 1547 386 1630 debeo
415 1544 613 1658 quicquid
641 1575 730 1627 sum
758 1553 798 1629 8<
826 1574 999 1655 possum.
1059 1553 1094 1628 A
1122 1548 1260 1629 multis
1288 1547 1398 1629 enim
1425 1541 1566 1642 audio,
1596 1551 1636 1626 8<
1649 1545 1694 1625 in
1708 1545 1846 1626 multis
1867 1546 2045 1654 experior
2173 1554 2176 1627 ἰ

233 1658 690 1768 ,magnificentissimam
717 1659 1108 1768 gratiam·vestram.

263 2051 354 2178 45.
462 2038 466 2050 ’
774 2138 778 2152 ,
919 2051 1370 2194 ,1162-1178.
1500 2104 1504 2109 ·

1681 2208 1686 2237 Ι

340 2269 449 2334 abhoc
468 2271 586 2340 Panes
607 2273 619 2335 i
640 2271 732 2336 Remi
751 2272 860 2337 lb'rord
882 2274 933 2336 lb'r
954 2275 1068 2358 Bislop
1089 2273 1199 2343 Fossa
1211 2272 1278 2340 hos
1299 2269 1482 2338 take-Bet.
1503 2271 1614 2336 Esau.

1070 2449 1074 2458 ¹
1565 2387 1930 2458 thtfitpmomt.

846 2520 897 2606 Ε.
927 2524 1130 2606 Lumiensi
1154 2525 1468 2636 Arcbtepiscopo.

424 2658 614 2750 AEternas
636 2673 676 2748 8(
704 2668 893 2778 antiquas
921 2696 1045 2749 venas
1073 2668 1440 2762 misericordiarum
1469 2675 1509 2750 8t
1537 2666 1874 2749 benedictionum
1895 2694 2078 2748 suarum.
2175 2755 2176 2766 ,

155 2841 158 2846 ,
257 2779 425 2891 profusa
460 2777 505 2859 in
540 2780 650 2858 omni
684 2776 874 2887 largitate
910 2777 1051 2860 diuina
1084 2781 1217 2890 gratia
1252 2781 1316 2859 his
1351 2780 1623 2889 temporibus,
1654 2780 1747 2860 licet
1776 2781 1931 2860 ceritas
1959 2777 2059 2860 mul·
2174 2797 2176 2830 ³

172 2969 175 2982 ,
254 2908 391 2973 torum
425 2889 677 2999 refrigescat,
713 2889 898 2972 nondum
933 2886 1117 2972 exclusit.
1177 2892 1376 2994 Quamuis
1404 2893 1512 2972 enirn
1541 2889 1775 2973 reconditos
1803 2896 1842 2972 tc
1875 2891 2058 2972 labentes

253 3003 366 3083 sinus
394 3004 535 3111 gratiae
563 3004 607 3080 in
635 3003 838 3084 mentibus
866 3003 1089 3084 multorum
1118 3001 1297 3084 fidelium
1327 3004 1435 3083 Deus
1465 3005 1509 3085 in
1537 3002 1716 3082 Ecclesia
1745 3030 1819 3083 sua
1837 3002 1981 3084 adhuc
2001 3025 2063 3082 re*

253 3108 393 3193 tiricat:
436 3141 509 3196 vos
544 3109 747 3223 praecipue
782 3131 979 3224 tanquam
1013 3114 1221 3194 lucernam
1256 3142 1379 3221 super
1414 3111 1706 3216 candelabrum
1741 3116 1942 3223 positam,
1973 3113 2062 3194 oleo

253 3224 471 3333 multiplici
485 3223 686 3334 perfudit,
701 3222 810 3305 vnde
826 3225 963 3304 multae
979 3225 1126 3306 areolae
1155 3222 1438 3320 Ecclesiarum,
1469 3225 1777 3336 Episcoporum,
1807 3253 2064 3334 pauperum,

253 3332 488 3433 viduarum,
517 3351 602 3416 tam
630 3338 811 3416 suauiter
840 3363 963 3445 quam
992 3334 1252 3429 abundanter
1281 3336 1515 3444 irrigantur.
1573 3336 1991 3446 Amultissiquidem
2004 3363 2066 3418 re·

252 3463 320 3525 tro
348 3445 620 3554 temporibus,
649 3447 807 3526 nonin
834 3474 1008 3526 vacuum
1036 3447 1121 3526 siue
1151 3445 1343 3555 gratiam,
1372 3447 1458 3526 siue
1487 3448 1701 3556 pecuniam
1730 3449 1806 3527 Dei
1827 3449 2065 3558 excepistis,

253 3555 421 3666 ligando
465 3556 575 3636 illam
617 3557 661 3636 in
695 3555 879 3654 sudario,
914 3557 978 3638 vel
1013 3556 1121 3638 infra
1144 3557 1397 3638 ,domesticos
1426 3560 1602 3667 parietes
1629 3557 1899 3640 recludendo.
1965 3560 2068 3666 Quis

253 3669 362 3750 enim
404 3666 458 3749 ad
492 3691 565 3760 vos
599 3668 794 3749 accedens
823 3685 996 3750 vestram
1024 3699 1110 3750 non
1138 3671 1263 3749 sensit
1291 3663 1642 3750 benedictionem?
1672 3665 1762 3779 quis
1791 3671 2067 3780 quamtumli-
2173 3755 2176 3798 t

121 3840 128 3865 t
252 3780 325 3861 bet
361 3795 521 3888 tepens,
556 3775 820 3862 audiensvel
847 3779 990 3860 videns
1019 3782 1380 3862 conuersationem.
1400 3799 1593 3875 vestram,
1622 3807 1788 3860 manum
1816 3785 1970 3891 egenis
2001 3810 2070 3863 ex·

218 3982 221 3986 ,
253 3891 447 4000 positam,
476 3890 625 3977 ostium
652 3890 878 3970 viatoribus
908 3909 1070 4000 patens,
1098 3889 1302 3975 iudicium
1322 3897 1360 3972 &
1389 3892 1585 3970 iustitiam
1607 3919 1722 4001 aequa
1737 3892 1878 3990 lance,
1896 3920 2071 3974 causam
2174 3897 2176 3918 ¹

252 4030 339 4082 non
353 4029 569 4110 personam
582 3998 826 4098 discernens,
840 4029 1081 4110 omnemque
1110 4001 1309 4110 reliquam
1339 4003 1547 4080 actionum
1575 4007 1613 4082 &
1642 4029 1876 4088 sermonum
1902 4022 2072 4086 vestro·

252 4142 343 4192 rum
377 4114 587 4222 regionem
626 4111 895 4220 perlustrans,
924 4140 1009 4192 non
1039 4109 1273 4208 calefactus,
1301 4139 1387 4192 non
1415 4111 1667 4207 melioratuS,
1712 4141 1796 4194 non
1839 4114 1960 4197 bene
2009 4119 2074 4198 in·

251 4240 430 4304 structus
460 4224 585 4305 abiit?
614 4223 701 4302 Deo
730 4225 899 4331 gratias,
927 4224 1000 4333 qui
1029 4225 1143 4304 iuxta
1171 4220 1508 4312 consuetudinem
1536 4250 1650 4302 suam
1671 4228 1843 4333 gratiam
1864 4256 1956 4335 pro
1975 4255 2074 4337 gra·
2174 4241 2176 4298 ὲ

249 4337 308 4415 tia
350 4332 685 4443 superabundare
727 4334 823 4414 lacit
865 4335 908 4412 in
949 4335 1084 4431 vobis,
1121 4350 1166 4414 vt
1195 4334 1338 4414 melior
1366 4335 1422 4413 sit¹
1447 4333 1537 4414 finis
1567 4336 1762 4419 orationis
1791 4365 1925 4446 quam
1950 4342 2085 4448 prin·'

250 4445 419 4554 cipium,
449 4454 488 4528 &
516 4463 560 4526 vt
590 4447 721 4526 exitus
750 4447 1009 4528 matutini&
1036 4473 1203 4555 vespere
1235 4445 1494 4526 delectabiles
1510 4447 1620 4526 fiant.
1676 4446 1823 4527 Adhuc
1838 4451 1963 4532 enim
1979 4451 2074 4531 stil-

130 4637 136 4649 ,
248 4556 337 4636 lant
373 4583 515 4638 manus
549 4573 692 4638 vestrae
727 4572 909 4637 aromata
944 4557 1040 4654 Dei,
1063 4586 1154 4669 quae
1188 4555 1239 4636 de
1270 4557 1490 4637 thuribulis
1519 4573 1771 4669 sanctorum,
1800 4587 1876 4668 per
1911 4591 2082 4646 manus-

246 4666 515 4776 Angelorum,
530 4670 574 4746 in
588 4671 798 4749 incensum
812 4669 1024 4750 suauitatis
1053 4669 1222 4750 naribus
1250 4667 1428 4749 sedentis
1456 4697 1578 4778 super
1607 4670 1802 4751 thronum
1831 4676 1993 4778 gratiae
2008 4703 2078 4758 re·

244 4778 460 4860 ferentum-⁴
473 4782 666 4888 quatinus
709 4780 754 4860 in
795 4796 947 4860 aeterna
988 4780 1254 4861 tabernacula
1289 4808 1361 4862 vos
1392 4781 1610 4889 recipiant,
1640 4783 1712 4892 qui
1742 4780 1792 4861 de
1807 4780 2018 4867 bonitate
2035 4791 2079 4866 8u

243 4889 450 4972 beneficiis
478 4892 635 4988 ,vestris
677 4892 722 4972 in
755 4893 874 4976 terris
909 4895 1137 4994 sustentati,
1179 4921 1253 5002 per
1283 4894 1505 5000 gratiarum
1534 4893 1735 4972 actionem
1764 4893 1808 4971 in
1836 4895 1952 4976 coelo
1989 4897 2084 4978 iam

243 5018 340 5084 sunt
373 5002 547 5114 recepti,
581 5001 647 5088 vel
686 5002 821 5091 adhuc
849 5003 1088 5117 recipiendi.
1146 5009 1307 5116 Pauper
1335 5006 1410 5085 iste
1440 5005 1667 5119 Episcopus
1696 5001 1869 5088 domnus
1899 5007 2079 5108 Fulco,
