4404 5960
954 431 1059 518 ,-
1169 385 1420 520 m·-

315 603 778 694 Lundensis'enhiberet
806 606 1071 686 ecclesiastica
1099 607 1376 704 Sacramenta,
1407 623 1448 685 et
1476 607 1551 687 alia
1572 631 1655 716 quc¹
1681 633 1754 713 per
1773 609 2049 728 Arcbiepiscopos
2149 583 2151 677 l

314 715 597 812 conferuntur,
626 730 678 798 ex
704 742 790 827 quo
817 744 902 796 non
920 717 1061 797 'solum
1089 718 1313 826 periculum
1344 720 1525 798 imminet
1553 707 1788 813 animarum,
1815 715 2048 812 verumetiam

313 839 436 940 grave
463 827 504 907 in
533 826 683 908 eisdem
711 827 883 908 Ciuitate
912 834 953 911 &
987 829 1145 910 Diocesi
1186 829 1420 910 scandalum
1462 843 1693 939 generatur.
1745 829 1935 932 Quoniam
1959 840 1970 916 i
1994 842 2052 921 'tur

311 954 464 1022 nostra
479 939 650 1020 interest
666 953 799 1046 'super
829 935 909 1020 hoc'
951 939 1166 1019 salubriter
1209 941 1443 1047 providere,
1486 940 1750 1021 Fraternitati
1778 947 1842 1021 tue
1867 971 1948 1024 man
2022 981 2055 1031 us

312 1066 515 1162 quatenus
543 1052 578 1129 si
604 1068 664 1130 est
692 1049 748 1128 ita
777 1052 821 1129 in
850 1050 1024 1129 Civitate
1054 1053 1093 1128 ἃ
1124 1050 1282 1130 Diocesi
1309 1049 1572 1160 supradictis,
1608 1049 1803 1160 quamdiu
1829 1051 1876 1131 ab
1903 1055 1984 1162 ipsis
2005 1061 2057 1140 ab·

313 1189 404 1243 sens
432 1158 555 1241 luerit
589 1187 635 1240 ea
664 1187 745 1270 que
771 1175 870 1240 sunt
899 1157 1150 1268 Episcopalis
1179 1160 1333 1243 ordinis
1362 1163 1606 1242 auctoritate
1636 1178 1773 1239 nostra
1799 1188 1966 1244 exercere
1988 1195 2057 1274 pro·

313 1299 442 1353 cures.
470 1272 532 1351 Ita
560 1268 674 1379 quod
701 1297 776 1378 per
805 1270 882 1350 hoc
911 1267 1118 1350 Lundensi
1147 1271 1322 1353 Ecclesia
1350 1275 1393 1352 in
1423 1287 1630 1379 posterum
1654 1270 1810 1375 nullum
1838 1273 2060 1380 prejudicium
2160 1309 2161 1362 l

313 1391 541 1492 generetur.
569 1378 900 1462 contradictores
928 1380 1168 1461 auctoritate
1196 1398 1333 1463 nostra
1367 1382 1646 1492 appellatione
1691 1384 1908 1490 postposita
1938 1413 2060 1493 compe

313 1491 475 1576 scendo.
504 1494 654 1574 Datum
682 1506 729 1571 ut
756 1518 890 1600 supra.
1315 1497 1321 1510 '

288 1879 457 2028 w496.
970 1882 1120 2015 1264
1167 1886 1218 1994 d.
1265 1905 1296 2016 4
1344 1891 1470 2035 Apr.
1817 1965 1819 1968 -
1953 1885 2066 1991 Rom.

296 2137 299 2142 ·
350 2121 354 2130 ’
396 2103 487 2170 Pam.
508 2103 650 2166 Usamus
672 2051 744 2169 ivea
764 2105 842 2168 Brel
858 2107 908 2167 till
929 2106 1035 2168 Lunds
1055 2104 1234 2169 irie-Risi.
1255 2107 1347 2168 licor
1369 2104 1582 2182 Enumnssou,
1610 2105 1793 2167 allvarsamt
1815 2096 2011 2167 liirehlllande
2026 2101 2069 2162 bo·

449 2205 522 2256 nom
544 2186 619 2248 hans
639 2189 752 2270 mingo
772 2189 876 2267 hrott,
899 2187 965 2249 illvi
989 2212 1008 2250 a
1030 2187 1091 2250 och
1113 2187 1253 2266 stolthet,
1275 2188 1347 2250 med
1368 2197 1471 2269 citing
1493 2187 1666 2270 befallning
1688 2198 1733 2249 att
1752 2189 1943 2250 l'orPrioren
1961 2186 1972 2244 i
1988 2185 2087 2246 Halm.

329 2263 335 2305 ἶ
449 2269 515 2331 stad
536 2267 596 2330 och
618 2268 812 2354 Subprioren
833 2272 882 2334 liii·
902 2189 1253 2333 Reddere-Bridama
1272 2273 1284 2331 i
1305 2270 1405 2350 Laud,
1428 2291 1493 2332 som
1515 2272 1526 2331 i
1547 2270 1655 2331 sidant
1681 2271 1827 2332 asscende
1860 2269 1970 2332 honom
1987 2267 2073 2327 tilian-

373 2357 377 2376 '·
450 2351 520 2431 das,
543 2351 693 2434 nedlttgga
714 2353 862 2436 styrelsen
883 2353 922 2415 al
936 2355 989 2418 sitt
1009 2349 1081 2415 stim

1531 2435 1564 2488 F.
1584 2450 1612 2488 r:
1631 2436 1692 2490 282.
1726 2437 1785 2491 An.
1805 2435 1832 2490 3.
1850 2433 1904 2505 Ep.
1924 2435 1974 2502 'lb

480 2571 669 2654 Urbanus
709 2571 924 2683 Episcopus
960 2573 1113 2654 Servus
1157 2571 1378 2652 Servorum
1409 2527 1498 2653 Dei
1514 2572 1743 2653 Venerabili
1784 2575 1930 2654 Fratri
1965 2564 2075 2647 lucela

513 2684 815 2796 Areliiepiscopo
843 2685 1045 2764 Modesti
1071 2683 1250 2765 Salutem
1272 2688 1344 2764 &a

481 2823 547 2906 Ad
579 2819 825 2931 audientiam
854 2842 1034 2906 nostram
1061 2825 1166 2906 fama
1194 2827 1405 2921 clamante,
1435 2841 1476 2904 et
1504 2827 1679 2907 clamore
1711 2824 1954 2905 diffamante
1973 2845 2077 2929 perve-

314 2938 396 3038 nit,
425 2935 540 3049 quod
568 2937 794 3028 Lundensis
824 2939 1019 3033 Ecclesia,
1047 2964 1128 3047 que
1157 2935 1253 3028 olim
1282 2935 1555 3045 spiritualium
1570 2939 1902 3044 augmentatione
1917 2937 2078 3016 bonorum

315 3070 356 3132 et
383 3046 666 3157 temporalium
694 3065 960 3128 consueverat
989 3050 1170 3129 ubertate
1200 3045 1363 3145 llorere,
1394 3046 1446 3128 ad
1476 3046 1589 3148 illum
1617 3047 1696 3155 jam
1725 3045 1994 3127 miserabilem
2022 3055 2077 3118 sta·

314 3177 403 3244 tum
430 3160 510 3238 tuis
537 3160 789 3268 temporibus
820 3186 892 3267 per
924 3176 1035 3238 tuam
1066 3158 1254 3238 malitiam
1283 3157 1595 3267 superbiamque
1624 3156 1802 3252 devenit,
1834 3157 1948 3267 quod
1974 3151 2036 3232 nisi
2056 3147 2081 3225 ei

190 3261 195 3282 ⁸
315 3297 391 3379 per
418 3269 637 3377 apostolice
664 3269 778 3351 Sedis
807 3270 1020 3350 consilium
1049 3285 1089 3346 et
1118 3269 1314 3350 auxilium
1343 3269 1526 3348 celeriter
1562 3285 1829 3349 succurratur
1861 3269 1931 3348 vix
1958 3263 2081 3343 adicere

314 3381 468 3490 poterit
498 3395 544 3459 ut
573 3396 774 3488 resurgat,
803 3407 895 3459 cum
924 3381 965 3458 in
994 3379 1273 3487 spiritualibus
1301 3380 1416 3488 quasi
1446 3379 1613 3458 omnino
1643 3378 1865 3476 corruerit,
1896 3395 1936 3458 et
1962 3377 2083 3454 intem·

314 3489 525 3600 poralibus
550 3491 639 3598 ejus
666 3491 919 3585 substantiis,
948 3517 1121 3600 quarum
1150 3506 1390 3598 proventus,
1421 3491 1492 3596 qui
1520 3517 1590 3568 sex
1621 3488 1727 3567 milia
1758 3515 1987 3569 marcarum
2012 3497 2083 3560 ster·

314 3603 519 3712 lingorum
546 3599 682 3681 valere
710 3617 1000 3681 consueverant
1027 3601 1251 3696 annuatim,
1281 3614 1444 3679 centum
1474 3599 1625 3679 Marsas
1658 3599 1709 3679 ad
1754 3627 1929 3707 presens
1957 3597 2016 3675 vix
2041 3617 2086 3669 m·

315 3715 397 3794 lere
426 3712 638 3811 dicuntur,
681 3709 761 3792 lesa
804 3711 1023 3791 enormiter
1053 3728 1094 3790 et
1122 3711 1440 3820 irreparabiliter
1483 3707 1785 3818 quodammodo
1833 3713 1889 3789 sit
1934 3705 2086 3810 collapsa·

314 3826 463 3907 Fertur
490 3826 625 3919 etiam,
649 3822 762 3934 quod
790 3823 883 3932 licet
913 3822 1018 3902 clare
1061 3823 1250 3901 memorie
1300 3819 1550 3901 Christolero
1594 3821 1695 3929 Regi
1724 3822 1856 3901 Dacie
1901 3813 2089 3900 secundum

92 3970 100 3986 ν
174 4003 184 4014 .
315 3963 468 4042 morem
495 3951 536 4017 et
562 3931 895 4017 consuetudinem
924 3933 1040 4039 regni
1066 3935 1127 4011 sui
1157 3932 1308 4039 ligium,
1350 3931 1582 4040 homagium
1622 3929 1784 4026 leceris,
1815 3949 1861 4010 et
1891 3955 2009 4039 super
2032 3923 2092 4002 tu·
2161 3973 2162 3986 ι

314 4047 563 4142 charistiam,
592 4060 635 4125 et
667 4044 820 4154 lignum
848 4071 942 4124 vere
985 4042 1145 4138 Crucis,
1190 4043 1341 4150 inqua
1383 4041 1491 4120 salus
1535 4057 1672 4121 nostra
1718 4042 1950 4150 pependit,
1977 4055 2013 4117 et
2036 4032 2091 4110 alia
2160 4041 2162 4112 l

313 4178 451 4242 sancta
479 4153 683 4239 fidelitatis
709 4155 933 4265 prestiteris
962 4153 1253 4262 juramentum,
1289 4167 1498 4232 tutamen
1527 4152 1744 4260 juramenti
1789 4146 2029 4262 hujusmodl
2051 4167 2095 4222 re

313 4270 464 4381 ligione
492 4282 742 4377 contempta,
771 4268 814 4346 in
843 4267 1000 4347 crimen
1023 4265 1102 4344 lese
1133 4264 1354 4373 majestatis
1381 4261 1560 4343 incidere
1587 4290 1670 4343 non
1695 4261 1939 4345 'formidans
1964 4258 2094 4362 conspi-
2161 4317 2162 4364 ,

313 4384 512 4464 rationem
539 4394 682 4460 contra
710 4375 881 4458 eundem
899 4379 1056 4485 Regem
1086 4373 1239 4472 facere,
1265 4394 1387 4485 teque
1416 4401 1507 4455 cunr
1523 4373 1760 4483 potentibus
1773 4375 2022 4458 eorumdem
2042 4367 2098 4472 lle

342 4493 374 4572 is
402 4510 444 4575 et
470 4491 601 4602 Regni
628 4486 832 4585 hostibus,
859 4496 964 4599 quos
990 4486 1131 4595 Juvisti
1158 4487 1393 4567 multotiens
1421 4488 1466 4566 in
1499 4487 1686 4594 expensis
1721 4485 2000 4568 confederata
2028 4501 2098 4589 pto·
2160 4443 2162 4516 l

201 4615 212 4630 “
314 4521 461 4684 ditorie
488 4599 781 4712 presumpsisti,
809 4615 850 4678 et
877 4601 1061 4707 exergitu
1089 4613 1341 4706 congregato
1365 4594 1568 4676 Andream
1597 4595 1761 4675 fratrem
1783 4613 1917 4678 tuum
1947 4620 2034 4676 cum
2046 4613 2101 4665 11⁰·
2160 4615 2162 4712 p

313 4711 388 4795 bili
416 4713 519 4793 Viro
545 4714 728 4794 larmaro
756 4709 944 4818 Principe
971 4711 1223 4789 Ruianorum
1251 4706 1304 4787 ad
1332 4707 1511 4786 Insulam
1540 4705 1713 4814 predicti
1743 4709 1899 4817 Regis,
1946 4730 2024 4816 que
2046 4721 2104 4778 ro·

189 4846 208 4878 “
315 4827 443 4907 catur
460 4820 731 4906 Borendbolm
759 4822 877 4902 sitam
904 4821 948 4900 in
975 4817 1179 4899 Lundensi
1210 4816 1371 4897 Diocesi
1395 4816 1475 4898 sub
1506 4818 1587 4898 tuis
1615 4819 1860 4926 sumptibus
1890 4807 2087 4901 destinasti
2094 4865 2101 4896 2
2161 4847 2162 4896 l

316 4935 391 5018 ubi
417 4933 526 5018 eirca
551 4931 749 5019 ducentos
778 4931 828 5016 de
856 4927 1088 5012 hominibus
1114 4927 1244 5036 ipsius
1269 4925 1392 5037 Regis
1416 4930 1659 5038 procurasti,
1699 4929 1813 5012 sicut
1845 4929 2010 5014 dicitur
2034 4945 2109 5003 cru-
