4362 5946
814 450 871 494 ··.·
981 407 1104 512 282·
1170 451 1230 500 π

123 593 270 788 394.
439 579 450 692 ἕ
522 709 524 714 .
798 585 1301 742 ..laeana
1385 703 1392 718 .

200 859 335 946 ttonuug
356 853 436 932 Eme
455 853 618 920 Ειιωεοιι
638 823 829 940 achmete*
845 853 887 940 pi
906 876 963 936 en,
983 821 1096 938 gesom
1116 854 1306 936 &inungens
1333 851 1451 936 seges
1470 838 1532 919 och
1552 815 1697 918 Omlmd'
1713 827 1845 934 Bnom,v
1861 853 1915 918 vid

151 985 158 994 -
251 941 381 1004 allmint
401 941 485 1002 mite
505 940 516 1001 i
538 939 726 1018 Wernnmo,
746 936 901 1024 uppgjord
922 937 991 1001 iore
1015 941 1022 954 '
1085 937 1221 1002 emellen
1243 933 1417 1000 Muniame
1438 937 1448 996 i
1469 931 1591 1019 Nydtla
1621 931 1683 1000 och
1713 935 1914 1002 inviname'i

253 1021 365 1102 (letho,
386 1019 545 1104 sngsende
565 1020 717 1104 slogarne
737 1020 827 1083 Flata
848 1019 909 1110 och
929 1021 1032 1086 Nutah
1066 1029 1088 1083 t
1251 1053 1255 1062 ·
1443 1025 1448 1036 '
1516 1100 1556 1159 Δ.
1573 1102 1601 1163 ²
1619 1116 1647 1162 ι.
1667 1119 1697 1162 tt
1714 1103 1784 1185 NJ
1803 1125 1817 1160 Ἰ

287 1239 336 1322 E.
360 1237 427 1322 dei
441 1238 570 1348 gratia
599 1238 795 1321 Sveorum
810 1241 897 1323 Rex
925 1239 1046 1322 huius
1068 1239 1240 1321 nominis
1255 1237 1404 1319 tercius
1417 1251 1500 1320 tam
1511 1237 1767 1350 presentibus
1787 1265 1912 1348 quam

119 1367 212 1464 post
240 1347 388 1431 futuris
416 1349 613 1431 omnihus.
641 1350 812 1431 salutem
840 1351 883 1432 in
911 1368 1164 1461 perpetuum.
1199 1348 1544 1458 Compositioncm
1572 1350 1684 1460 pacis
1705 1351 1812 1432 inter
1826 1377 1912 1432 mo·

121 1460 272 1559 nachos
300 1458 524 1542 noueuallis
552 1464 592 1540 &
620 1459 711 1541 illos
739 1461 790 1546 de
818 1461 951 1556 astho.
980 1491 1104 1572 super
1147 1461 1296 1570 littigio
1338 1459 1541 1543 siluarum.
1583 1460 1682 1542 flatu
1723 1456 1915 1544 uidelicet

115 1577 154 1653 &
182 1571 393 1652 mutaholt.
432 1598 556 1681 quam
594 1568 692 1653 iecit
721 1570 920 1655 donnaus.
950 1574 993 1652 B.
1023 1572 1192 1655 dilectus
1219 1597 1344 1680 gener
1373 1587 1520 1654 noster.
1549 1574 1592 1652 in
1619 1571 1698 1654 hoc
1726 1572 1860 1680 ipsum
1888 1595 1912 1648 a

118 1683 239 1782 nohis
254 1684 419 1780 missus
450 1699 590 1780 potam
618 1679 785 1784 iacimpq
813 1685 1023 1786 uniuersis.
1051 1684 1156 1778 laets
1171 1697 1379 1788 estantem
1393 1683 1437 1762 in
1452 1708 1702 1764 warnnamo.
1729 1681 1816 1770 sub.
1835 1683 1911 1764 hac

117 1795 261 1878 forma.
303 1793 533 1904 Jngimarus
575 1819 726 1900 paruus
768 1797 979 1902 prouinoie
1008 1795 1257 1904 prolocutor.
1295 1792 1416 1871 Biorn
1444 1792 1550 1874 filius
1579 1807 1683 1901 geta
1713 1778 1830 1875 Sibbi
1854 1769 1911 1871 'rie

114 1905 327 1990 wellisten.
354 1906 546 2013 Birgerus
573 1908 614 1982 8ι
641 1901 734 1984 call.
754 1904 897 1987 fratres
924 1905 977 1988 de
1003 1905 1219 1987 werendia.
1249 1900 1470 2010 Wilsingus
1497 1908 1540 1984 in
1568 1904 1705 1996 houm.
1752 1904 1833 1992 Ani
1861 1898 1912 1982 de

113 2014 270 2118 utbilt
302 2012 412 2097 Vddi
440 2014 490 2096 de
518 2012 699 2096 wesholt.
731 2016 841 2100 Vbbi
869 2018 913 2098 in
941 2016 1190 2125 rosbergum.
1219 2012 1357 2096 Tubbi
1388 2013 1431 2094 in
1445 2013 1685 2122 ouaxthorp.
1743 2013 1912 2122 Ouagus

112 2129 230 2209 Resa.
261 2121 433 2209 Throtti.
454 2126 498 2205 in
525 2121 666 2206 tanda.
708 2126 783 2206 lsti
811 2129 933 2237 primi
961 2154 1104 2209 manus
1133 2124 1345 2208 dederunt.
1381 2124 1501 2207 nobis
1542 2123 1822 2233 principaliter
1863 2121 1912 2203 li·

109 2256 178 2320 eet
206 2253 416 2347 presentes
443 2264 529 2318 non
556 2259 741 2318 essemus.
769 2241 809 2320 81
836 2238 1084 2340 domino..·lt.
1113 2243 1154 2320 8ι
1181 2235 1331 2340 abbati.
1360 2234 1400 2316 S.
1430 2239 1504 2346 qui
1524 2235 1788 2344 personaliter
1801 2232 1908 2316 aflu-

108 2365 249 2431 erunt.
278 2349 422 2428 ceteris
449 2348 502 2430 de
529 2348 684 2457 populo
712 2347 756 2428 in
784 2347 827 2432 id
856 2351 994 2459 ipsum
1007 2345 1331 2431 acclamantibus
1356 2349 1448 2454 pari
1482 2363 1583 2432 uoto
1624 2351 1665 2427 &
1706 2349 1910 2428 communi

110 2487 293 2543 assensn.
307 2487 331 2538 a
345 2458 415 2539 lite
429 2457 851 2568 penitus'desistentes.
894 2458 1105 2570 Quicquid
1119 2486 1220 2541 uero
1233 2456 1433 2540 dominus.
1448 2458 1490 2540 Β.
1504 2459 1632 2568 ipsius
1646 2458 1908 2566 compositio·

108 2573 173 2653 nis
203 2569 416 2652 mediator.
444 2597 495 2651 ex
523 2585 641 2677 parte
668 2587 807 2650 nostra
835 2568 1005 2654 donauit
1032 2576 1073 2652 8r
1100 2569 1269 2652 indulsrt
1295 2563 1447 2656 abbati.
1475 2574 1517 2650 &
1530 2568 1665 2663 ¹abbas
1678 2570 1909 2678 prouincia·

107 2683 219 2766 libus
264 2679 462 2762 uniuersis
504 2696 601 2760 tunc
637 2679 681 2761 in
708 2678 915 2764 audientia
943 2682 1158 2763 communi.
1206 2677 1374 2762 scilieet*
1398 2678 1605 2768 emendam
1635 2677 1910 2790 pecuniariam

108 2810 258 2875 totam.
286 2795 435 2901 pietate
455 2791 581 2898 regali
612 2790 736 2871 lixum
764 2797 805 2877 &
820 2813 963 2876 ‘ratum
978 2821 1060 2874 nos·
1079 2791 1283 2874 habemus.
1314 2795 1354 2872 &
1378 2791 1482 2874 sicut
1509 2781 1908 2909 iamvfaotasuntip·

103 2901 311 2988 conuulsa
358 2903 552 2982 maneant
586 2907 626 2982 8<
660 2903 836 2984 immota.
893 2905 946 2985 Et
973 2931 1025 2985 ne
1053 2904 1104 2988 de
1132 2917 1268 2984 cetero
1297 2902 1514 3013 quisquam
1541 2903 1752 3012 utriusque
1781 2895 1950 3011 partis)

102 3011 270 3126 aliquid
311 3013 498 3094 incontra
540 3027 783 3122 attemptare
807 3032 1045 3124 presumat.
1079 3041 1132 3096 ·ea
1148 3007 1409 3123 'presentium
1449 3014 1689 3097 testimonio.
1716 3019 1756 3094 &
1784 3009 1904 3124 sigilli

101 3124 242 3209 nostri
270 3125 490 3205 munimine
518 3123 813 3235 confirmamus.
1975 3140 1980 3150 ’

328 3263 376 3328 rs
396 3233 576 3328 saman
589 3259 675 3325 mm
693 3257 731 3328 az
750 3265 876 3350 nythnlt
896 3266 957 3344 (ne
977 3266 1062 3330 snm
1081 3265 1166 3329 usu
1249 3262 1412 3328 suusne
1452 3267 1490 3327 s.
1511 3265 1539 3330 a.
1560 3280 1587 3329 ι
1612 3281 1644 3328 1:
1664 3262 1696 3346 o

520 3345 656 3449 xSigillen
676 3351 736 3412 Neo
761 3369 773 3412 1
799 3350 817 3412 3
838 3348 1025 3414 bonfallnet
1045 3348 1266 3427 tarsensem-ns
1286 3347 1389 3431 luinge
1410 3369 1497 3433 qvar.

103 3588 249 3736 295,
588 3605 592 3614 ’
851 3601 854 3609 “
928 3498 1198 3733 *1¹237..
1423 3526 1426 3534 ¹

182 3807 279 3870 Suro
300 3803 407 3869 Fonn
427 3758 520 3870 Jsms
541 3806 619 3871 Sons
639 3805 701 3872 oeli
721 3809 846 3871 llannm
867 3807 1003 3890 Konnng
1024 3808 1182 3875 smnus
1204 3811 1329 3873 Dotters
1349 3810 1569 3894 alstgelsebrci
1584 3811 1626 3896 pt
1646 3811 1685 3874 de
1706 3808 1797 3872 clercs
1804 3807 1911 3872 arive-

244 3887 325 3972 3ods
344 3891 355 3952 i
374 3887 518 3953 Kimsted
538 3890 600 3954 och
620 3891 673 3956 det
693 3911 826 3956 ammas
845 3889 999 3956 allitaude
1019 3893 1067 3956 till
1088 3895 1199 3959 Wreta
1220 3892 1344 3957 kloster.

1569 3973 1775 4031 metu&
1860 3967 1881 4028 Ἀ

278 4107 487 4207 Vniuersis
530 4127 666 4190 sancte
708 4110 846 4192 matris
887 4107 1050 4191 ecclesie
1092 4108 1182 4191 filiis
1211 4127 1293 4192 tam
1322 4109 1578 4219 presentibus
1607 4135 1730 4220 quam
1759 4106 1907 4190 suturis

122 4247 279 4302 resena
306 4221 504 4326 scriptum
532 4221 815 4328 perspecturis.
833 4221 884 4302 ·S.
913 4217 1086 4302 fulconis
1117 4219 1232 4303 ducis
1260 4217 1377 4304 lilius.
1407 4225 1457 4302 δι
1476 4221 1519 4300 Ε.
1534 4217 1781 4300 Suerchonis
1802 4219 1909 4328 regis

90 4247 195 4413 llis.
228 4330 406 4412 salutem
420 4330 464 4408 in
495 4356 594 4410 uero
622 4330 801 4425 salutari.
831 4332 1035 4434 Quoniam
1064 4329 1318 4412 diuersorum
1346 4329 1503 4413 diuerse
1531 4330 1663 4410 solent
1694 4328 1908 4438 opiniones

89 4441 307 4526 accidere.
336 4466 412 4524 nos
442 4440 571 4522 tocius
599 4440 872 4552 ambiguitatis
901 4441 1180 4524 difficultatem
1209 4442 1390 4524 volentes
1420 4439 1643 4523 excludere.
1690 4442 1907 4523 resentium

91 4541 281 4638 tenore
305 4549 568 4632 notificamus.
611 4553 723 4662 quod
767 4553 903 4635 omnia
945 4580 1025 4664 que
1054 4551 1172 4638 nobis
1200 4551 1291 4660 jure
1318 4550 1565 4637 hereditario
1593 4551 1635 4630 in
1658 4468 1908 4666 limstadum

81 4666 348 4749 attinebant.
366 4662 494 4746 nobis
522 4665 670 4744 nostris
730 4662 983 4746 eheredibus
998 4661 1236 4748 abdiximus.
1266 4667 1307 4745 ssr
1333 4665 1541 4772 oryetensi
1563 4659 1787 4744 concentui
1802 4681 1907 4744 eter-

83 4777 254 4863 naliter
284 4770 524 4883 possidenda
554 4693 812 4860 centullus.
868 4776 973 4857 Sunt
1001 4792 1135 4859 eutem
1162 4774 1237 4861 hec
1252 4774 1482 4884 supradicta
1498 4773 1550 4855 ad
1565 4773 1761 4855 honorem
1783 4774 1850 4857 dei
1864 4779 1904 4854 &

129 5009 1749 5097 *lSammhendlinglinncsockLinrtitfoemmahandoclralldeleslikabeslaffad.
