4384 5946
1002 462 1360 542 ...8-

153 771 157 780 ,
307 684 457 772 stolieae
484 679 686 787 dignitatis
714 691 774 758 est
801 703 884 757 non
899 675 1029 757 solum
1060 677 1256 759 Ecclesiae
1286 673 1473 774 liuidare,
1501 674 1571 758 sed
1593 681 1631 756 81
1652 676 1702 759 ab
1724 676 1810 758 aliis
1825 677 2074 766 Ecclesiamm
2165 702 2170 711 '

189 860 193 866 ι
307 791 580 908 spiritualibus
607 788 832 869 architectis
860 785 1044 870 fundatas
1074 788 1307 882 sublimare,
1350 787 1516 895 dignum
1546 785 1751 885 duximus,
1788 787 1908 870 frater
1942 791 2077 876 charis·

296 909 422 1002 sime,
450 930 527 1011 pro
555 901 759 1008 petitionis
786 916 865 980 tuae
891 915 988 980 voto
1017 925 1132 980 aures
1160 899 1314 982 debitas
1343 898 1546 1007 dignitatis
1574 915 1652 978 tuae
1681 898 1882 980 inclinare.
1907 958 1912 964 ·
1937 902 2077 984 Conce-

307 1017 436 1102 dimus
465 1013 589 1120 igitur
616 1010 709 1107 tibi,
738 1011 841 1090 sicut
867 1037 891 1089 a
918 1010 1208 1119 praedecessore
1235 1027 1390 1091 nostro.
1404 1011 1521 1090 beato
1550 1009 1757 1090 Gnaeonro
1772 1036 1999 1112 concessum
2017 1031 2079 1109 est,
2169 1041 2172 1048 ’

176 1155 179 1161 ·
310 1125 479 1221 scilicet,
506 1139 554 1203 ut
573 1137 709 1228 gentes
723 1119 1025 1218 Vimodiorum,
1054 1121 1393 1228 Norblingorum,
1428 1121 1655 1222 Danorum,
1671 1120 1970 1218 Noruenorum,
1993 1123 2080 1203 Sue·
2172 1204 2174 1210 ,

218 1289 219 1292 ¹
307 1262 472 1330 norum,
508 1232 571 1312 vel
600 1259 859 1341 quascunque
887 1232 1254 1340 septentrionalium
1295 1233 1503 1312 nationum
1543 1228 1641 1339 jugo
1678 1229 1770 1312 fidei
1811 1232 2081 1340 pradicatione

307 1365 379 1434 teia
405 1341 650 1439 subdideris,
686 1340 738 1424 ad
766 1342 899 1425 sedem
914 1343 1320 1451 Hammaburgensem
1348 1342 1545 1533 Ἰίνὶωεῶ
1572 1339 1844 1452 dominatione
1873 1343 2082 1452 possideas,

309 1465 349 1540 8(
378 1454 564 1536 omnibus
591 1454 885 1534 successoribus
913 1455 1011 1550 tuis,
1039 1453 1090 1536 ad
1119 1453 1285 1535 eandem
1313 1481 1354 1534 se
1384 1482 1446 1534 em
1475 1470 1671 1561 perpetuo
1699 1452 1959 1559 possidendas
1973 1454 2083 1534 relin-

311 1594 422 1678 quas.
458 1564 717 1646 Decernimus
745 1592 909 1676 quoque
936 1566 1011 1646 tibi
1039 1570 1078 1643 Se
1108 1565 1294 1646 omnibus
1322 1565 1718 1645 successoribus-tuis
1745 1563 1796 1645 ad
1818 1565 1951 1647 sedem
1973 1565 2084 1646 Ham·

312 1679 614 1784 maburgensem
640 1703 756 1755 usum
785 1675 896 1784 pallii
925 1675 1154 1759 habendum
1185 1677 1228 1754 in
1259 1674 1366 1756 festis
1395 1675 1710 1783 &temporibus
1746 1702 1769 1752 a
1804 1675 2086 1782 praedecessore

227 1853 238 1864 .
310 1805 450 1872 nostro
478 1786 554 1867 tibi
582 1785 863 1884 denominatis,
891 1788 1039 1868 scilicet
1065 1789 1108 1866 in
1135 1785 1303 1882 Pascha,
1331 1787 1374 1865 in
1401 1787 1679 1879 Pentecosten,
1707 1786 1751 1865 in
1777 1787 1899 1866 natali
1920 1787 2085 1880 Domini,

308 1904 354 1982 in
381 1899 638 1994 assumtione,
667 1898 709 1977 in
736 1899 957 1994 nativitate,
987 1898 1030 1975 in
1057 1896 1334 2006 purificatione
1362 1914 1506 1976 sanctae
1534 1889 1695 1990 Mariae?
1714 1899 1758 1976 in
1771 1898 1965 1977 nataliciis
1984 1901 2086 2004 Apo·

311 2010 506 2094 stolorum
528 2007 791 2090 &dominicis
819 2008 960 2090 diebus
983 2013 1028 2087 &
1055 2006 1241 2088 omnibus
1270 2005 1378 2087 festis
1408 2009 1450 2086 in
1477 2004 1639 2086 dioecesi
1666 2022 1735 2086 tua
1756 2005 2000 2102 celebribus,
2027 2034 2087 2088 or·

310 2123 399 2204 nari
421 2146 584 2230 quoque
612 2136 734 2228 caput
759 2137 874 2200 tuum
902 2121 1038 2215 mitra,
1066 2135 1228 2228 portare
1256 2135 1347 2198 ante
1375 2135 1414 2198 te
1443 2143 1611 2197 crucem.
1639 2120 1726 2225 Age
1746 2145 1862 2225 ergo,
1885 2117 2005 2199 frater
2024 2119 2086 2198 be·
2173 2111 2174 2162 3

307 2233 501 2327 ctissime,
544 2258 647 2340 opus
674 2229 847 2324 bonum,
881 2228 993 2337 quod
1021 2228 1241 2338 incoepisti,
1280 2256 1353 2309 nec
1397 2228 1560 2309 desistas
1596 2226 1725 2309 donec
1767 2230 1971 2337 proficias,
2005 2226 2086 2307 fun·

312 2344 364 2426 da
391 2345 434 2423 in
461 2342 559 2423 locis
587 2343 798 2449 oportunis
825 2341 1037 2438 Ecclesias,
1066 2368 1254 2422 consecra
1280 2340 1546 2450 presbyteros,
1569 2343 1609 2419 8t
1622 2367 1695 2447 per
1708 2338 2003 2446 disterminatos
2017 2359 2087 2420 ter·

311 2462 441 2536 minos
469 2452 612 2535 ordina
638 2451 880 2560 Episcopos,
908 2479 1082 2561 quorum
1110 2453 1288 2532 omnium
1315 2470 1360 2532 tu
1388 2451 1724 2560 Archiepiscopus
1752 2452 1914 2549 existas,
1943 2477 2088 2530 omnes·
2173 2485 2174 2492 Ν

313 2592 393 2678 que
429 2561 747 2671 supradictarum
779 2564 986 2642 nationum
1014 2563 1183 2671 amplius
1217 2562 1421 2671 profuturi
1464 2563 1654 2668 Episcopi
1687 2590 1778 2642 cum
1806 2561 1995 2669 subjectis
2021 2561 2089 2642 sibi

314 2674 501 2786 plebibus
529 2673 604 2762 tibi
632 2679 672 2752 8<
699 2673 885 2755 omnibus
913 2675 1205 2755 successoribus
1233 2677 1313 2754 tuis
1341 2673 1391 2754 ad
1420 2672 1552 2753 sedem
1586 2671 1993 2779 Hammaburgensem
2006 2700 2089 2782 per·
2172 2733 2174 2778 ,

314 2804 437 2894 petua
464 2781 710 2891 subjectione
737 2790 777 2863 &
803 2783 1029 2866 obedientia
1057 2785 1223 2896 subjecti
1251 2802 1517 2892 permaneant.
1559 2785 1754 2865 Praeterea
1782 2784 1857 2864 tibi
1886 2789 1926 2865 8(
1955 2800 2090 2864 sanctae
2173 2827 2174 2832 Ν

218 2981 221 2984 ,
315 2895 678 3002 Hammaburgensi·
704 2893 889 2976 Ecclesiae
917 2901 958 2977 8t
983 2897 1171 2980 omnibus
1197 2897 1499 2977 successoribus·
1518 2895 1596 2974 tuis
1624 2896 1859 2975 auctoritate
1891 2895 2090 3004 Apostoli·

317 3034 364 3088 ea
391 3008 610 3100 firmamus,
639 3033 889 3115 quaecunque
924 3005 1109 3088 Ecclesiae
1137 3025 1216 3086 tuae
1243 3007 1323 3114 jam
1351 3035 1374 3084 a
1401 3003 1647 3111 Christicolis
1689 3003 1835 3086 tradita
1877 3024 1993 3102 sunt,
2035 3003 2092 3084 vel
2173 3045 2174 3056 κ

317 3115 488 3224 amplius
515 3114 694 3222 delegata
722 3114 870 3198 luerint
896 3120 940 3198 in
966 3118 1183 3227 parochiis,
1211 3119 1253 3198 in
1280 3116 1459 3225 praediis,
1489 3118 1531 3197 in
1559 3115 1745 3197 omnibus
1772 3116 1912 3213 rebus,
1942 3117 2092 3198 mobili·

317 3228 394 3310 bus
412 3225 485 3306 ¹vel
514 3227 795 3324 immobilibus,
824 3229 866 3307 in
893 3229 1099 3337 mancipiis
1126 3229 1338 3337 utriusque
1373 3254 1509 3324 sexus,
1556 3243 1603 3307 ut
1647 3253 1697 3306 *aa
1737 3226 1914 3307 Ecclesia
1954 3226 2092 3337 praedi·

74 3451 77 3458 Δ
186 3393 191 3403 ›
317 3354 382 3418 cta
408 3335 630 3417 inviolabili
658 3341 852 3446 potestate
880 3355 1075 3447 perpetuo
1104 3338 1314 3446 possideat.
1369 3338 1411 3418 Si
1439 3340 1530 3448 quis
1557 3355 1689 3418 autem
1716 3354 1857 3419 contra
1883 3337 2006 3449 hujus
2026 3366 2093 3418 no·

227 3473 232 3492 ·
317 3463 409 3548 strae
449 3447 695 3530 auctoritatis
728 3448 981 3556 privilegium
1008 3452 1067 3530 ire
1094 3449 1348 3556 temptaverit
1358 3483 1375 3545 ,·
1404 3453 1444 3529 &
1478 3475 1647 3557 quoquo
1674 3448 1795 3530 modo
1824 3452 1866 3529 in
1893 3469 2010 3559 parte
2038 3447 2095 3528 vel

316 3559 360 3637 in
382 3575 474 3638 toto
502 3554 685 3665 frangere
712 3559 821 3640 nisus
849 3559 985 3662 fuerit,
1014 3564 1132 3643 etiam
1159 3564 1193 3640 si
1221 3562 1272 3641 sit
1285 3561 1526 3669 Apostolicae
1553 3557 1762 3667 dignitatis·
1779 3587 1965 3668 persona,
1989 3577 2095 3644 aeter·

317 3697 371 3748 na
411 3671 818 3754 excommunicatione
860 3697 950 3751 cum
991 3669 1094 3755 Juda
1131 3670 1326 3755 traditore
1368 3672 1530 3752 Domini
1570 3687 1731 3780 pereat,
1762 3674 1838 3753 nisi
1873 3674 2094 3783 resipiscat,

214 3851 217 3858 .
319 3778 572 3874 &Ecclesiae
608 3779 964 3890 Hammaburgensi
999 3782 1221 3864 satisfaciat.
1278 3783 1523 3864 Observator
1561 3794 1693 3863 autem
1727 3780 1848 3889 hujus
1883 3785 2097 3868 amonicio-

320 3890 383 3969 nis
424 3892 465 3968 &
497 3886 683 3995 jussionis
724 3891 867 3972 habeat
908 3891 1226 3979 benedictionem
1268 3893 1552 3999 omnipotentis
1601 3892 1694 3989 Dei,
1737 3893 1948 3974 beatorum
1990 3897 2097 4004 Apo·

319 3998 515 4081 stolorum
542 4004 582 4077 &
608 4019 804 4098 nostram,
831 4002 904 4112 qui
932 4029 1070 4086 eorum
1097 4000 1304 4110 fungimur
1330 4002 1609 4083 Vicariatione.
1644 4003 1788 4084 Sancta
1816 4003 1995 4088 Trinitas
2025 4005 2097 4086 fra·

318 4109 543 4190 ternitatem
569 4125 678 4190 tuam
706 4112 815 4194 omni
856 4130 1036 4224 tempore
1064 4141 1298 4200 conservare
1333 4110 1521 4220 dignetur
1562 4112 1809 4211 incolumen,
1852 4127 1974 4226 atque
2010 4129 2099 4226 post

172 4255 178 4261 ·
318 4218 440 4327 hujus
467 4219 590 4299 seculi
625 4220 928 4304 amaritudinem
970 4222 1021 4306 ad
1049 4233 1282 4334 perpetuam
1319 4219 1514 4332 perducat
1550 4222 1846 4334 beatitudinem.
1889 4227 1996 4308 Data
2032 4252 2100 4335 per

318 4352 479 4520 utranum
506 4328 651 4416 Leonis
677 4333 914 4416 Cancellarii
941 4352 1086 4420 sanctae
1114 4335 1302 4420 Romana
1329 4333 1513 4418 Ecclesia
1552 4336 1596 4417 in
1636 4359 1769 4418 mense
1810 4337 1962 4446 Aprili,
2000 4336 2100 4454 indi·

284 4462 446 4522 crona
472 4463 590 4525 nona.
697 4483 705 4514 t
