4362 5946
966 515 1024 538 -
1135 429 1380 565 264⁷-

278 704 511 796 mandatum
539 695 676 779 dilecti
703 693 776 798 lilii
803 694 931 775 nostri
960 693 1009 773 0.
1040 693 1176 774 Sancti
1210 691 1366 776 Nicolai
1400 695 1444 775 in
1473 695 1643 775 Caruere
1673 693 1863 777 Tulliano
1899 697 2048 782 Diaooui

276 811 522 908 Cardinalis,
549 825 648 889 tunc
677 805 894 916 apostolice
938 801 1051 885 Sedis
1094 805 1235 912 Legati
1264 807 1319 886 in:
1355 804 1565 887 laboribus
1594 826 1635 888 et
1678 807 1869 915 periculis
1913 809 2047 908 multis,

273 930 392 1044 quasi
422 921 638 1006 Iordanem
666 947 759 1000 cum
787 917 911 997 Jacob
941 917 984 995 in
1012 915 1159 996 baculo
1188 943 1263 1024 pro
1292 919 1473 1025 gentium
1503 921 1768 1000 conversione
1784 919 1912 998 maria
1940 925 2050 1002 trani·

273 1047 380 1135 iens,
409 1028 651 1118 non-solum
679 1058 772 1118 oum
800 1023 958 1109 duabus
988 1029 1129 1108 turmis
1157 1029 1311 1124 ovium,
1339 1056 1478 1109 verum
1508 1031 1628 1110 etiam
1656 1059 1747 1111 cum
1775 1028 1946 1112 diversis
1972 1059 2050 1138 pro-

170 1174 172 1178 ’
265 1151 420 1238 vinciis
449 1171 700 1258 paganorum
729 1142 773 1220 in
801 1139 965 1219 Christo
994 1136 1244 1220 credentium
1273 1139 1475 1238 reme'asti,
1504 1139 1556 1221 ad
1583 1169 1717 1221 arcam
1738 1143 1843 1223 sicut
1870 1141 2052 1223 Columba

186 1359 191 1362 ,
276 1263 459 1352 deferens
502 1283 659 1336 ramum
701 1251 869 1332 virentis
898 1249 1003 1330 olive
1032 1251 1074 1329 in
1103 1251 1432 1332 reconciliatione
1462 1280 1545 1331 non
1579 1279 1708 1360 pauca
1737 1253 1911 1334 barbare
1941 1253 2052 1334 natio.

247 1379 353 1460 ·nis.
384 1375 444 1454 Eo
472 1369 596 1478 igitur
624 1367 668 1446 in
696 1364 826 1473 gratia
854 1361 1000 1441 collata
1028 1360 1102 1440 tibi
1133 1389 1155 1440 a
1184 1363 1359 1442 Domino
1387 1365 1547 1444 suavius
1578 1362 1786 1460 delectati,
1816 1357 2054 1473 quo'exiuda

275 1487 397 1569 flores
424 1500 466 1562 et
492 1479 649 1560 fructus
678 1475 923 1584 proveniunt
950 1473 1163 1580 gratioreS,
1193 1502 1285 1554 oum
1313 1501 1397 1552 uon
1426 1490 1527 1555 esset
1570 1474 1732 1555 lucerna
1775 1474 1966 1583 ponenda
1991 1473 2057 1556 suh

142 1657 149 1672 ·
268 1581 433 1692 modio,
462 1590 533 1672 sed
561 1615 684 1696 supra
713 1584 1018 1678 candelabrum,
1046 1599 1092 1663 ut
1121 1584 1310 1665 tenebras
1338 1585 1557 1666 multorum
1586 1585 1783 1666 illuminet
1810 1585 2057 1684 collocanda,

271 1729 322 1794 t‘e
337 1713 378 1790 in
395 1700 731 1811 Semigalliensem
759 1697 1006 1804 Episcopum
1020 1696 1206 1776 manibus
1220 1699 1368 1778 nostris
1384 1695 1573 1778 duximus
1587 1697 1913 1778 consecrandum.
1947 1694 2058 1776 ludu·

276 1823 444 1905 bitatam
474 1838 638 1926 quoque
668 1806 785 1889 dete
814 1821 999 1914 gerentes
1027 1803 1213 1886 fiduciam
1242 1825 1385 1914 utpote
1407 1835 1491 1886 non
1526 1823 1609 1886 tam
1645 1810 1903 1916 argumentis,
1949 1835 2059 1916 quan

239 1991 242 1996 ,
277 1926 534 2017 evidentibus
571 1921 852 2030 experimentis
894 1917 1098 2014 instructi,
1143 1917 1256 2027 quod
1299 1919 1522 1998 animarum
1564 1920 1751 2016 salutem,
1781 1937 1821 2000 et
1850 1917 2060 2001 Christiani

226 2069 229 2074 ’
277 2045 411 2128 cultus
440 2037 548 2120 sitias
577 2034 886 2126 incrementum,
916 2028 967 2108 ad
995 2054 1075 2138 que
1104 2045 1247 2137 potens
1275 2030 1386 2111 etin
1414 2027 1571 2140 opere,
1584 2057 1630 2110 ao
1646 2058 1848 2127 sermone,
1877 2057 2060 2110 concesso

273 2157 353 2240 tibi
381 2155 423 2233 in
451 2146 639 2238 Livonia,
668 2139 938 2244 Gothlandia‚
967 2137 1204 2234 Vinlandia‚
1234 2141 1446 2236 Hestonia,
1476 2141 1721 2249 Semigallia‚
1764 2141 2003 2237 Curlandia,
2029 2157 2061 2220 et

158 2363 163 2378 Ι
277 2266 422 2351 ceteris
450 2255 748 2366 Neophitorum
776 2268 817 2332 et
846 2277 1097 2360 paganorum
1131 2252 1359 2359 *provinciis
1394 2269 1434 2333 et
1475 2252 1622 2332 Insulis
1657 2254 1954 2362 circumpositis
1997 2251 2062 2331 Le·

275 2375 448 2491 gationis
465 2368 613 2449 ⁴officio
641 2391 719 2475 pro
747 2361 840 2445 fidei
868 2361 1017 2443 finibus
1058 2360 1295 2459 dilatandis,
1338 2365 1598 2444 Fraternitati
1630 2382 1705 2444 tue
1732 2391 1807 2473 per
1849 2363 2062 2472 apostolica

275 2490 426 2598 scripta
454 2478 705 2572 mandamus,
734 2490 932 2584 quatenus
959 2473 1002 2554 in
1031 2474 1128 2555 locis
1157 2472 1308 2556 eisdem
1335 2474 1463 2556 libere
1489 2475 1696 2556 Christum
1715 2477 1955 2572 annunties,
1984 2501 2064 2553 cor·

272 2598 447 2710 rigando
473 2613 668 2703 personas
697 2585 1009 2680 Ecclesiastieas,
1037 2601 1079 2664 et
1108 2585 1305 2667 Ecclesiae
1333 2576 1606 2684 reformando,
1639 2587 1824 2667 instituas
1847 2587 2064 2697 quoquein

53 2679 56 2687 ¹
169 2759 190 2806 .·
274 2716 352 2808 eis,
381 2726 422 2790 et
450 2703 544 2798 inde
575 2723 757 2780 amoveas
785 2725 878 2778 cum
906 2723 1010 2802 opus
1038 2695 1161 2776 suerit
1188 2695 1397 2794 Abbates,¹
1416 2699 1592 2792 Priores,
1621 2698 1803 2808 aliosque
1830 2697 2020 2780 subditos
2032 2713 2066 2774 et

274 2834 516 2937 personatus
542 2811 737 2894 habentes
766 2833 1007 2917 promovens
1036 2805 1087 2888 ad
1116 2805 1278 2888 ordines
1306 2808 1502 2905 Clericos,
1531 2807 1746 2890 electiones
1773 2811 2065 2919 Episcoporum

275 2933 535 3022 confirmans,
565 2925 703 3114 eisague
733 2920 1062 3014 consecrationis,
1089 2933 1132 2996 et
1159 2917 1389 3001 Abbatibus
1419 2918 1710 3002 benedictionis
1739 2949 1884 3001 munus
1909 2922 2065 3028 ,impen-

274 3047 375 3131 dens
405 3069 496 3123 cum
525 3062 625 3143 expe
657 3033 747 3115 ierit
775 3051 815 3122 et
842 3030 990 3114 videris
1018 3045 1279 3138 oportunum.
1324 3032 1485 3112 Virtute
1514 3032 1638 3139 igitur
1682 3032 1857 3140 Spiritus
1901 3030 2068 3114 indutus

265 3187 326 3265 ex
354 3155 454 3250 alto,
484 3147 733 3230 commissam
762 3143 838 3224 tibi
865 3141 1179 3223 sollicitudinem
1207 3158 1290 3220 tam
1320 3142 1577 3224 laudabiliter
1604 3142 1765 3222 studeas
1793 3169 2000 3240 exercere,
2029 3159 2068 3220 ut

272 3297 348 3380 per
377 3261 639 3344 ministerium
671 3273 788 3336 tuum
817 3253 859 3333 in
888 3251 1072 3361 partibus
1101 3252 1178 3331 illis
1207 3251 1285 3332 fide
1313 3251 1510 3333 catholica
1546 3270 1787 3363 propagata,
1824 3257 1862 3334 ei
1891 3255 2068 3363 placeas,

100 3348 102 3362 ¹
186 3410 190 3418 ·
273 3381 346 3494 qui
374 3377 453 3458 sibi
480 3371 649 3482 placitos
678 3367 837 3477 proveit
859 3366 902 3444 iu
930 3367 1118 3459 salutem,
1148 3379 1312 3472 paratus
1341 3362 1455 3473 quod
1483 3365 1834 3472 supererogaveris
1876 3391 2069 3474 compen·

274 3517 375 3574 sare.
431 3487 491 3567 Ne
520 3501 653 3562 autem
682 3476 759 3558 tibi
787 3473 889 3557 desit
916 3481 1123 3584 potestatis
1152 3478 1370 3555 auctoritas
1397 3475 1464 3556 cui
1493 3476 1606 3559 adest
1628 3477 1872 3556 conscientie
1902 3478 2070 3586 puritas,

271 3586 316 3692 'at
344 3613 480 3712 presto
509 3619 592 3674 esse
621 3585 801 3671 creditur
829 3585 1028 3695 judicium
1061 3586 1248 3684 rationis,
1277 3587 1523 3695 presentium
1551 3587 1627 3668 tibi
1654 3587 1893 3669 auctoritate
1927 3612 2071 3669 conee-

259 3702 422 3808 dimus,
451 3723 498 3789 Ul
526 3700 862 3793 ὓθηῖΐᾶἆῑῡῐθΐθῦ,
891 3714 933 3782 et
961 3695 1131 3779 rebelles
1159 3693 1599 3799 excommunicationis,
1629 3699 1923 3807 suspensionis,
1957 3717 2002 3780 et
2016 3701 2073 3781 in·

271 3823 438 3908 terdicti
466 3841 633 3898 censura
670 3809 879 3919 percellas,
907 3813 1006 3920 quia
1034 3826 1074 3888 et
1101 3836 1176 3889 nos
1204 3811 1459 3904 sententiam,
1489 3834 1610 3918 quam
1639 3810 1681 3887 in
1720 3809 1821 3888 tales
1850 3811 1934 3889 rite
1982 3836 2074 3920 pro-

271 3936 413 4033 tuleris
442 3946 568 4019 ratam
597 3921 854 4032 habebimtm,
883 3938 923 4000 et
952 3920 1144 4002 faciemus
1172 3937 1335 4000 auctore
1373 3921 1547 4000 Domino
1584 3917 1794 4028 usquead
1828 3920 2073 4002 satisfactio.

262 4078 363 4168 ⁸nam
391 4031 634 4158 condignam
661 4031 948 4118 inviolabiliter
976 4033 1195 4114 observari.
1253 4032 1398 4114 Datum
1429 4033 1553 4114 Reate
1582 4030 1630 4110 V.
1674 4029 1880 4132 Kalendas
1915 4033 2076 4116 Febru-

269 4161 343 4271 rij,
371 4151 631 4241 Pontificatus
653 4145 787 4269 ⁸nostri
815 4151 933 4231 Auno
962 4145 1130 4248 Quinto.
