<?xml version="1.0" encoding="UTF-8"?>
<!DOCTYPE html PUBLIC "-//W3C//DTD XHTML 1.0 Transitional//EN"
    "http://www.w3.org/TR/xhtml1/DTD/xhtml1-transitional.dtd">
<html xmlns="http://www.w3.org/1999/xhtml" xml:lang="en" lang="en">
 <head>
  <title>
</title>
<meta http-equiv="Content-Type" content="text/html;charset=utf-8" />
  <meta name='ocr-system' content='tesseract 3.04.00' />
  <meta name='ocr-capabilities' content='ocr_page ocr_carea ocr_par ocr_line ocrx_word'/>
</head>
<body>
  <div class='ocr_page' id='page_1' title='image "./svensktdiplomat00swegoog_0213.png"; bbox 0 0 4368 5950; ppageno 0'>
   <div class='ocr_carea' id='block_1_1' title="bbox 816 375 1233 532">
    <p class='ocr_par' dir='ltr' id='par_1_1' title="bbox 816 375 1233 532">
     <span class='ocr_line' id='line_1_1' title="bbox 816 375 1233 532; baseline 0.005 -41"><span class='ocrx_word' id='word_1_1' title='bbox 816 471 875 491; x_wconf 91' lang='grc'>..</span> <span class='ocrx_word' id='word_1_2' title='bbox 993 375 1085 532; x_wconf 41' lang='grc'>,69</span> <span class='ocrx_word' id='word_1_3' title='bbox 1177 473 1233 493; x_wconf 76' lang='grc'>.-</span> 
     </span>
    </p>
   </div>
   <div class='ocr_carea' id='block_1_2' title="bbox 136 585 1912 803">
    <p class='ocr_par' dir='ltr' id='par_1_2' title="bbox 136 585 1912 803">
     <span class='ocr_line' id='line_1_2' title="bbox 136 585 1912 803; baseline 0.004 -46"><span class='ocrx_word' id='word_1_4' title='bbox 136 653 258 779; x_wconf 71' lang='grc'>146-</span> <span class='ocrx_word' id='word_1_5' title='bbox 540 679 541 682; x_wconf 68' lang='lat'>‘</span> <span class='ocrx_word' id='word_1_6' title='bbox 588 585 592 596; x_wconf 25' lang='grc' dir='ltr'>Ι</span> <span class='ocrx_word' id='word_1_7' title='bbox 726 657 875 796; x_wconf 79' lang='lat'>1213</span> <span class='ocrx_word' id='word_1_8' title='bbox 922 655 970 759; x_wconf 87' lang='lat' dir='ltr'>d.</span> <span class='ocrx_word' id='word_1_9' title='bbox 1028 697 1094 799; x_wconf 84' lang='lat'>19</span> <span class='ocrx_word' id='word_1_10' title='bbox 1140 658 1267 803; x_wconf 85' lang='lat' dir='ltr'>Apr.</span> <span class='ocrx_word' id='word_1_11' title='bbox 1684 656 1912 768; x_wconf 87' lang='lat' dir='ltr'>Lateran.</span> 
     </span>
    </p>
   </div>
   <div class='ocr_carea' id='block_1_3' title="bbox 204 843 1936 1039">
    <p class='ocr_par' dir='ltr' id='par_1_3' title="bbox 204 843 1936 1039">
     <span class='ocr_line' id='line_1_3' title="bbox 204 843 1911 973; baseline 0.006 -39"><span class='ocrx_word' id='word_1_12' title='bbox 204 872 297 934; x_wconf 68' lang='lat' dir='ltr'>rats.</span> <span class='ocrx_word' id='word_1_13' title='bbox 324 875 524 936; x_wconf 76' lang='lat' dir='ltr'>Imoessmus</span> <span class='ocrx_word' id='word_1_14' title='bbox 545 876 614 936; x_wconf 74' lang='lat' dir='ltr'>IIIss</span> <span class='ocrx_word' id='word_1_15' title='bbox 634 873 782 936; x_wconf 72' lang='lat' dir='ltr'>anhtllan</span> <span class='ocrx_word' id='word_1_16' title='bbox 803 885 850 936; x_wconf 80' lang='lat' dir='ltr'>att</span> <span class='ocrx_word' id='word_1_17' title='bbox 871 874 1077 959; x_wconf 63' lang='lat' dir='ltr'>Konuogeni</span> <span class='ocrx_word' id='word_1_18' title='bbox 1098 876 1226 962; x_wconf 69' lang='lat' dir='ltr'>Sscrige</span> <span class='ocrx_word' id='word_1_19' title='bbox 1250 878 1325 954; x_wconf 70' lang='lat' dir='ltr'>silte</span> <span class='ocrx_word' id='word_1_20' title='bbox 1342 876 1585 968; x_wconf 68' lang='lat' dir='ltr'>,befuibptktiga</span> <span class='ocrx_word' id='word_1_21' title='bbox 1603 843 1835 973; x_wconf 59' lang='lat' dir='ltr'>studebatur</span> <span class='ocrx_word' id='word_1_22' title='bbox 1856 882 1911 958; x_wconf 76' lang='lat' dir='ltr'>det</span> 
     </span>
     <span class='ocr_line' id='line_1_4' title="bbox 255 956 1936 1039; baseline -0.002 -20"><span class='ocrx_word' id='word_1_23' title='bbox 255 956 519 1020; x_wconf 76' lang='lat' dir='ltr'>sammankallade</span> <span class='ocrx_word' id='word_1_24' title='bbox 541 957 696 1019; x_wconf 66' lang='lat' dir='ltr'>allnflnna</span> <span class='ocrx_word' id='word_1_25' title='bbox 716 956 924 1039; x_wconf 79' lang='lat' dir='ltr'>Iyrkomiitet·</span> <span class='ocrx_word' id='word_1_26' title='bbox 1558 973 1562 980; x_wconf 91' lang='grc'>’</span> <span class='ocrx_word' id='word_1_27' title='bbox 1839 958 1845 974; x_wconf 90' lang='grc'><strong>’</strong></span> <span class='ocrx_word' id='word_1_28' title='bbox 1920 967 1936 1016; x_wconf 82' lang='grc'>’.</span> 
     </span>
    </p>
   </div>
   <div class='ocr_carea' id='block_1_4' title="bbox 1048 1039 1825 1166">
    <p class='ocr_par' dir='ltr' id='par_1_4' title="bbox 1048 1039 1825 1166">
     <span class='ocr_line' id='line_1_5' title="bbox 1048 1039 1825 1166; baseline 0.009 -43"><span class='ocrx_word' id='word_1_29' title='bbox 1048 1147 1053 1162; x_wconf 71' lang='lat'>,</span> <span class='ocrx_word' id='word_1_30' title='bbox 1119 1071 1149 1124; x_wconf 83' lang='lat' dir='ltr'>F.</span> <span class='ocrx_word' id='word_1_31' title='bbox 1170 1087 1197 1124; x_wconf 73' lang='grc' dir='ltr'>ιε</span> <span class='ocrx_word' id='word_1_32' title='bbox 1219 1090 1257 1146; x_wconf 76' lang='lat'>¹7·</span> <span class='ocrx_word' id='word_1_33' title='bbox 1305 1073 1339 1129; x_wconf 72' lang='lat' dir='ltr'>lt</span> <span class='ocrx_word' id='word_1_34' title='bbox 1358 1093 1395 1129; x_wconf 78' lang='lat' dir='ltr'>n.</span> <span class='ocrx_word' id='word_1_35' title='bbox 1413 1089 1441 1157; x_wconf 76' lang='lat' dir='ltr'>a:¹</span> <span class='ocrx_word' id='word_1_36' title='bbox 1456 1076 1514 1144; x_wconf 79' lang='lat'><strong>756.</strong></span> <span class='ocrx_word' id='word_1_37' title='bbox 1533 1077 1587 1130; x_wconf 80' lang='lat' dir='ltr'>An.</span> <span class='ocrx_word' id='word_1_38' title='bbox 1611 1077 1650 1131; x_wconf 69' lang='grc' dir='ltr'>ιδ.</span> <span class='ocrx_word' id='word_1_39' title='bbox 1668 1039 1721 1148; x_wconf 61' lang='lat' dir='ltr'>spi</span> <span class='ocrx_word' id='word_1_40' title='bbox 1739 1043 1825 1166; x_wconf 38' lang='lat' dir='ltr'>lcii</span> 
     </span>
    </p>
   </div>
   <div class='ocr_carea' id='block_1_5' title="bbox 287 1173 1941 1540">
    <p class='ocr_par' dir='ltr' id='par_1_5' title="bbox 287 1173 1941 1540">
     <span class='ocr_line' id='line_1_6' title="bbox 287 1173 1941 1318; baseline 0.002 -30"><span class='ocrx_word' id='word_1_41' title='bbox 287 1212 539 1288; x_wconf 79' lang='lat' dir='ltr'>Irutocentius</span> <span class='ocrx_word' id='word_1_42' title='bbox 574 1209 657 1288; x_wconf 90' lang='lat' dir='ltr'><strong>III.</strong></span> <span class='ocrx_word' id='word_1_43' title='bbox 691 1211 842 1314; x_wconf 78' lang='lat' dir='ltr'>Regem</span> <span class='ocrx_word' id='word_1_44' title='bbox 879 1208 1033 1288; x_wconf 79' lang='lat' dir='ltr'>Suetice</span> <span class='ocrx_word' id='word_1_45' title='bbox 1066 1229 1196 1292; x_wconf 83' lang='lat' dir='ltr'>ruouet</span> <span class='ocrx_word' id='word_1_46' title='bbox 1223 1210 1482 1318; x_wconf 73' lang='lat' dir='ltr'><em>hortaturque</em></span> <span class='ocrx_word' id='word_1_47' title='bbox 1508 1233 1553 1292; x_wconf 88' lang='lat' dir='ltr'>ut</span> <span class='ocrx_word' id='word_1_48' title='bbox 1582 1218 1691 1290; x_wconf 89' lang='lat' dir='ltr'>intra</span> <span class='ocrx_word' id='word_1_49' title='bbox 1720 1173 1941 1294; x_wconf 71' lang='lat' dir='ltr'>lriermium=</span> 
     </span>
     <span class='ocr_line' id='line_1_7' title="bbox 319 1318 1911 1430; baseline 0.004 -33"><span class='ocrx_word' id='word_1_50' title='bbox 319 1319 377 1397; x_wconf 86' lang='lat' dir='ltr'>cd</span> <span class='ocrx_word' id='word_1_51' title='bbox 389 1318 608 1399; x_wconf 77' lang='lat' dir='ltr'><em>Concilium</em></span> <span class='ocrx_word' id='word_1_52' title='bbox 623 1323 808 1425; x_wconf 78' lang='lat' dir='ltr'>generale</span> <span class='ocrx_word' id='word_1_53' title='bbox 823 1319 994 1400; x_wconf 75' lang='lat' dir='ltr'><em>Nuntios</em></span> <span class='ocrx_word' id='word_1_54' title='bbox 1007 1325 1142 1399; x_wconf 84' lang='lat' dir='ltr'>mittut</span> <span class='ocrx_word' id='word_1_55' title='bbox 1170 1337 1274 1416; x_wconf 83' lang='lat' dir='ltr'>suos,</span> <span class='ocrx_word' id='word_1_56' title='bbox 1307 1349 1384 1428; x_wconf 86' lang='lat' dir='ltr'>quo</span> <span class='ocrx_word' id='word_1_57' title='bbox 1407 1349 1496 1430; x_wconf 82' lang='lat' dir='ltr'>prce</span> <span class='ocrx_word' id='word_1_58' title='bbox 1514 1330 1652 1402; x_wconf 84' lang='lat' dir='ltr'>ceteris</span> <span class='ocrx_word' id='word_1_59' title='bbox 1679 1324 1727 1400; x_wconf 85' lang='lat' dir='ltr'>de</span> <span class='ocrx_word' id='word_1_60' title='bbox 1754 1331 1911 1427; x_wconf 74' lang='lat' dir='ltr'>negotio</span> 
     </span>
     <span class='ocr_line' id='line_1_8' title="bbox 319 1429 1836 1540; baseline 0.003 -32"><span class='ocrx_word' id='word_1_61' title='bbox 319 1431 457 1540; x_wconf 84' lang='lat' dir='ltr'>Terrae</span> <span class='ocrx_word' id='word_1_62' title='bbox 485 1429 648 1510; x_wconf 83' lang='lat' dir='ltr'>Sunctae</span> <span class='ocrx_word' id='word_1_63' title='bbox 676 1430 973 1510; x_wconf 83' lang='lat' dir='ltr'>deliberandum</span> <span class='ocrx_word' id='word_1_64' title='bbox 1000 1446 1101 1510; x_wconf 85' lang='lat' dir='ltr'>erut.</span> <span class='ocrx_word' id='word_1_65' title='bbox 1542 1459 1545 1468; x_wconf 85' lang='grc'>’</span> <span class='ocrx_word' id='word_1_66' title='bbox 1833 1455 1836 1462; x_wconf 84' lang='grc'><strong>’</strong></span> 
     </span>
    </p>
   </div>
   <div class='ocr_carea' id='block_1_6' title="bbox 115 1573 1917 2710">
    <p class='ocr_par' dir='ltr' id='par_1_6' title="bbox 115 1573 1917 2710">
     <span class='ocr_line' id='line_1_9' title="bbox 287 1573 1913 1682; baseline 0.002 -31"><span class='ocrx_word' id='word_1_67' title='bbox 287 1575 539 1653; x_wconf 85' lang='lat' dir='ltr'>Innocentius</span> <span class='ocrx_word' id='word_1_68' title='bbox 567 1577 638 1652; x_wconf 78' lang='lat' dir='ltr'>&amp;c</span> <span class='ocrx_word' id='word_1_69' title='bbox 676 1575 890 1674; x_wconf 72' lang='lat' dir='ltr'><em>Carissimo</em></span> <span class='ocrx_word' id='word_1_70' title='bbox 919 1578 961 1652; x_wconf 86' lang='lat' dir='ltr'>in</span> <span class='ocrx_word' id='word_1_71' title='bbox 988 1573 1145 1654; x_wconf 76' lang='lat' dir='ltr'>Christo</span> <span class='ocrx_word' id='word_1_72' title='bbox 1162 1573 1285 1679; x_wconf 85' lang='lat' dir='ltr'>filio.</span> <span class='ocrx_word' id='word_1_73' title='bbox 1304 1577 1464 1682; x_wconf 77' lang='lat' dir='ltr'>..negt</span> <span class='ocrx_word' id='word_1_74' title='bbox 1488 1574 1627 1656; x_wconf 77' lang='lat' dir='ltr'>Scctie</span> <span class='ocrx_word' id='word_1_75' title='bbox 1654 1577 1813 1656; x_wconf 82' lang='lat' dir='ltr'>Illustri</span> <span class='ocrx_word' id='word_1_76' title='bbox 1838 1573 1913 1654; x_wconf 83' lang='lat' dir='ltr'>So·</span> 
     </span>
     <span class='ocr_line' id='line_1_10' title="bbox 320 1683 1902 1800; baseline 0 -38"><span class='ocrx_word' id='word_1_77' title='bbox 320 1685 444 1764; x_wconf 86' lang='lat' dir='ltr'>lutem</span> <span class='ocrx_word' id='word_1_78' title='bbox 472 1689 544 1762; x_wconf 72' lang='lat' dir='ltr'>&amp;c</span> <span class='ocrx_word' id='word_1_79' title='bbox 1248 1693 1250 1698; x_wconf 82' lang='grc'><strong>’</strong></span> <span class='ocrx_word' id='word_1_80' title='bbox 1585 1683 1591 1690; x_wconf 68' lang='grc'><strong>’</strong></span> <span class='ocrx_word' id='word_1_81' title='bbox 1819 1685 1823 1697; x_wconf 84' lang='lat'>&#39;</span> <span class='ocrx_word' id='word_1_82' title='bbox 1893 1715 1902 1800; x_wconf 55' lang='lat'>&#39;.</span> 
     </span>
     <span class='ocr_line' id='line_1_11' title="bbox 285 1817 1912 1932; baseline 0.003 -30"><span class='ocrx_word' id='word_1_83' title='bbox 285 1824 456 1930; x_wconf 81' lang='lat' dir='ltr'>Vineam</span> <span class='ocrx_word' id='word_1_84' title='bbox 500 1823 661 1903; x_wconf 88' lang='lat' dir='ltr'>Domini</span> <span class='ocrx_word' id='word_1_85' title='bbox 699 1822 883 1902; x_wconf 85' lang='lat' dir='ltr'>Sabaoth</span> <span class='ocrx_word' id='word_1_86' title='bbox 917 1828 992 1903; x_wconf 80' lang='lat' dir='ltr'>&amp;c</span> <span class='ocrx_word' id='word_1_87' title='bbox 1029 1825 1111 1902; x_wconf 80' lang='lat' dir='ltr'>uta</span> <span class='ocrx_word' id='word_1_88' title='bbox 1147 1825 1238 1903; x_wconf 88' lang='lat' dir='ltr'>med</span> <span class='ocrx_word' id='word_1_89' title='bbox 1251 1820 1511 1932; x_wconf 60' lang='lat' dir='ltr'>stragulata</span> <span class='ocrx_word' id='word_1_90' title='bbox 1538 1817 1651 1906; x_wconf 73' lang='lat' dir='ltr'>indu</span> <span class='ocrx_word' id='word_1_91' title='bbox 1678 1825 1743 1905; x_wconf 78' lang='lat' dir='ltr'>stt</span> <span class='ocrx_word' id='word_1_92' title='bbox 1767 1818 1912 1907; x_wconf 84' lang='lat' dir='ltr'>orden:</span> 
     </span>
     <span class='ocr_line' id='line_1_12' title="bbox 115 1930 1914 2044; baseline 0.001 -30"><span class='ocrx_word' id='word_1_93' title='bbox 115 1933 321 2014; x_wconf 86' lang='lat' dir='ltr'>efficacius</span> <span class='ocrx_word' id='word_1_94' title='bbox 350 1930 688 2044; x_wconf 80' lang='lat' dir='ltr'>promovendum3</span> <span class='ocrx_word' id='word_1_95' title='bbox 748 1935 848 2013; x_wconf 90' lang='lat' dir='ltr'>Cum</span> <span class='ocrx_word' id='word_1_96' title='bbox 878 1960 975 2041; x_wconf 85' lang='lat' dir='ltr'>ergo</span> <span class='ocrx_word' id='word_1_97' title='bbox 1004 1931 1142 2012; x_wconf 89' lang='lat' dir='ltr'>deceat</span> <span class='ocrx_word' id='word_1_98' title='bbox 1169 1949 1209 2013; x_wconf 90' lang='lat' dir='ltr'>et</span> <span class='ocrx_word' id='word_1_99' title='bbox 1237 1935 1438 2042; x_wconf 81' lang='lat' dir='ltr'>expediat,</span> <span class='ocrx_word' id='word_1_100' title='bbox 1461 1953 1508 2014; x_wconf 89' lang='lat' dir='ltr'>ut</span> <span class='ocrx_word' id='word_1_101' title='bbox 1535 1954 1606 2017; x_wconf 89' lang='lat' dir='ltr'>tua</span> <span class='ocrx_word' id='word_1_102' title='bbox 1634 1933 1794 2042; x_wconf 82' lang='lat' dir='ltr'>Regalis</span> <span class='ocrx_word' id='word_1_103' title='bbox 1809 1935 1914 2016; x_wconf 88' lang='lat' dir='ltr'>Sub·</span> 
     </span>
     <span class='ocr_line' id='line_1_13' title="bbox 118 2041 1913 2157; baseline 0.001 -33"><span class='ocrx_word' id='word_1_104' title='bbox 118 2045 267 2125; x_wconf 88' lang='lat' dir='ltr'>limitas</span> <span class='ocrx_word' id='word_1_105' title='bbox 297 2043 349 2123; x_wconf 84' lang='lat' dir='ltr'>ad</span> <span class='ocrx_word' id='word_1_106' title='bbox 378 2043 572 2126; x_wconf 87' lang='lat' dir='ltr'>Sinodum</span> <span class='ocrx_word' id='word_1_107' title='bbox 604 2061 683 2122; x_wconf 87' lang='lat' dir='ltr'>tam</span> <span class='ocrx_word' id='word_1_108' title='bbox 712 2043 929 2124; x_wconf 88' lang='lat' dir='ltr'>solemnem</span> <span class='ocrx_word' id='word_1_109' title='bbox 951 2044 1126 2125; x_wconf 86' lang='lat' dir='ltr'>Nuntios</span> <span class='ocrx_word' id='word_1_110' title='bbox 1142 2041 1292 2151; x_wconf 85' lang='lat' dir='ltr'>dirigat</span> <span class='ocrx_word' id='word_1_111' title='bbox 1306 2047 1513 2157; x_wconf 72' lang='lat' dir='ltr'>speciales,</span> <span class='ocrx_word' id='word_1_112' title='bbox 1528 2047 1787 2127; x_wconf 80' lang='lat' dir='ltr'>serenitatem</span> <span class='ocrx_word' id='word_1_113' title='bbox 1802 2062 1913 2128; x_wconf 91' lang='lat' dir='ltr'>tuam</span> 
     </span>
     <span class='ocr_line' id='line_1_14' title="bbox 118 2155 1916 2266; baseline 0.001 -31"><span class='ocrx_word' id='word_1_114' title='bbox 118 2183 346 2252; x_wconf 90' lang='lat' dir='ltr'>monemus,</span> <span class='ocrx_word' id='word_1_115' title='bbox 375 2173 435 2236; x_wconf 87' lang='lat' dir='ltr'>et</span> <span class='ocrx_word' id='word_1_116' title='bbox 473 2155 683 2252; x_wconf 78' lang='lat' dir='ltr'>hortamur</span> <span class='ocrx_word' id='word_1_117' title='bbox 719 2157 930 2250; x_wconf 90' lang='lat' dir='ltr'>attentius,</span> <span class='ocrx_word' id='word_1_118' title='bbox 967 2172 1165 2262; x_wconf 90' lang='lat' dir='ltr'>quatenus</span> <span class='ocrx_word' id='word_1_119' title='bbox 1201 2161 1426 2266; x_wconf 77' lang='lat' dir='ltr'>prescripto</span> <span class='ocrx_word' id='word_1_120' title='bbox 1454 2159 1626 2237; x_wconf 88' lang='lat' dir='ltr'>termino</span> <span class='ocrx_word' id='word_1_121' title='bbox 1658 2158 1742 2235; x_wconf 89' lang='lat' dir='ltr'>vita</span> <span class='ocrx_word' id='word_1_122' title='bbox 1771 2163 1916 2237; x_wconf 84' lang='lat' dir='ltr'>comite</span> 
     </span>
     <span class='ocr_line' id='line_1_15' title="bbox 118 2257 1917 2378; baseline 0.002 -32"><span class='ocrx_word' id='word_1_123' title='bbox 118 2269 230 2346; x_wconf 89' lang='lat' dir='ltr'>viros</span> <span class='ocrx_word' id='word_1_124' title='bbox 254 2264 424 2346; x_wconf 89' lang='lat' dir='ltr'>idoncos</span> <span class='ocrx_word' id='word_1_125' title='bbox 450 2263 626 2371; x_wconf 84' lang='lat' dir='ltr'>dirigere</span> <span class='ocrx_word' id='word_1_126' title='bbox 648 2291 731 2342; x_wconf 91' lang='lat' dir='ltr'>non</span> <span class='ocrx_word' id='word_1_127' title='bbox 745 2283 980 2376; x_wconf 86' lang='lat' dir='ltr'>postponas,</span> <span class='ocrx_word' id='word_1_128' title='bbox 995 2292 1069 2372; x_wconf 88' lang='lat' dir='ltr'>per</span> <span class='ocrx_word' id='word_1_129' title='bbox 1085 2291 1188 2375; x_wconf 90' lang='lat' dir='ltr'>quos</span> <span class='ocrx_word' id='word_1_130' title='bbox 1203 2257 1405 2362; x_wconf 81' lang='lat' dir='ltr'>tuebobis</span> <span class='ocrx_word' id='word_1_131' title='bbox 1421 2271 1606 2378; x_wconf 88' lang='lat' dir='ltr'>apperias</span> <span class='ocrx_word' id='word_1_132' title='bbox 1620 2261 1917 2373; x_wconf 90' lang='lat' dir='ltr'>beneplacitum</span> 
     </span>
     <span class='ocr_line' id='line_1_16' title="bbox 118 2377 1914 2486; baseline 0.001 -29"><span class='ocrx_word' id='word_1_133' title='bbox 118 2377 362 2472; x_wconf 81' lang='lat' dir='ltr'>voluntatis,</span> <span class='ocrx_word' id='word_1_134' title='bbox 391 2377 714 2486; x_wconf 84' lang='lat' dir='ltr'>quiaquantum</span> <span class='ocrx_word' id='word_1_135' title='bbox 744 2405 835 2456; x_wconf 91' lang='lat' dir='ltr'>cum</span> <span class='ocrx_word' id='word_1_136' title='bbox 868 2377 1078 2457; x_wconf 85' lang='lat' dir='ltr'>honestate</span> <span class='ocrx_word' id='word_1_137' title='bbox 1107 2377 1330 2482; x_wconf 83' lang='lat' dir='ltr'>poterimus</span> <span class='ocrx_word' id='word_1_138' title='bbox 1356 2377 1408 2458; x_wconf 88' lang='lat' dir='ltr'>ad</span> <span class='ocrx_word' id='word_1_139' title='bbox 1437 2397 1551 2458; x_wconf 90' lang='lat' dir='ltr'>tuum</span> <span class='ocrx_word' id='word_1_140' title='bbox 1566 2377 1758 2472; x_wconf 85' lang='lat' dir='ltr'>libenter,</span> <span class='ocrx_word' id='word_1_141' title='bbox 1773 2392 1815 2455; x_wconf 89' lang='lat' dir='ltr'>et</span> <span class='ocrx_word' id='word_1_142' title='bbox 1829 2377 1914 2458; x_wconf 84' lang='lat' dir='ltr'>efli-</span> 
     </span>
     <span class='ocr_line' id='line_1_17' title="bbox 115 2485 1911 2596; baseline -0.001 -28"><span class='ocrx_word' id='word_1_143' title='bbox 115 2495 269 2569; x_wconf 89' lang='lat' dir='ltr'>caciter</span> <span class='ocrx_word' id='word_1_144' title='bbox 305 2485 559 2567; x_wconf 90' lang='lat' dir='ltr'>intendemus</span> <span class='ocrx_word' id='word_1_145' title='bbox 587 2485 858 2582; x_wconf 90' lang='lat' dir='ltr'>commodum,</span> <span class='ocrx_word' id='word_1_146' title='bbox 887 2503 927 2565; x_wconf 91' lang='lat' dir='ltr'>et</span> <span class='ocrx_word' id='word_1_147' title='bbox 954 2486 1162 2570; x_wconf 85' lang='lat' dir='ltr'>honorem.</span> <span class='ocrx_word' id='word_1_148' title='bbox 1221 2487 1314 2572; x_wconf 88' lang='lat' dir='ltr'>Dat.</span> <span class='ocrx_word' id='word_1_149' title='bbox 1343 2489 1529 2570; x_wconf 88' lang='lat' dir='ltr'>Lateran.</span> <span class='ocrx_word' id='word_1_150' title='bbox 1557 2489 1666 2572; x_wconf 91' lang='lat' dir='ltr'><strong>XIII.</strong></span> <span class='ocrx_word' id='word_1_151' title='bbox 1697 2485 1787 2568; x_wconf 88' lang='lat' dir='ltr'>Kal.</span> <span class='ocrx_word' id='word_1_152' title='bbox 1816 2485 1911 2596; x_wconf 87' lang='lat' dir='ltr'>Maij</span> 
     </span>
     <span class='ocr_line' id='line_1_18' title="bbox 119 2593 1308 2710; baseline -0.004 -31"><span class='ocrx_word' id='word_1_153' title='bbox 119 2598 383 2680; x_wconf 86' lang='lat' dir='ltr'>Pontificatus</span> <span class='ocrx_word' id='word_1_154' title='bbox 413 2596 540 2678; x_wconf 84' lang='lat' dir='ltr'>nostri</span> <span class='ocrx_word' id='word_1_155' title='bbox 570 2597 690 2676; x_wconf 83' lang='lat' dir='ltr'>Anno</span> <span class='ocrx_word' id='word_1_156' title='bbox 719 2597 1009 2710; x_wconf 81' lang='lat' dir='ltr'>Sextodecimo,</span> <span class='ocrx_word' id='word_1_157' title='bbox 1304 2593 1308 2606; x_wconf 85' lang='lat'>&#39;</span> 
     </span>
    </p>
   </div>
   <div class='ocr_carea' id='block_1_7' title="bbox 131 2928 1909 3136">
    <p class='ocr_par' dir='ltr' id='par_1_7' title="bbox 131 2928 1909 3136">
     <span class='ocr_line' id='line_1_19' title="bbox 131 2928 1909 3136; baseline -0.001 -38"><span class='ocrx_word' id='word_1_158' title='bbox 131 3007 259 3132; x_wconf 73' lang='grc'>147.</span> <span class='ocrx_word' id='word_1_159' title='bbox 581 3125 583 3128; x_wconf 16' lang='lat'>¹</span> <span class='ocrx_word' id='word_1_160' title='bbox 665 2990 813 3091; x_wconf 79' lang='lat'><em>1213</em></span> <span class='ocrx_word' id='word_1_161' title='bbox 861 2989 915 3091; x_wconf 58' lang='lat' dir='ltr'>d(</span> <span class='ocrx_word' id='word_1_162' title='bbox 965 2928 1049 3136; x_wconf 70' lang='lat'>19¹</span> <span class='ocrx_word' id='word_1_163' title='bbox 1079 2988 1210 3136; x_wconf 79' lang='lat'>(29)</span> <span class='ocrx_word' id='word_1_164' title='bbox 1256 2993 1381 3136; x_wconf 87' lang='lat' dir='ltr'>Apr.</span> <span class='ocrx_word' id='word_1_165' title='bbox 1683 2991 1909 3097; x_wconf 84' lang='lat' dir='ltr'>Lateran.</span> 
     </span>
    </p>
   </div>
   <div class='ocr_carea' id='block_1_8' title="bbox 121 3205 1775 3293">
    <p class='ocr_par' dir='ltr' id='par_1_8' title="bbox 121 3205 1775 3293">
     <span class='ocr_line' id='line_1_20' title="bbox 121 3205 1775 3293; baseline 0.002 -23"><span class='ocrx_word' id='word_1_166' title='bbox 121 3239 128 3246; x_wconf 96' lang='lat'>·</span> <span class='ocrx_word' id='word_1_167' title='bbox 201 3205 295 3270; x_wconf 78' lang='lat' dir='ltr'>Pttv.</span> <span class='ocrx_word' id='word_1_168' title='bbox 316 3207 515 3270; x_wconf 73' lang='lat' dir='ltr'>Innocuam</span> <span class='ocrx_word' id='word_1_169' title='bbox 535 3208 604 3270; x_wconf 79' lang='lat' dir='ltr'>IIlts</span> <span class='ocrx_word' id='word_1_170' title='bbox 625 3209 815 3293; x_wconf 68' lang='lat' dir='ltr'>uppmaning</span> <span class='ocrx_word' id='word_1_171' title='bbox 835 3207 886 3269; x_wconf 89' lang='lat' dir='ltr'>tiII</span> <span class='ocrx_word' id='word_1_172' title='bbox 905 3217 952 3272; x_wconf 78' lang='lat' dir='ltr'>stt</span> <span class='ocrx_word' id='word_1_173' title='bbox 969 3210 1094 3273; x_wconf 74' lang='lat' dir='ltr'>ellmtnt</span> <span class='ocrx_word' id='word_1_174' title='bbox 1114 3212 1239 3291; x_wconf 73' lang='lat' dir='ltr'>tonug</span> <span class='ocrx_word' id='word_1_175' title='bbox 1260 3211 1309 3274; x_wconf 76' lang='lat' dir='ltr'>sor</span> <span class='ocrx_word' id='word_1_176' title='bbox 1329 3210 1442 3292; x_wconf 69' lang='lat' dir='ltr'>nelign</span> <span class='ocrx_word' id='word_1_177' title='bbox 1462 3208 1582 3272; x_wconf 80' lang='lat' dir='ltr'>landets</span> <span class='ocrx_word' id='word_1_178' title='bbox 1601 3211 1775 3274; x_wconf 67' lang='lat' dir='ltr'>hun-nde.</span> 
     </span>
    </p>
   </div>
   <div class='ocr_carea' id='block_1_9' title="bbox 1134 3370 1895 3444">
    <p class='ocr_par' dir='ltr' id='par_1_9' title="bbox 1134 3370 1895 3444">
     <span class='ocr_line' id='line_1_21' title="bbox 1134 3370 1895 3444; baseline 0.004 -19"><span class='ocrx_word' id='word_1_179' title='bbox 1134 3373 1165 3425; x_wconf 83' lang='lat' dir='ltr'>F.</span> <span class='ocrx_word' id='word_1_180' title='bbox 1186 3390 1207 3427; x_wconf 88' lang='grc' dir='ltr'>ι.</span> <span class='ocrx_word' id='word_1_181' title='bbox 1233 3381 1271 3444; x_wconf 57' lang='lat'>¹9</span> <span class='ocrx_word' id='word_1_182' title='bbox 1294 3373 1330 3427; x_wconf 81' lang='lat' dir='ltr'>K.</span> <span class='ocrx_word' id='word_1_183' title='bbox 1350 3390 1386 3426; x_wconf 82' lang='lat' dir='ltr'>n.</span> <span class='ocrx_word' id='word_1_184' title='bbox 1404 3384 1428 3425; x_wconf 79' lang='lat' dir='ltr'>a:</span> <span class='ocrx_word' id='word_1_185' title='bbox 1446 3371 1504 3444; x_wconf 76' lang='lat'>7⁵²·</span> <span class='ocrx_word' id='word_1_186' title='bbox 1526 3370 1581 3427; x_wconf 76' lang='lat' dir='ltr'>An.</span> <span class='ocrx_word' id='word_1_187' title='bbox 1602 3376 1641 3428; x_wconf 76' lang='grc' dir='ltr'>ιδ.</span> <span class='ocrx_word' id='word_1_188' title='bbox 1660 3371 1712 3441; x_wconf 80' lang='lat' dir='ltr'>Ep.</span> <span class='ocrx_word' id='word_1_189' title='bbox 1735 3375 1777 3428; x_wconf 74' lang='lat' dir='ltr'>ss.</span> <span class='ocrx_word' id='word_1_190' title='bbox 1892 3409 1895 3418; x_wconf 36' lang='grc' dir='ltr'><strong>ψ</strong></span> 
     </span>
    </p>
   </div>
   <div class='ocr_carea' id='block_1_10' title="bbox 287 3475 1911 3698">
    <p class='ocr_par' dir='ltr' id='par_1_10' title="bbox 287 3475 1911 3698">
     <span class='ocr_line' id='line_1_22' title="bbox 287 3475 1911 3616; baseline 0.002 -31"><span class='ocrx_word' id='word_1_191' title='bbox 287 3506 537 3614; x_wconf 81' lang='lat' dir='ltr'>Innocentius</span> <span class='ocrx_word' id='word_1_192' title='bbox 565 3507 648 3586; x_wconf 89' lang='lat' dir='ltr'><strong>III.</strong></span> <span class='ocrx_word' id='word_1_193' title='bbox 685 3475 838 3600; x_wconf 80' lang='lat' dir='ltr'>Christi</span> <span class='ocrx_word' id='word_1_194' title='bbox 866 3507 1012 3611; x_wconf 78' lang='lat' dir='ltr'>fideles</span> <span class='ocrx_word' id='word_1_195' title='bbox 1040 3537 1117 3616; x_wconf 86' lang='lat' dir='ltr'>per</span> <span class='ocrx_word' id='word_1_196' title='bbox 1143 3481 1329 3588; x_wconf 80' lang='lat' dir='ltr'>Suetium</span> <span class='ocrx_word' id='word_1_197' title='bbox 1364 3513 1593 3589; x_wconf 86' lang='lat' dir='ltr'>constitutos</span> <span class='ocrx_word' id='word_1_198' title='bbox 1627 3511 1813 3590; x_wconf 79' lang='lat' dir='ltr'>hortatur</span> <span class='ocrx_word' id='word_1_199' title='bbox 1854 3507 1911 3588; x_wconf 68' lang='lat' dir='ltr'>orl</span> 
     </span>
     <span class='ocr_line' id='line_1_23' title="bbox 322 3617 1673 3698; baseline 0.005 -2"><span class='ocrx_word' id='word_1_200' title='bbox 322 3619 461 3698; x_wconf 74' lang='lat' dir='ltr'>Terret</span> <span class='ocrx_word' id='word_1_201' title='bbox 488 3617 649 3696; x_wconf 75' lang='lat' dir='ltr'>Sanctus</span> <span class='ocrx_word' id='word_1_202' title='bbox 677 3619 903 3698; x_wconf 70' lang='lat' dir='ltr'>subsidiem·</span> <span class='ocrx_word' id='word_1_203' title='bbox 1668 3675 1673 3686; x_wconf 90' lang='lat'><strong>·</strong></span> 
     </span>
    </p>
   </div>
   <div class='ocr_carea' id='block_1_11' title="bbox 112 3759 1909 3992">
    <p class='ocr_par' dir='ltr' id='par_1_11' title="bbox 112 3759 1909 3992">
     <span class='ocr_line' id='line_1_24' title="bbox 291 3759 1909 3870; baseline 0.003 -31"><span class='ocrx_word' id='word_1_204' title='bbox 291 3761 540 3841; x_wconf 86' lang='lat' dir='ltr'>Irmoceutius</span> <span class='ocrx_word' id='word_1_205' title='bbox 582 3759 799 3870; x_wconf 77' lang='lat' dir='ltr'>Episcopus</span> <span class='ocrx_word' id='word_1_206' title='bbox 836 3761 989 3840; x_wconf 79' lang='lat' dir='ltr'>Seruus</span> <span class='ocrx_word' id='word_1_207' title='bbox 1025 3760 1245 3840; x_wconf 77' lang='lat' dir='ltr'>Servorum</span> <span class='ocrx_word' id='word_1_208' title='bbox 1282 3760 1364 3840; x_wconf 88' lang='lat' dir='ltr'>Dei</span> <span class='ocrx_word' id='word_1_209' title='bbox 1397 3763 1560 3842; x_wconf 63' lang='lat' dir='ltr'>Detecto</span> <span class='ocrx_word' id='word_1_210' title='bbox 1578 3763 1684 3866; x_wconf 78' lang='lat' dir='ltr'>filiis</span> <span class='ocrx_word' id='word_1_211' title='bbox 1710 3769 1909 3845; x_wconf 74' lang='lat' dir='ltr'>uniuersis</span> 
     </span>
     <span class='ocr_line' id='line_1_25' title="bbox 112 3871 1908 3992; baseline -0.001 -39"><span class='ocrx_word' id='word_1_212' title='bbox 112 3874 272 3953; x_wconf 76' lang='lat' dir='ltr'>Christi</span> <span class='ocrx_word' id='word_1_213' title='bbox 286 3871 480 3976; x_wconf 82' lang='lat' dir='ltr'>fidelibus</span> <span class='ocrx_word' id='word_1_214' title='bbox 502 3899 579 3980; x_wconf 84' lang='lat' dir='ltr'>per</span> <span class='ocrx_word' id='word_1_215' title='bbox 606 3873 811 3952; x_wconf 81' lang='lat' dir='ltr'>Suescicm</span> <span class='ocrx_word' id='word_1_216' title='bbox 832 3876 1052 3952; x_wconf 75' lang='lat' dir='ltr'>constantis</span> <span class='ocrx_word' id='word_1_217' title='bbox 1076 3871 1908 3992; x_wconf 77' lang='lat' dir='ltr'>Salutemctupostolicomheuedictionem.</span> 
     </span>
    </p>
   </div>
   <div class='ocr_carea' id='block_1_12' title="bbox 110 4012 1929 5019">
    <p class='ocr_par' dir='ltr' id='par_1_12' title="bbox 110 4012 1929 5019">
     <span class='ocr_line' id='line_1_26' title="bbox 288 4012 1909 4122; baseline 0 -30"><span class='ocrx_word' id='word_1_218' title='bbox 288 4014 394 4116; x_wconf 85' lang='lat' dir='ltr'>Quia</span> <span class='ocrx_word' id='word_1_219' title='bbox 423 4012 552 4120; x_wconf 89' lang='lat' dir='ltr'>major</span> <span class='ocrx_word' id='word_1_220' title='bbox 571 4019 690 4093; x_wconf 84' lang='lat' dir='ltr'>&#39;nunc</span> <span class='ocrx_word' id='word_1_221' title='bbox 719 4015 842 4092; x_wconf 90' lang='lat' dir='ltr'>instat</span> <span class='ocrx_word' id='word_1_222' title='bbox 869 4013 1098 4108; x_wconf 84' lang='lat' dir='ltr'>necessitas,</span> <span class='ocrx_word' id='word_1_223' title='bbox 1128 4038 1249 4121; x_wconf 92' lang='lat' dir='ltr'>quam</span> <span class='ocrx_word' id='word_1_224' title='bbox 1277 4039 1469 4122; x_wconf 88' lang='lat' dir='ltr'>umquam</span> <span class='ocrx_word' id='word_1_225' title='bbox 1496 4013 1700 4108; x_wconf 85' lang='lat' dir='ltr'>institerit,</span> <span class='ocrx_word' id='word_1_226' title='bbox 1728 4029 1775 4090; x_wconf 88' lang='lat' dir='ltr'>ut</span> <span class='ocrx_word' id='word_1_227' title='bbox 1802 4025 1909 4092; x_wconf 78' lang='lat' dir='ltr'>terre</span> 
     </span>
     <span class='ocr_line' id='line_1_27' title="bbox 113 4121 1907 4233; baseline -0.003 -25"><span class='ocrx_word' id='word_1_228' title='bbox 113 4131 268 4208; x_wconf 78' lang='lat' dir='ltr'>Sancte</span> <span class='ocrx_word' id='word_1_229' title='bbox 297 4123 600 4203; x_wconf 86' lang='lat' dir='ltr'>necessitatibus</span> <span class='ocrx_word' id='word_1_230' title='bbox 624 4140 908 4220; x_wconf 89' lang='lat' dir='ltr'>succurratur,</span> <span class='ocrx_word' id='word_1_231' title='bbox 936 4139 976 4202; x_wconf 91' lang='lat' dir='ltr'>et</span> <span class='ocrx_word' id='word_1_232' title='bbox 1005 4122 1055 4203; x_wconf 91' lang='lat' dir='ltr'>de</span> <span class='ocrx_word' id='word_1_233' title='bbox 1083 4151 1275 4204; x_wconf 89' lang='lat' dir='ltr'>succursu</span> <span class='ocrx_word' id='word_1_234' title='bbox 1302 4123 1489 4230; x_wconf 80' lang='lat' dir='ltr'>&#39;speratur</span> <span class='ocrx_word' id='word_1_235' title='bbox 1516 4121 1663 4230; x_wconf 86' lang='lat' dir='ltr'>major,</span> <span class='ocrx_word' id='word_1_236' title='bbox 1683 4150 1805 4233; x_wconf 91' lang='lat' dir='ltr'>quam</span> <span class='ocrx_word' id='word_1_237' title='bbox 1817 4147 1907 4203; x_wconf 88' lang='lat' dir='ltr'>um·</span> 
     </span>
     <span class='ocr_line' id='line_1_28' title="bbox 112 4228 1929 4350; baseline -0.002 -32"><span class='ocrx_word' id='word_1_238' title='bbox 112 4264 242 4350; x_wconf 87' lang='lat' dir='ltr'>quam</span> <span class='ocrx_word' id='word_1_239' title='bbox 258 4235 492 4342; x_wconf 87' lang='lat' dir='ltr'>provenerit</span> <span class='ocrx_word' id='word_1_240' title='bbox 507 4235 659 4316; x_wconf 86' lang='lat' dir='ltr'>utilitas</span> <span class='ocrx_word' id='word_1_241' title='bbox 675 4251 933 4343; x_wconf 88' lang='lat' dir='ltr'>proventura.</span> <span class='ocrx_word' id='word_1_242' title='bbox 951 4235 1053 4313; x_wconf 85' lang='lat' dir='ltr'>Ecce</span> <span class='ocrx_word' id='word_1_243' title='bbox 1068 4251 1274 4344; x_wconf 87' lang='lat' dir='ltr'>resumpto</span> <span class='ocrx_word' id='word_1_244' title='bbox 1286 4234 1461 4313; x_wconf 87' lang='lat' dir='ltr'>clamore</span> <span class='ocrx_word' id='word_1_245' title='bbox 1475 4231 1691 4312; x_wconf 87' lang='lat' dir='ltr'>clamamus</span> <span class='ocrx_word' id='word_1_246' title='bbox 1705 4228 1757 4312; x_wconf 90' lang='lat' dir='ltr'>ad</span> <span class='ocrx_word' id='word_1_247' title='bbox 1772 4257 1854 4331; x_wconf 85' lang='lat' dir='ltr'>vos,</span> <span class='ocrx_word' id='word_1_248' title='bbox 1866 4245 1908 4311; x_wconf 89' lang='lat' dir='ltr'>et</span> <span class='ocrx_word' id='word_1_249' title='bbox 1927 4304 1929 4314; x_wconf 92' lang='lat'><em>.</em></span> 
     </span>
     <span class='ocr_line' id='line_1_29' title="bbox 113 4341 1908 4458; baseline -0.003 -30"><span class='ocrx_word' id='word_1_250' title='bbox 113 4373 196 4458; x_wconf 89' lang='lat' dir='ltr'>pro</span> <span class='ocrx_word' id='word_1_251' title='bbox 227 4345 296 4425; x_wconf 92' lang='lat' dir='ltr'>illo</span> <span class='ocrx_word' id='word_1_252' title='bbox 323 4345 559 4442; x_wconf 89' lang='lat' dir='ltr'>clamamus,</span> <span class='ocrx_word' id='word_1_253' title='bbox 588 4346 659 4455; x_wconf 89' lang='lat' dir='ltr'>qui</span> <span class='ocrx_word' id='word_1_254' title='bbox 688 4344 898 4425; x_wconf 91' lang='lat' dir='ltr'>moriendo</span> <span class='ocrx_word' id='word_1_255' title='bbox 926 4371 1024 4424; x_wconf 90' lang='lat' dir='ltr'>voce</span> <span class='ocrx_word' id='word_1_256' title='bbox 1055 4373 1200 4452; x_wconf 85' lang='lat' dir='ltr'>magna</span> <span class='ocrx_word' id='word_1_257' title='bbox 1231 4345 1420 4424; x_wconf 88' lang='lat' dir='ltr'>clamavit</span> <span class='ocrx_word' id='word_1_258' title='bbox 1433 4345 1476 4426; x_wconf 89' lang='lat' dir='ltr'>in</span> <span class='ocrx_word' id='word_1_259' title='bbox 1503 4342 1642 4439; x_wconf 81' lang='lat' dir='ltr'>eruce,</span> <span class='ocrx_word' id='word_1_260' title='bbox 1669 4341 1798 4422; x_wconf 86' lang='lat' dir='ltr'>factus</span> <span class='ocrx_word' id='word_1_261' title='bbox 1812 4343 1908 4422; x_wconf 82' lang='lat' dir='ltr'>obe·</span> 
     </span>
     <span class='ocr_line' id='line_1_30' title="bbox 110 4451 1908 4572; baseline -0.005 -31"><span class='ocrx_word' id='word_1_262' title='bbox 110 4459 235 4541; x_wconf 81' lang='lat' dir='ltr'>dIens</span> <span class='ocrx_word' id='word_1_263' title='bbox 264 4456 350 4532; x_wconf 88' lang='lat' dir='ltr'>Deo</span> <span class='ocrx_word' id='word_1_264' title='bbox 365 4456 475 4534; x_wconf 89' lang='lat' dir='ltr'>Patri</span> <span class='ocrx_word' id='word_1_265' title='bbox 489 4482 617 4572; x_wconf 87' lang='lat' dir='ltr'>usque</span> <span class='ocrx_word' id='word_1_266' title='bbox 632 4453 684 4534; x_wconf 88' lang='lat' dir='ltr'>ad</span> <span class='ocrx_word' id='word_1_267' title='bbox 699 4471 868 4535; x_wconf 89' lang='lat' dir='ltr'>mortem</span> <span class='ocrx_word' id='word_1_268' title='bbox 883 4457 1035 4552; x_wconf 88' lang='lat' dir='ltr'>Crucis,</span> <span class='ocrx_word' id='word_1_269' title='bbox 1051 4455 1238 4550; x_wconf 89' lang='lat' dir='ltr'>clamans,</span> <span class='ocrx_word' id='word_1_270' title='bbox 1254 4471 1300 4534; x_wconf 89' lang='lat' dir='ltr'>ut</span> <span class='ocrx_word' id='word_1_271' title='bbox 1313 4481 1387 4534; x_wconf 91' lang='lat' dir='ltr'>nos</span> <span class='ocrx_word' id='word_1_272' title='bbox 1406 4452 1458 4533; x_wconf 90' lang='lat' dir='ltr'>ab</span> <span class='ocrx_word' id='word_1_273' title='bbox 1473 4467 1609 4532; x_wconf 88' lang='lat' dir='ltr'>eterne</span> <span class='ocrx_word' id='word_1_274' title='bbox 1624 4453 1764 4532; x_wconf 90' lang='lat' dir='ltr'>mortis</span> <span class='ocrx_word' id='word_1_275' title='bbox 1777 4451 1908 4559; x_wconf 84' lang='lat' dir='ltr'>crIpe·</span> 
     </span>
     <span class='ocr_line' id='line_1_31' title="bbox 111 4562 1909 4678; baseline -0.005 -28"><span class='ocrx_word' id='word_1_276' title='bbox 111 4584 183 4650; x_wconf 88' lang='lat' dir='ltr'>ret</span> <span class='ocrx_word' id='word_1_277' title='bbox 211 4566 404 4646; x_wconf 86' lang='lat' dir='ltr'>cruciatu.</span> <span class='ocrx_word' id='word_1_278' title='bbox 435 4566 518 4668; x_wconf 86' lang='lat' dir='ltr'>Qui</span> <span class='ocrx_word' id='word_1_279' title='bbox 545 4565 689 4646; x_wconf 87' lang='lat' dir='ltr'>clamat</span> <span class='ocrx_word' id='word_1_280' title='bbox 717 4569 836 4646; x_wconf 90' lang='lat' dir='ltr'>etiam</span> <span class='ocrx_word' id='word_1_281' title='bbox 851 4593 925 4678; x_wconf 91' lang='lat' dir='ltr'>per</span> <span class='ocrx_word' id='word_1_282' title='bbox 939 4592 982 4644; x_wconf 90' lang='lat' dir='ltr'>se</span> <span class='ocrx_word' id='word_1_283' title='bbox 996 4567 1127 4674; x_wconf 89' lang='lat' dir='ltr'>ipsum</span> <span class='ocrx_word' id='word_1_284' title='bbox 1142 4582 1182 4644; x_wconf 91' lang='lat' dir='ltr'>et</span> <span class='ocrx_word' id='word_1_285' title='bbox 1197 4563 1313 4660; x_wconf 87' lang='lat' dir='ltr'>dicit,</span> <span class='ocrx_word' id='word_1_286' title='bbox 1327 4565 1467 4673; x_wconf 86' lang='lat' dir='ltr'>siquis</span> <span class='ocrx_word' id='word_1_287' title='bbox 1481 4563 1567 4643; x_wconf 86' lang='lat' dir='ltr'>vult</span> <span class='ocrx_word' id='word_1_288' title='bbox 1588 4576 1681 4670; x_wconf 90' lang='lat' dir='ltr'>post</span> <span class='ocrx_word' id='word_1_289' title='bbox 1695 4562 1909 4668; x_wconf 77' lang='lat' dir='ltr'>mevenire</span> 
     </span>
     <span class='ocr_line' id='line_1_32' title="bbox 111 4671 1906 4805; baseline -0.006 -44"><span class='ocrx_word' id='word_1_290' title='bbox 111 4681 294 4785; x_wconf 86' lang='lat' dir='ltr'>abneget</span> <span class='ocrx_word' id='word_1_291' title='bbox 329 4677 587 4782; x_wconf 88' lang='lat' dir='ltr'>semetipsum</span> <span class='ocrx_word' id='word_1_292' title='bbox 615 4693 655 4757; x_wconf 91' lang='lat' dir='ltr'>et</span> <span class='ocrx_word' id='word_1_293' title='bbox 682 4676 799 4757; x_wconf 90' lang='lat' dir='ltr'>tollat</span> <span class='ocrx_word' id='word_1_294' title='bbox 826 4702 987 4757; x_wconf 90' lang='lat' dir='ltr'>crucem</span> <span class='ocrx_word' id='word_1_295' title='bbox 1022 4704 1152 4772; x_wconf 85' lang='lat' dir='ltr'>suam,</span> <span class='ocrx_word' id='word_1_296' title='bbox 1188 4691 1228 4755; x_wconf 87' lang='lat' dir='ltr'>ct</span> <span class='ocrx_word' id='word_1_297' title='bbox 1265 4691 1460 4805; x_wconf 73' lang='lat' dir='ltr'>sequatur</span> <span class='ocrx_word' id='word_1_298' title='bbox 1498 4693 1580 4768; x_wconf 85' lang='lat' dir='ltr'>mc,</span> <span class='ocrx_word' id='word_1_299' title='bbox 1614 4699 1661 4751; x_wconf 89' lang='lat' dir='ltr'>ac</span> <span class='ocrx_word' id='word_1_300' title='bbox 1692 4671 1727 4750; x_wconf 89' lang='lat' dir='ltr'>si</span> <span class='ocrx_word' id='word_1_301' title='bbox 1755 4671 1906 4752; x_wconf 85' lang='lat' dir='ltr'>diceret</span> 
     </span>
     <span class='ocr_line' id='line_1_33' title="bbox 111 4777 1906 4898; baseline -0.007 -27"><span class='ocrx_word' id='word_1_302' title='bbox 111 4787 382 4871; x_wconf 83' lang='lat' dir='ltr'>manifestius.</span> <span class='ocrx_word' id='word_1_303' title='bbox 413 4785 496 4888; x_wconf 87' lang='lat' dir='ltr'>Qui</span> <span class='ocrx_word' id='word_1_304' title='bbox 525 4787 612 4865; x_wconf 81' lang='lat' dir='ltr'>vult</span> <span class='ocrx_word' id='word_1_305' title='bbox 641 4813 704 4867; x_wconf 90' lang='lat' dir='ltr'>me</span> <span class='ocrx_word' id='word_1_306' title='bbox 723 4787 915 4898; x_wconf 87' lang='lat' dir='ltr'>subsequi</span> <span class='ocrx_word' id='word_1_307' title='bbox 941 4784 994 4866; x_wconf 90' lang='lat' dir='ltr'>ad</span> <span class='ocrx_word' id='word_1_308' title='bbox 1023 4783 1233 4884; x_wconf 86' lang='lat' dir='ltr'>coronam,</span> <span class='ocrx_word' id='word_1_309' title='bbox 1261 4809 1336 4864; x_wconf 89' lang='lat' dir='ltr'>me·</span> <span class='ocrx_word' id='word_1_310' title='bbox 1358 4807 1524 4892; x_wconf 87' lang='lat' dir='ltr'>quoque</span> <span class='ocrx_word' id='word_1_311' title='bbox 1556 4780 1826 4892; x_wconf 80' lang='lat' dir='ltr'>subsequatur</span> <span class='ocrx_word' id='word_1_312' title='bbox 1853 4777 1906 4873; x_wconf 81' lang='lat' dir='ltr'>ad</span> 
     </span>
     <span class='ocr_line' id='line_1_34' title="bbox 111 4891 1906 5019; baseline -0.005 -38"><span class='ocrx_word' id='word_1_313' title='bbox 111 4921 428 5014; x_wconf 70' lang='lat' dir='ltr'>pugnamque</span> <span class='ocrx_word' id='word_1_314' title='bbox 457 4923 566 4978; x_wconf 91' lang='lat' dir='ltr'>nunc</span> <span class='ocrx_word' id='word_1_315' title='bbox 597 4895 650 4977; x_wconf 90' lang='lat' dir='ltr'>ad</span> <span class='ocrx_word' id='word_1_316' title='bbox 674 4896 956 5007; x_wconf 86' lang='lat' dir='ltr'>probationem</span> <span class='ocrx_word' id='word_1_317' title='bbox 984 4898 1229 5006; x_wconf 87' lang='lat' dir='ltr'>proponitur</span> <span class='ocrx_word' id='word_1_318' title='bbox 1243 4895 1470 4996; x_wconf 67' lang='lat' dir='ltr'>Vniuersis3</span> <span class='ocrx_word' id='word_1_319' title='bbox 1485 4893 1765 5019; x_wconf 72' lang='lat' dir='ltr'>poteratenim</span> <span class='ocrx_word' id='word_1_320' title='bbox 1779 4891 1906 5014; x_wconf 58' lang='lat' dir='ltr'>omnis</span> 
     </span>
    </p>
   </div>
   <div class='ocr_carea' id='block_1_13' title="bbox 258 5013 1852 5170">
    <p class='ocr_par' dir='ltr' id='par_1_13' title="bbox 258 5013 1852 5170">
     <span class='ocr_line' id='line_1_35' title="bbox 258 5013 1852 5114; baseline 0.015 -24"><span class='ocrx_word' id='word_1_321' title='bbox 258 5040 306 5092; x_wconf 72' lang='lat' dir='ltr'>ss.</span> <span class='ocrx_word' id='word_1_322' title='bbox 325 5035 406 5108; x_wconf 69' lang='lat' dir='ltr'>rat.</span> <span class='ocrx_word' id='word_1_323' title='bbox 623 5077 624 5081; x_wconf 63' lang='lat'>,</span> <span class='ocrx_word' id='word_1_324' title='bbox 1527 5044 1530 5052; x_wconf 81' lang='grc'>’</span> <span class='ocrx_word' id='word_1_325' title='bbox 1592 5013 1596 5027; x_wconf 64' lang='grc'><strong>’</strong></span> <span class='ocrx_word' id='word_1_326' title='bbox 1649 5015 1724 5075; x_wconf 60' lang='grc' dir='ltr'>Μ’</span> <span class='ocrx_word' id='word_1_327' title='bbox 1849 5107 1852 5114; x_wconf 92' lang='grc'>.</span> 
     </span>
     <span class='ocr_line' id='line_1_36' title="bbox 1562 5127 1631 5170; baseline 0 -32"><span class='ocrx_word' id='word_1_328' title='bbox 1562 5127 1631 5170; x_wconf 27' lang='lat'>,2</span> 
     </span>
    </p>
   </div>
   <div class='ocr_carea' id='block_1_14' title="bbox 0 0 2188 5942">
    <p class='ocr_par' dir='ltr' id='par_1_14' title="bbox 0 0 2188 5942">
     <span class='ocr_line' id='line_1_37' title="bbox 0 0 2188 5942; baseline 0 0"><span class='ocrx_word' id='word_1_329' title='bbox 0 0 2188 5942; x_wconf 95' lang='lat' dir='ltr'> </span> 
     </span>
    </p>
   </div>
  </div>
 </body>
</html>
