4404 5960
731 480 739 497 s
801 450 858 470 -
969 407 1044 506 dir
1162 451 1218 475 -

132 642 253 752 528.
752 557 905 749 1¹268
952 639 1002 744 d.
1058 639 1125 745 13
1172 639 1280 745 Jan.

195 861 274 926 Brel
290 859 329 922 al
344 859 452 923 Abbot
472 860 548 924 Nus
568 861 578 920 i
600 861 627 922 N
650 857 723 923 dala
743 857 877 922 rdrande
898 858 938 920 dc
959 859 997 920 af
1012 857 1142 922 llcstret
1162 857 1210 926 till
1231 855 1358 920 Brudde
1379 855 1519 920 ausdde
1540 857 1644 938 letters
1665 859 1756 924 siidra
1775 859 1909 931 delenal

247 943 398 1007 Nutahult
418 941 479 1005 och
501 943 611 1026 sjoary
654 944 664 1004 i
685 942 794 1024 utbyte
815 953 882 1004 mot
902 941 1067 1026 Holkaryd
1088 941 1148 1004 och
1169 940 1389 1020 sin-dabam,
1411 941 1484 1004 med
1500 951 1625 1024 grfinser
1646 943 1707 1008 och
1716 945 1910 1012 l'o'resluister

246 1028 297 1090 liir
318 1025 476 1112 nyttjande
496 1035 595 1088 ratten
616 1025 655 1088 af
670 1024 801 1088 andelcn
822 1029 833 1087 i
854 1023 1013 1094 Nutahult.

1476 1138 1512 1194 A.
1530 1135 1553 1194 3.
1576 1157 1603 1194 x.
1625 1141 1710 1213 1:44.
1732 1143 1775 1213 a).

280 1278 491 1358 Vniuersis
526 1294 730 1386 presentes
759 1277 911 1359 litteras
939 1276 1179 1384 inspecturis
1208 1277 1351 1358 Fnater
1382 1277 1429 1357 N.
1460 1275 1589 1359 dictus
1619 1277 1745 1358 abhas
1773 1282 1910 1364 Noue-

42 1451 44 1456 ν
125 1389 231 1474 uallis
259 1407 449 1499 totusque
478 1387 656 1469 eiusdem
687 1387 766 1468 loci
802 1403 1026 1468 conuentus
1068 1389 1235 1468 salutem
1264 1390 1307 1468 in
1335 1389 1514 1469 omnium
1548 1389 1760 1471 saluatore.
1819 1393 1911 1494 Qua

125 1517 312 1613 geruntur
342 1503 385 1580 in
413 1518 596 1608 tempore
624 1527 677 1579 ne
708 1499 898 1581 labantur
927 1529 1017 1580 cum
1045 1517 1226 1608 tempore
1255 1501 1354 1608 poni
1384 1499 1514 1580 solent
1534 1500 1575 1579 in
1593 1501 1730 1610 lingua
1746 1503 1908 1588 testium

125 1613 313 1722 &scripti
342 1613 532 1694 memoria
563 1611 818 1719 perhennarj.
864 1610 973 1690 Sciat
1000 1613 1125 1719 igitur
1140 1612 1392 1720 presencium
1408 1628 1493 1692 etas
1508 1616 1549 1691 8c
1563 1633 1779 1720 cognoscat
1798 1613 1910 1698 futu·
1969 1639 1981 1670 ²

125 1752 255 1808 rorum
286 1725 510 1833 posteritas
542 1718 655 1832 quod
684 1749 757 1804 nos
785 1749 877 1803 eum
892 1723 981 1801 viro
1005 1721 1182 1832 quodam
1199 1720 1361 1803 Brudda
1382 1725 1543 1804 nomine
1559 1723 1840 1805 concambium
1854 1728 1911 1810 fe·

27 1865 33 1872 “
123 1839 246 1918 cimus
271 1833 480 1943 cujusdam
509 1832 770 1942 possessionis
798 1849 936 1912 nostre
965 1833 1151 1914 videlicet
1190 1835 1376 1914 australis
1420 1839 1546 1942 partis
1576 1835 1626 1916 de
1654 1835 1912 1919 natabula&
1948 1890 1951 1904 ·

115 1948 281 2050 ,alterius
303 1974 424 2054 quam
449 1943 698 2053 possedimus
719 1944 748 2059 ¹)
761 1945 803 2024 in
819 1943 1021 2042 Sioar'yth.
1036 1943 1276 2053 pro‘prediis
1292 1972 1372 2054 que
1396 1947 1619 2053 possiderat
1633 1947 1675 2025 in
1695 1944 1929 2048 hulcarirtb

92 2120 94 2127 =
123 2067 160 2141 &
185 2057 410 2139 Scardabec
443 2083 493 2170 ex
523 2072 697 2165 utraque
726 2072 840 2163 parte
869 2057 1206 2162 composicionem
1222 2057 1454 2138 huiusmodi
1471 2056 1672 2138 facientes.
1690 2057 1747 2136 Vt
1761 2058 1914 2142 scilicet

122 2163 193 2280 pro
223 2171 304 2250 suis
333 2166 576 2277 prediisque
591 2169 785 2248 hactenus
803 2165 1048 2247 hereditario
1064 2169 1150 2248 iure
1166 2167 1398 2274 possederat
1412 2169 1456 2247 in
1472 2167 1669 2254 domibus.
1687 2170 1804 2276 agris.
1818 2187 1913 2281 pra·
2033 2185 2037 2192 “

122 2284 179 2362 tis.
195 2277 482 2362 nemoribus&
496 2277 684 2359 omnibus
701 2278 964 2386 pertinentiis.
983 2279 1067 2384 ipse
1084 2279 1268 2386 predium
1286 2295 1467 2360 nostrum
1485 2279 1528 2358 in
1542 2278 1736 2374 sioarirth.
1747 2287 1786 2360 &
1801 2313 1914 2364 man·

122 2397 270 2476 sionem
299 2389 515 2472 australem
543 2391 587 2468 in
614 2388 806 2470 nutahult
834 2390 1006 2496 accipiat
1034 2390 1113 2496 hijs
1140 2391 1318 2471 terminis
1347 2391 1700 2498 circumscriptam.
1731 2394 1782 2475 ab
1797 2396 1915 2504 aqui-

122 2503 252 2612 lonarj
280 2519 397 2613 parte
425 2501 621 2582 terminus
650 2502 729 2580 erit
757 2501 897 2598 inuia
926 2529 1004 2610 que
1035 2500 1147 2582 ducit
1175 2501 1226 2582 ad
1269 2503 1485 2582 ecclesiam.
1536 2501 1587 2580 ab
1615 2504 1802 2584 orientali
1843 2533 1914 2586 ue-

44 2627 47 2634 '
122 2645 167 2697 ro
194 2632 322 2724 parte.
350 2613 416 2722 uel
440 2612 606 2694 australi
633 2615 718 2693 siue
747 2615 871 2692 eciam
900 2610 1144 2720 occidentalj
1173 2614 1333 2720 terminj
1362 2630 1458 2693 sunt
1482 2612 1569 2695 loca
1584 2615 1740 2721 sepium
1754 2633 1915 2699 nostra·

122 2755 207 2808 rum
236 2727 386 2808 ibidem
416 2726 641 2834 antiquitus
669 2730 903 2832 positarum.
934 2751 1056 2832 super
1085 2725 1158 2804 hec
1187 2721 1379 2806 adicimus
1411 2726 1448 2804 ei
1462 2733 1623 2833 pratum
1637 2725 1750 2833 quod
1764 2726 1915 2810 dicitur
1997 2719 2003 2730 ’

122 2837 257 2920 madin
285 2835 506 2919 secundum
550 2833 664 2948 quod
699 2833 820 2918 modo
848 2833 1014 2916 uidetur
1048 2837 1285 2944 contingere
1326 2837 1466 2916 siluam
1494 2854 1685 2918 nostram.
1739 2840 1916 2948 Jnsuper

121 2979 208 3044 sues
225 2948 412 3058 proprias
425 2975 527 3057 quas
541 2947 731 3030 habuerit
758 2945 908 3027 ibidem
928 2947 970 3026 in
1000 2946 1100 3026 silua
1129 2967 1268 3028 nostra
1291 2947 1486 3031 ¹nutahult
1512 2948 1547 3026 si
1575 2948 1692 3057 copia
1707 2949 1915 3054 glandium

92 3058 479 3143 ‘fueritssrher'edes
494 3061 557 3139 sui
572 3075 664 3167 post
678 3087 770 3138 eum
789 3057 820 3171 ²)
836 3058 962 3138 libere
991 3059 1314 3167 impinguabunt
1359 3061 1544 3138 Preterea
1575 3057 1685 3166 ligna
1720 3063 1915 3169 quercina
2044 3095 2046 3108 ⁴

117 3202 197 3283 que
227 3191 371 3282 sponte
401 3172 622 3252 ceciderint
650 3172 694 3250 in
723 3167 864 3250 eadem
892 3170 1003 3250 silua.
1033 3185 1191 3278 pastum
1215 3169 1446 3251 animalium
1474 3175 1513 3250 8r
1542 3196 1736 3276 pecorum
1749 3199 1916 3256 suorum

118 3284 433 3366 &succisionem
449 3281 793 3363 infructuosarum
809 3281 1002 3362 arborum
1017 3281 1069 3362 ad
1085 3281 1325 3363 edificandas
1340 3278 1480 3361 domos
1495 3283 1643 3370 suasin
1658 3285 1918 3391 possessioni-

116 3397 197 3478 bus
224 3395 460 3478 memoratis.
485 3392 626 3473 damus
647 3393 775 3474 eidem
792 3392 1063 3485 &heredibus
1077 3394 1169 3474 suis.
1200 3397 1334 3503 Apum
1356 3392 1477 3473 etiam
1493 3394 1746 3475 uenationem
1761 3401 1801 3476 St
1815 3399 1916 3478 Ani·

116 3509 283 3589 malium
298 3505 446 3586 ibidem
460 3504 669 3586 habebunt
685 3503 808 3584 libere
824 3532 978 3612 semper
994 3505 1036 3584 in
1052 3523 1258 3613 posterum
1274 3505 1461 3614 &quiete
1479 3502 1522 3616 ³).
1538 3504 1757 3588 Habebunt
1774 3507 1806 3620 ⁴)
1835 3509 1915 3590 eei·

116 3649 183 3699 am
220 3635 420 3699 accessum
449 3615 621 3696 liberum
649 3613 701 3694 ad
738 3642 967 3695 communes
995 3615 1116 3696 siluas
1146 3615 1245 3698 llatu
1279 3615 1467 3696 uidelicet
1487 3613 1720 3697 &frustasa
1734 3646 1783 3700 ex
1798 3638 1915 3728 parte

116 3731 252 3840 predij
273 3726 384 3839 quod
402 3757 422 3806 a
439 3725 558 3808 nobis
573 3727 776 3834 recipiunt
791 3726 834 3805 in
849 3726 1043 3825 sioarirth.
1059 3728 1280 3808 secundum
1295 3727 1406 3838 quod
1421 3726 1572 3807 habent
1587 3727 1656 3835 alij
1671 3756 1916 3836 possessores

114 3844 245 3951 ipsius
262 3840 368 3919 uille.
385 3839 451 3918 uel
467 3834 641 3916 aliarum
659 3837 846 3917 similium
862 3839 904 3916 in
918 3838 1057 3920 eadem
1074 3839 1284 3948 prouincia
1301 3839 1535 3947 positarum.
1556 3840 1701 3920 Actum
1716 3868 1823 3920 anno
1839 3840 1913 3923 do·
2087 3910 2091 3924 .

116 3955 231 4033 mini.
260 3949 603 4031 lucubravi
607 3951 623 4027 l
627 3951 676 4027 10.
708 3949 751 4027 in
765 3965 905 4029 octaua
923 3951 1153 4059 epiphanie
1169 3951 1306 4033 'l'estes
1321 3949 1443 4057 hujus
1459 3947 1553 4029 lacti
1574 3947 1751 4046 fuerunt.
1769 3954 1913 4036 Petrus
2032 3955 2035 3959 ’
2071 4041 2074 4059 ,

112 4080 391 4174 cognomento
421 4087 531 4168 gusa.
566 4060 772 4140 halstanus
803 4059 1175 4166 longus.=Kaetillus
1206 4062 1312 4143 filius
1340 4063 1458 4141 Petri.
1488 4064 1526 4138 &
1555 4059 1623 4140 alii
1637 4049 1774 4170 plures
1788 4064 1913 4147 in'oe·
1990 4084 1993 4092 ’

111 4174 313 4260 cidentali
341 4172 551 4280 prouincia
582 4170 818 4278 niudungie
851 4173 1071 4271 constituti.
1101 4173 1252 4255 Valete.
1792 4173 1798 4195 '

438 4407 443 4420 .
508 4310 641 4394 sigillet,
664 4313 704 4396 pal
726 4334 765 4374 en
785 4311 856 4374 l'rin
877 4313 997 4376 brelret
1017 4313 1153 4400 utllippt
1178 4335 1280 4378 remsa
1301 4323 1335 4376 tir
1356 4313 1537 4406 bortrifvet.

113 4459 424 4582 Thaidi-imru
443 4491 487 4558 ett
508 4507 602 4558 annat
623 4494 750 4558 alldeles
770 4472 834 4558 llka
854 4496 992 4579 lydande
1011 4498 1159 4580 original,
1181 4497 1220 4560 A.
1240 4499 1271 4560 6.
1292 4484 1320 4559 a.
1342 4515 1375 4559 1:
1395 4498 1434 4570 3,
1455 4497 1548 4560 hvars
1568 4497 1646 4578 sigill
1669 4497 1709 4580 pa
1730 4519 1769 4560 en
1785 4501 1915 4563 arbre&

203 4593 255 4643 ret
275 4581 411 4663 utllippt
432 4601 532 4640 remsa
553 4587 587 4638 dr
608 4579 789 4656 bortrilvet3
812 4590 891 4641 samt
912 4592 956 4642 ett
977 4582 1074 4662 tredje
1095 4581 1226 4660 original
1247 4580 1318 4640 med
1341 4581 1501 4642 Abbotens
1522 4579 1912 4662 innrrvidhtngande,nd-

203 4676 258 4746 got
279 4660 430 4740 slndnde,
453 4661 549 4742 sigili,
571 4661 609 4723 A.
630 4663 659 4724 3.
680 4683 714 4724 x.
735 4681 767 4724 1.·
787 4668 845 4744 41,
866 4661 984 4725 hvillct
1005 4664 1085 4725 doelr
1107 4683 1193 4744 synes
1205 4683 1280 4723 vara
1291 4663 1362 4723 med
1373 4663 1473 4745 nligon
1486 4662 1613 4724 sednare
1625 4660 1706 4723 hand
1717 4665 1843 4730 slrisret
1853 4668 1918 4729 och

204 4746 438 4823 understuclct‚
460 4743 540 4804 helst
561 4743 613 4804 det
633 4745 812 4807 instrsnker
832 4744 991 4829 nyttjande
1012 4756 1110 4807 retten
1131 4745 1212 4806 blou
1232 4746 1280 4807 till
1299 4743 1439 4829 Bruddes
1459 4744 1569 4822 lilstid,
1591 4766 1631 4806 m.
1653 4767 1693 4807 m.
1714 4748 1810 4830 cnligt
1830 4749 1915 4812 hrael

203 4827 340 4910 lb'ljande
362 4826 428 4888 dess
448 4826 602 4887 olilheter
621 4828 734 4890 uuita:

163 4920 193 4994 r)
216 4910 403 4995 possidemus
426 4913 455 4988 a)
477 4905 511 4970 Gt
532 4906 660 4969 heredes
680 4919 750 4992 post
771 4929 840 4972 eum
863 4913 1075 4974 uterlntesoch
1095 4915 1110 4972 i
1128 4913 1248 4972 stillet:
1268 4909 1366 4973 libere
1387 4911 1592 4995 impinguabit
1602 4910 1641 4973 ad
1653 4911 1716 4974 dics
1725 4933 1802 4976 suos.
1813 4915 1842 4996 3)
1854 4917 1917 4978 Det

191 4993 394 5080 Jb'regdende
414 4995 497 5076 esser
517 4989 617 5055 eidem
638 4994 783 5056 teteslutes
803 4995 859 5058 oeli
879 4997 895 5054 ι’
912 4997 1014 5060 stillet
1035 4997 1131 5058 lisere
1151 4992 1190 5056 de
1211 4993 1404 5079 beneplacito
1425 5005 1537 5058 nostro.
1578 4995 1609 5075 4)
1630 4995 1773 5060 Habebit.

257 5113 305 5166 Sv.
323 5108 448 5183 Dtptom.
1106 5143 1109 5147 -
1657 5079 1717 5154 ’56
