4368 5950
811 434 894 508 ⁶·,
980 393 1053 491 adr
1171 439 1227 470 .-

8 577 10 586 Ι
108 601 299 749 ,adn⁸
674 667 680 678 ⁸
941 626 1107 743 1225,
1365 753 1369 763 Ι
1713 627 1917 785 Wisby.

209 846 292 910 Bisl.
314 848 433 928 Basore
454 845 466 907 i
486 844 587 930 Linko'
609 845 661 926 ing
680 841 827 906 tillatelse
848 843 898 906 lb'r
920 842 1097 927 Tyslame,
1118 861 1183 904 som
1208 843 1218 904 i
1240 840 1354 925 wisty
1375 843 1541 990 uppbyfflt
1562 868 1600 910 en
1620 844 1802 956 dtiunplru
1810 859 1916 925 Maria

161 962 163 966 ·
260 929 299 991 af
315 929 406 992 Bislo
447 949 467 988 n
487 929 572 1010 invlg
615 924 732 1009 lyrha,
756 937 803 987 att
825 927 877 989 till
898 924 1076 988 densamma
1097 925 1180 1008 utilia
1201 923 1428 1008 Kyrloherdet
1449 949 1482 991 m
1532 933 1680 1013 rtttigbet
1701 937 1751 1000 lbr
1771 939 1914 1004 l'rfimlin·

51 1035 56 1054 ·
280 1033 315 1073 ar
335 1022 382 1072 att
425 1009 558 1072 erstttdes
576 1011 664 1092 njuta
685 1009 856 1092 grosphus,
884 1025 954 1071 men
976 1009 1026 1071 for
1047 1008 1275 1092 Borgerslapet
1307 1007 1415 1072 endast
1434 1009 1467 1072 st
1488 1011 1563 1076 vida
1583 1013 1674 1078 derna
1694 1039 1772 1101 agna
1791 1021 1918 1090 Prester

257 1035 437 1176 deligerent
459 1093 526 1154 icke
548 1090 764 1155 ltmarmades.
797 1139 799 1144 .
1105 1119 1110 1130 ·

1466 1207 1503 1262 1).
1521 1223 1546 1263 ι.
1563 1213 1594 1266 3:
1614 1213 1671 1280 7⁰³·
1690 1214 1717 1280 ¹¹²)
1734 1215 1793 1285 5⁴¹·
1844 1285 1847 1294 .

233 1342 441 1424 Universis
469 1340 621 1422 Christi
650 1338 855 1422 Fidelibus
883 1339 1014 1447 Visby
1043 1339 1341 1448 applicantibus
1362 1339 1403 1452 ¹).
1431 1342 1472 1421 Β.
1503 1317 1759 1428 Miseratione
1781 1351 1919 1436 divina

120 1455 384 1563 Lincopensis
413 1453 656 1562 Episcopus,
685 1451 854 1533 salutem
882 1479 975 1531 cum
1004 1451 1234 1533 orationum
1276 1448 1502 1534 devotione.
1531 1457 1593 1536 Ne
1622 1461 1684 1536 re's
1711 1480 1831 1567 gestae
1845 1462 1920 1547 n'o·

122 1566 215 1647 stris
244 1563 495 1673 temporibus
523 1561 737 1643 elabantur
765 1592 789 1642 a
817 1563 1027 1660 memoria,
1057 1563 1162 1669 ipsas
1205 1561 1331 1644 literis
1365 1565 1515 1644 nostris
1548 1568 1804 1652 posterorum
1845 1604 1917 1658 vo·
1984 1623 1986 1626 -
2125 1635 2129 1644 ,

86 1747 88 1752 .
121 1679 254 1759 lumus
282 1676 482 1757 memoriae
511 1672 812 1770 commendare,
841 1689 1073 1755 constructa
1103 1672 1280 1754 Ecclesia
1308 1700 1383 1782 per
1411 1673 1554 1755 Manus
1570 1677 1918 1766 Theutonicorum
2045 1699 2047 1706 '

120 1786 384 1868 fundatorum
413 1802 562 1895 rogatu
589 1787 717 1893 ipsam
747 1785 799 1865 ad
828 1785 1023 1863 honorem
1051 1800 1200 1864 sanctae
1229 1784 1304 1863 Dei
1331 1785 1550 1867 Genitricis
1564 1788 1697 1868 Mariae
1726 1775 1817 1873 VI‘.
1846 1796 1919 1876 ka-

121 1896 265 1980 lendas
308 1899 484 2006 Augusti
513 1894 797 1977 dedicavimus.
839 1896 1104 2004 Burgensium
1146 1895 1363 1979 Petitiones
1391 1895 1434 1974 in
1461 1896 1524 1978 his
1552 1895 1827 2001 admittentes,
1867 1896 1935 1988 I'n·

118 2008 272 2120 quibus
300 2010 422 2088 sacris
451 2007 673 2088 canonibus
701 2034 787 2086 non
802 2006 1077 2102 adversantur,
1099 2007 1367 2087 concessimus
1389 2004 1504 2113 ipsis,
1533 2009 1711 2091 Ecclesia
1737 2033 1921 2116 vacante,
1987 2081 1990 2091 .

116 2117 233 2201 salvo
260 2117 417 2201 honore
444 2134 605 2214 nostro,
635 2119 961 2226 Nostrorumque
989 2119 1290 2213 Successorum,
1320 2115 1444 2198 libere
1471 2120 1616 2228 eligere
1646 2118 1916 2225 Sacerdotem,
2018 2127 2023 2134 ’

114 2228 352 2311 Dummodo
381 2228 458 2309 sibi
488 2255 563 2337 per
590 2237 754 2308 manum
782 2244 960 2308 nostram
987 2253 1085 2307 cura
1113 2229 1386 2308 committatur
1406 2231 1661 2314 Animarum:
1689 2228 1918 2344 hospitibus
2040 2277 2044 2282 ’

114 2367 216 2423 vero
247 2339 504 2422 venientibus
532 2359 573 2420 et
601 2338 904 2435 recedentibus,
934 2337 1193 2418 concedimus
1216 2337 1348 2418 locum
1376 2340 1611 2449 sepulturae,
1639 2341 1711 2423 ubi
1726 2346 1804 2427 sibi
1818 2375 1921 2457 pro·¹

112 2450 300 2536 viderint
328 2455 371 2533 in
400 2452 599 2534 extremis.
630 2451 689 2530 De
717 2448 1012 2558 Burgensibus,
1041 2450 1075 2530 si
1103 2447 1254 2530 ibidem
1268 2448 1465 2557 elegerint
1483 2449 1752 2562 sepulturam,
1780 2480 1832 2538 ne
1847 2459 1918 2541 li'at

111 2565 156 2644 in
187 2561 472 2672 praejudicium
502 2562 674 2642 aliorum
701 2557 982 2656 sacerdotum,
1011 2559 1067 2640 sic
1095 2560 1326 2655 statuimus,
1355 2574 1401 2639 ut
1428 2564 1568 2659 Accito
1598 2563 1804 2650 sacerdote
1840 2554 1946 2650 Pa·

107 2669 312 2772 rochiali,
336 2690 377 2757 et
405 2672 595 2754 Testibus
621 2671 823 2768 Ydoneis,
852 2698 944 2751 cum
973 2669 1160 2751 laborant
1188 2671 1233 2750 in
1261 2671 1469 2768 extremis,¹
1493 2672 1545 2754 ad
1573 2671 1812 2759 Praedictam
1839 2682 1916 2762 Ec·

108 2785 299 2881 clesiam,
328 2786 361 2864 si
387 2784 603 2894 placuerit,
632 2782 783 2891 eligant
811 2782 1071 2888 sepulturam.
1142 2779 1234 2862 Tali
1262 2781 1504 2891 interposito
1532 2798 1691 2881 tenore,
1726 2806 1771 2870 ut
1798 2791 1914 2880 Pres-

105 2898 242 3006 byter
270 2895 528 2992 parochialis,
552 2895 595 2974 in
624 2891 690 2972 die
720 2895 1000 3002 exequiarum,
1047 2891 1158 2972 etin
1192 2894 1384 3000 septimo,
1413 2910 1453 2974 et
1481 2895 1525 2976 in
1551 2896 1782 2994 tricesimo,¹
1800 2915 1840 2979 et
1870 2881 1915 2980 ih

105 3009 426 3102 Anniversario,
450 3002 705 3087 oblationem
726 3031 802 3113 pro
831 3004 973 3084 Anima
1001 3000 1194 3084 Defuncti
1222 3004 1439 3111 percipiat,
1453 3075 1455 3082 ,
1468 3003 1688 3086 secundnm
1715 3007 1829 3117 quod
1852 3012 1914 3091 vi·

104 3143 202 3199 sum
236 3115 362 3199 fuerit
389 3118 466 3198 hiis
484 3115 518 3306 ’ἶ
545 3111 783 3197 Heredibus'.
842 3115 1063 3194 Statuimus
1091 3115 1229 3208 etiam,
1258 3141 1308 3195 ne
1325 3114 1417 3224 quis
1431 3115 1622 3197 Praelatus
1636 3118 1702 3197 vel
1716 3122 1912 3228 Praeposi-

103 3246 196 3326 tus,
230 3221 404 3314 eandem
431 3225 639 3310 recudere
669 3239 884 3333 praesumat
912 3222 1146 3320 Ecclesiam,
1175 3224 1253 3304 nisi
1282 3224 1452 3306 forsitan
1479 3226 1677 3308 effruione
1705 3232 1914 3339 sanguinis

100 3340 355 3436 Polluatur,
387 3339 497 3420 etse
525 3336 776 3419 reconciliari
803 3336 995 3418 renuerit.
1013 3331 1046 3445 ³)
1103 3336 1252 3420 Datum
1281 3334 1411 3446 wisby
1433 3342 1554 3420 Anno
1571 3339 1736 3423 Domini
1748 3341 1911 3425 M⁰.CC⁰

186 3695 216 3770 ‘)
242 3693 417 3775 Upptagcn
438 3691 449 3754 i
470 3687 531 3756 deu
552 3687 608 3754 vid
628 3687 763 3775 liiljande
784 3690 843 3752 Nto
862 3686 924 3770 ‚²3²
946 3685 1106 3752 anmarlta
1128 3681 1358 3754 vidimationen.

191 3783 226 3851 r)
250 3773 463 3836 atrorum
483 3776 626 3836 statues
649 3777 688 3836 D.
709 3795 737 3833 a.
760 3773 788 3834 3.
809 3769 878 3846 541.
990 3849 993 3854 ἣ

186 3865 223 3938 2)
248 3859 317 3918 suis
338 3859 445 3926 risum
460 3858 564 3920 fucrit.
602 3855 670 3936 anf.
688 3865 729 3917 rt·

186 3946 224 4016 3)
252 3941 307 4000 De
338 3935 515 4008 Elemosina
540 3961 621 4002 *vero
641 3946 673 4000 in
696 3935 837 4000 manibus
858 3935 1120 4000 Teutbonicorum
1140 3937 1280 4014 collecta,
1302 3939 1378 4020 quia
1399 3935 1441 4000 ab
1462 3937 1570 4004 eadem
1593 3945 1735 4029 primitus
1755 3942 1816 4004 fuit
1835 3942 1910 4004 nm·

185 4025 294 4096 data,
315 4021 507 4106 precipimus
522 4033 558 4084 ut
577 4021 681 4084 nullus
700 4031 867 4083 nautarum
888 4021 986 4102 ipsam
1007 4029 1169 4102 prasumat
1189 4019 1384 4100 subtrahere,
1408 4023 1458 4083 rel
1480 4021 1520 4084 ad
1542 4025 1619 4087 elias
1640 4021 1791 4087 Ecclesiae
1800 4021 1912 4088 distri·

175 4108 311 4180 tuere,
332 4107 388 4167 nisi
409 4104 467 4168 sub
485 4105 807 4187 excommunitarione.
850 4103 1002 4167 martes
1026 4101 1092 4184 anfi
1112 4113 1149 4164 st.
1257 4137 1260 4142 ·
