4404 5960
800 443 858 466 ··
968 397 1048 498 335
1158 447 1217 473 ··
1339 443 1342 453 ¹
1583 495 1587 502 .

56 547 249 738 'sia
429 660 434 668 ·
753 565 1274 740 macarem.
1683 565 1898 744 aaran.

19 941 20 946 γ
141 889 145 906 .
192 851 309 912 Bucar
330 849 422 913 snas
445 831 678 936 Gltvohrstpt
698 848 841 934 llarleby
862 849 909 917 till
930 849 1106 917 Eslilatuna
1126 853 1250 920 kloster.
1562 937 1632 994 M
1659 939 1671 991 1
1700 954 1755 993 Η

277 1065 485 1148 Vniuersis
512 1082 715 1175 presentes
744 1066 897 1170 litteras
925 1068 1176 1180 inspecturis.
1206 1068 1249 1150 B.
1277 1065 1343 1150 dei
1381 1069 1515 1178 gracia
1557 1071 1649 1152 Dux
1697 1100 1897 1156 sueorum.

121 1177 292 1258 Salutem
319 1179 362 1258 in
391 1178 568 1258 omnium
601 1177 812 1260 saluatore.
842 1179 945 1260 Cum
1005 1197 1144 1290 ropter
1172 1176 1333 1262 labilem
1362 1179 1589 1288 fragilitatis
1617 1182 1790 1266 humane
1817 1213 1899 1268 me·
1988 1263 1990 1274 ,

121 1291 280 1370 moriam
307 1286 363 1368 sic
391 1287 600 1395 contingat
628 1313 784 1397 eaque
813 1207 1113 1374 racionabiliter
1141 1295 1181 1371 8(
1209 1291 1276 1400 pie
1305 1289 1411 1372 facta
1440 1309 1553 1388 sunt,
1582 1293 1625 1371 in
1653 1292 1822 1376 dubium
1836 1323 1899 1382 re'·

120 1399 262 1508 uocarj,
291 1413 454 1478 cautum
486 1417 571 1496 esse
599 1417 765 1506 putatur
793 1405 832 1481 8(
859 1427 1081 1490 consonum
1108 1401 1261 1485 racioni
1290 1429 1355 1483 res
1381 1400 1535 1496 utiliter
1562 1417 1794 1514 gestusque
1816 1409 1900 1515 pri·
1929 1405 1944 1449 ‘

119 1510 260 1618 uilegio
288 1509 612 1617 perpetuarionis
643 1508 846 1620 indigent,
889 1513 1089 1620 scripture
1116 1513 1348 1596 testimonio
1374 1511 1597 1646 cujnragis
1622 1516 1726 1596 solet
1752 1519 1795 1598 in
1828 1545 1899 1598 an·

119 1623 235 1729 tiquis
263 1619 380 1702 factis
408 1618 507 1700 fides
535 1615 735 1729 adhiberi,
777 1621 1001 1730 prudenter
1029 1623 1141 1732 apud
1179 1633 1362 1733 posteros
1390 1649 1580 1706 memorre
1608 1626 1898 1710 commendare.

118 1732 364 1840 Auctoritate
395 1723 644 1837 presencium
672 1729 863 1824 volumus,
884 1732 1071 1823 omnibus
1098 1750 1180 1818 tam
1210 1733 1462 1843 presentibus
1490 1762 1613 1844 quam
1641 1735 1789 1820 futuris
1817 1767 1899 1822 esse

115 1859 253 1922 notum
298 1841 381 1920 Nos
410 1838 461 1921 de
503 1842 671 1924 oonsilio
706 1843 857 1950 pariter
884 1849 924 1924 8(
952 1871 1160 1928 consensu*
1191 1844 1430 1927 dilectorum
1458 1844 1633 1928 filiorum
1666 1865 1901 1949 nostrorum

117 1953 261 2035 scilicet
291 1951 566 2034 Dominarum.
595 1950 663 2033 W.
693 1953 766 2034 Dei
795 1955 929 2063 gracia
956 1955 1078 2064 Regis
1106 1956 1314 2042 Sueorum.
1342 1953 1478 2066 Magni
1505 1957 1648 2040 tures.
1676 1959 1897 2067 Domieellj.

116 2063 222 2169 Ericj
251 2089 298 2142 ac
325 2059 533 2168 Benedictj
561 2062 734 2146 Scolaris
762 2066 805 2144 in
832 2080 1065 2154 nostrorum
1091 2093 1139 2147 ac
1166 2062 1388 2150 eorundem
1415 2067 1687 2152 remissionem
1716 2081 1902 2180 peceato·

115 2189 214 2268 rum,
242 2174 394 2253 curiam
428 2190 606 2256 noemam
635 2173 820 2274 Cariaebir
849 2178 891 2256 in
921 2177 1197 2286 Strenginensi
1238 2169 1412 2278 diocesi,
1455 2176 1650 2260 fratribus
1686 2177 1901 2264 dedomo

115 2281 331 2392 Hospitalis
359 2281 679 2392 jerosolymitan]
708 2286 848 2395 Sanctj
875 2286 1070 2369 lobannis
1100 2289 1297 2397 Baptiste‚
1326 2289 1665 2374 commorantibus
1684 2293 1726 2372 in
1752 2291 1902 2375 Eskils·

116 2413 254 2475 tunum
281 2422 373 2474 cum
400 2393 593 2478 omnibus.
618 2398 844 2479 attinenciis
886 2399 968 2478 suis
998 2416 1081 2482 tam
1109 2399 1325 2485 mobilibus
1353 2427 1474 2510 quarn
1515 2401 1797 2487 immobilibus.
1842 2407 1902 2484 vis

2 2536 7 2549 ¹
119 2504 260 2585 delicet
300 2503 456 2585 colonis
497 2522 538 2586 et
579 2508 695 2616 agris.
731 2510 869 2615 pratis.
905 2508 1014 2590 silvis
1042 2515 1081 2592 8(
1109 2510 1366 2608 molendinis,
1402 2539 1495 2595 cum
1529 2513 1711 2621 plenaria
1744 2542 1901 2622 posses·
1949 2567 1950 2570 κ

116 2617 223 2696 sione
249 2614 378 2696 eidem
406 2616 517 2697 curie
544 2615 820 2706 adiacentibus
847 2636 1042 2732 perpetue
1076 2620 1306 2706 donationis
1335 2622 1456 2706 titulo
1483 2625 1699 2720 contulisse
1741 2622 1794 2704 ad
1829 2625 1901 2705 ha·

116 2724 320 2807 bendum'
346 2731 386 2806 8(
429 2725 657 2814 fruendum.
702 2756 749 2810 ac
786 2746 990 2840 perpetuo
1032 2731 1328 2841 possidendum.
1414 2734 1565 2814 Causas
1604 2737 1729 2819 eciam
1770 2739 1901 2846 regias
2006 2779 2011 2786 ·

116 2835 264 2918 ibidem
292 2837 548 2947 emergendas
575 2837 692 2926 dictis
720 2837 915 2926 fratribus
935 2843 1200 2958 relinquimus
1222 2869 1295 2923 exe
1326 2841 1498 2942 sendra,
1513 2844 1604 2952 jure
1618 2829 1920 2936 tantummodo,
2001 2941 2002 2946 Ν

115 2945 382 3056 expeditionis
410 2965 600 3058 excepto,
625 2950 739 3066 quod
767 2950 917 3037 ibidem
946 2953 997 3036 de
1025 2970 1161 3036 cetero
1187 2872 1499 3050 sioutbactenus
1514 2955 1602 3064 lierj
1615 2974 1899 3056 consueuerat,
1942 3039 1944 3044 ,

114 3057 241 3138 modis
270 3057 457 3167 omnibus
486 3059 673 3147 uolumus
700 3062 894 3170 e'xhiberj.
953 3065 1009 3143 Vt
1036 3064 1165 3175 jgitur
1194 3065 1377 3173 predicta
1411 3063 1577 3152 donatio
1606 3068 1732 3150 malus
1773 3066 1901 3148 robur

113 3172 293 3252 obtineat
330 3187 524 3278 perpetue
552 3171 760 3256 firmitatis.
787 3175 927 3282 sigilla.
955 3173 1038 3260 tam
1066 3191 1250 3261 nostrum
1279 3204 1325 3257 ac
1353 3175 1594 3262 dilectorum
1622 3176 1794 3261 filiorum
1825 3205 1900 3258 no·

111 3299 304 3377 atrorum,
334 3283 454 3392 quani
482 3282 612 3362 etiam·
629 3283 874 3391 prelatorum
906 3285 1022 3396 regnj
1055 3287 1217 3370 Suethie
1251 3285 1325 3396 quj
1367 3303 1572 3395 presentes
1615 3287 1780 3378 suerunt
1808 3317 1901 3398 pre·

110 3391 292 3474 sentibus
321 3389 465 3472 litteris
493 3393 647 3502 apponj
675 3392 840 3482 fecimus
867 3397 908 3476 in
943 3399 1215 3479 testimonium
1249 3403 1288 3478 8(
1323 3398 1530 3480 cautelam.
1599 3399 1748 3481 Datum
1790 3400 1917 3507 apud.

110 3504 395 3584 Carmarniam.
452 3505 571 3583 Anno
600 3502 752 3612 dominj
780 3507 1310 3592 Maneatxtvttxvn‘.
1339 3509 1428 3590 Kal.
1458 3509 1641 3618 Augustj.
1677 3511 1795 3597 nisti
1810 3513 1905 3618 pre?

109 3630 243 3694 sentes
286 3613 451 3694 fuerunt
491 3612 585 3694 huic
619 3614 842 3723 donationj.
882 3617 1078 3704 videlicet.
1113 3617 1278 3728 dominj.
1312 3617 1647 3728 Arohiepiscopns
1682 3622 1901 3729 vpsalensis

109 3726 367 3806 Laurencius.
423 3724 637 3806 Heinricus
665 3726 917 3836 lincopensis.
962 3729 1446 3833 Vlfscarcnsis.1tarolus
1462 3733 1698 3816 Arusiensis.
1719 3731 1899 3813 &¹Asce·
1978 3734 1982 3742 ‘

109 3863 181 3916 rus
209 3835 413 3918 warensis.
470 3835 671 3946 Episcopi.
699 3866 746 3918 ac
775 3838 845 3947 aiij
874 3837 1010 3954 clericj
1038 3847 1077 3922 8(
1105 3836 1227 3949 Laiej·
1247 3840 1547 3951 quamplurimj.
1577 3843 1781 3927 Enistente
1817 3841 1898 3921 fra·
1957 3934 1960 3941 ff

108 3963 174 4035 ¹tre
206 3946 396 4028 Heinrico
418 3944 535 4026 dicto
563 3945 613 4027 de
642 3948 855 4032 hoousheit
882 3967 981 4031 tunc
1010 3952 1148 4032 Priore
1176 3953 1217 4030 in
1247 3950 1631 4062 andwarthaescogh.

736 4059 808 4129 Alia
833 4080 869 4128 ro
889 4059 1007 4142 sigilleu
1029 4069 1083 4123 aro
1104 4061 1281 4124 bortfallua.

106 4335 249 4475 519.
755 4331 904 4446 1266
949 4335 999 4446 d.
1054 4377 1118 4480 17
1168 4335 1265 4443 Jul.
1684 4333 1900 4442 Calmar.
1946 4416 1947 4424 Ν

193 4477 271 4579 Pan.
292 4515 442 4596 Legaten,
464 4517 555 4580 Card.
577 4519 693 4581 Gumos
714 4521 818 4604 iippna
849 4520 927 4581 Brel
941 4521 983 4606 pai
1008 4541 1065 4590 roo
1084 4522 1195 4602 dagans
1216 4519 1288 4589 allat
1308 4521 1359 4582 ser·
1378 4519 1468 4600 dem,
1496 4541 1562 4582 som
1584 4522 1688 4584 lemna
1709 4520 1829 4584 bitrsde
1849 4522 1899 4585 tili

209 4666 214 4675 ,
245 4600 356 4675 Wreta
377 4598 506 4662 klosters
525 4601 680 4684 byggnad.

1575 4685 1610 4738 s.
1631 4701 1652 4740 t.
1672 4684 1698 4738 a.
1720 4683 1763 4755 67.
1802 4682 1840 4703 ··

282 4817 504 4910 Uniuersis,
533 4817 672 4899 christi
714 4818 917 4918 fidelibus,
960 4849 1033 4930 per
1076 4822 1261 4930 Regnum
1304 4823 1429 4902 suetis
1472 4819 1718 4915 constitutis,
1760 4821 1898 4901 Frater
1968 4828 1972 4836 '

91 4924 249 5016 Guido
288 4928 544 5021 miseratione
586 4928 723 5008 diuina
766 4947 850 5010 .tt.
878 4933 1006 5019 ,sancti
1035 4931 1247 5020 Laurencii
1275 4934 1318 5012 in
1344 4931 1497 5016 Lucina
1532 4928 1729 5041 presbiter
1758 4931 1901 5014 Cardi·
2040 4999 2045 5015 ,

98 5037 215 5119 nalis
240 5036 462 5160 ‚apostolice
491 5036 595 5119 sedis
623 5039 814 5145 Legatus,
849 5039 1017 5125 salutem
1045 5045 1088 5125 in
1116 5041 1290 5128 domino.
1318 5041 1532 5158 Quoniam¹
1550 5059 1596 5123 ut
1624 5043 1681 5122 ait
1697 5042 1904 5151 apostolus
1958 5103 1960 5112 .
2027 5037 2033 5052 '
2084 5083 2088 5092 ·
