4370 5950
956 415 1027 478 '·-·‘
1103 409 1210 498 2112
1322 457 1377 478 -
1478 439 1484 450 ‘

276 650 407 728 retur,
421 649 467 714 vt
481 633 660 712 omnium
688 633 856 740 gratiam
883 660 969 712 non
998 634 1166 716 amittat.
1230 611 1414 716 Gaudeat
1442 658 1563 740 super
1592 657 1641 712 eo
1670 649 1807 714 sancta
1849 629 2087 742 paternitas

277 760 431 841 vestra,
447 744 698 824 &illustrem
713 746 839 824 vestri
867 747 1073 850 sanguinis
1108 744 1389 827 celsitudinem
1429 745 1487 823 sic
1522 742 1707 822 exaltetis
1734 745 1777 825 in
1805 745 1914 853 ipsc,
1952 763 1998 826 vt
2033 752 2067 827 &

71 905 73 908 -
159 941 160 944 a
275 857 409 937 honor
437 857 523 936 eius
550 871 666 934 tanto
697 853 940 963 respondeat
968 857 1118 965 generi,
1148 863 1187 939 &
1214 884 1341 965 genus
1374 871 1533 938 tantum
1562 872 1877 938 consentaneum
1919 857 1971 938 sit
1998 859 2066 940 bo·

276 968 379 1051 nori.
437 967 503 1047 Sic
531 966 728 1073 glorietur
756 982 926 1076 patruus
953 968 998 1047 in
1025 986 1193 1076 nepote,
1220 983 1266 1046 vt
1293 995 1422 1078 nepos
1451 992 1501 1047 ex
1529 979 1676 1074 patruo
1705 967 1954 1049 sublimetur.
1987 1069 1992 1082 .

282 1357 373 1504 89.
637 1482 638 1487 .
793 1461 800 1476 ,
967 1359 1401 1502 1178-120n

363 1579 508 1664 sveriges
534 1580 671 1658 Prinas,
696 1576 802 1642 Lunds
829 1576 1009 1648 lrke-Bish.
1031 1581 1185 1644 Arsinoes
1206 1581 1337 1662 varnmg
1357 1581 1409 1643 till
1432 1577 1472 1642 de
1493 1578 1715 1645 rdttsinnadei
1746 1577 1895 1663 tt‘uding,
1929 1579 2065 1646 warena

410 1665 471 1728 och
492 1663 624 1740 Finved‚
642 1673 688 1724 att
702 1664 820 1747 ickepd
841 1663 966 1746 Nydale
985 1664 1100 1748 kyr-kas
1122 1664 1359 1746 tillh‘o'righeter
1383 1662 1568 1747 ghrandgra
1595 1667 1735 1746 ingrepp,
1756 1665 1835 1726 eler
1856 1673 1921 1726 mot
1943 1665 1986 1727 de
2002 1666 2066 1728 Au·

409 1748 512 1830 delige
540 1745 695 1812 derstada
728 1745 809 1828 bega
837 1746 1080 1825 vdldsambeter,
1103 1747 1215 1809 hvillia
1246 1745 1347 1808 shulle
1367 1745 1509 1809 medsdra
1531 1763 1568 1808 en
1589 1747 1806 1830 bannlysning‚·
1823 1746 1883 1810 den
1903 1747 2067 1832 Bishapur·

410 1851 448 1891 ne
469 1830 529 1892 och
553 1828 787 1914 Presterskapet
807 1828 905 1892 borde
928 1829 1075 1908 sstunna,
1096 1828 1156 1892 och
1176 1850 1241 1892 som
1261 1828 1369 1892 endast
1389 1829 1426 1890 ef
1441 1829 1563 1896 Pdfven
1586 1831 1663 1892 eller
1695 1827 1946 1914 ilrke-Biskopen
1966 1830 2065 1894 kunde

212 1916 216 1924 '
303 1951 307 1960 ι
406 1914 560 2003 uppllisns.

1711 2025 1746 2082 Δ.
1767 2027 1793 2081 e.
1812 2043 1839 2080 x.
1860 2041 1890 2082 a:
1908 2041 1933 2080 a.

438 2174 486 2251 A,
523 2163 589 2247 dei
617 2167 746 2272 gratia
783 2181 919 2248 sancte
947 2163 1154 2250 lundensis
1182 2164 1347 2245 ecclesie
1376 2161 1703 2272 archiepiscopus
1732 2165 1886 2245 suethie
1906 2165 2061 2272 primas.

274 2265 476 2378 Omnibus
505 2277 684 2362 iustis&
713 2277 829 2360 bonis
858 2275 1121 2384 Nithingiarn
1136 2275 1389 2384 Weringiam
1405 2271 1654 2366 smnodhiam
1668 2273 1993 2356 inhabitantibus
2008 2303 2065 2356 sa-

272 2388 397 2470 lutem
419 2382 463 2468 in
491 2387 670 2478 domino.
700 2389 904 2492 Quoniam
932 2383 1036 2468 sicut
1065 2387 1108 2473 in
1122 2381 1369 2470 secularibus
1386 2385 1514 2465 causis
1529 2387 1683 2494 positus
1697 2402 1756 2464 est
1771 2384 1928 2491 gladius
1943 2402 2065 2466 matc-

271 2499 383 2580 rialis
409 2498 463 2586 ad
492 2497 762 2588 ,cohibendam
789 2498 987 2588 malorum
1016 2499 1275 2615 proteruiam.
1303 2497 1361 2578 ita
1388 2502 1428 2578 &
1455 2498 1498 2576 in
1527 2497 1804 2579 ecclesiasticis
1832 2497 1962 2578 causis
1983 2496 2064 2608 gla-

215 2699 218 2713 ,
272 2609 362 2696 dius
395 2639 468 2698 scu
508 2609 747 2722 spiritualis.
777 2609 946 2728 prelatis
990 2609 1245 2700 ecclesiarum
1273 2609 1506 2696 commissus
1534 2624 1593 2688 est
1622 2624 1668 2688 ut
1695 2605 1860 2689 ecclesie
1887 2609 2064 2690 seruien-

270 2723 373 2806 tium
387 2721 552 2812 iniurias
573 2721 756 2810 uirorum
771 2749 852 2803 scu
880 2720 1162 2830 religiosorum
1191 2718 1413 2812 uindicant,
1445 2718 1539 2800 inde
1568 2717 1767 2832 estquod
1795 2747 1903 2828 equo
1932 2721 2063 2801 animo

272 2833 447 2921 tolerare
481 2859 567 2920 non
600 2859 812 2950 possumus
841 2835 1003 2941 rapinas
1030 2839 1070 2914 8<
1097 2831 1345 2948 direptiones
1403 2860 1473 2913 uas
1503 2830 1632 2945 iniqui
1661 2836 1700 2909 &
1727 2831 1910 2939 peruersi
1937 2830 2063 2911 homi-

217 3014 225 3036 ,
272 2971 344 3024 nes
371 2945 537 3030 ecclesie
566 2942 631 3024 dei
659 2942 841 3031 inferunt
870 2943 921 3024 de
948 2970 1057 3022 nona
1085 2943 1191 3034 ualle
1221 2970 1305 3031 non
1347 2861 1499 3044 sdlum',
1519 2943 1564 3026 in
1589 2940 1690 3048 ¹ejus
1733 2941 2062 3057 possessionibus.

272 3052 342 3135 sed
377 3054 489 3170 quod
524 3055 641 3164 pejus
677 3073 737 3134 est
773 3083 915 3135 manus
952 3055 1110 3134 illicitas
1145 3055 1188 3146 in
1216 3080 1406 3162 personas
1434 3050 1591 3172 prefate
1618 3049 1783 3140 ecclesie
1812 3052 1889 3132 deo
1917 3053 2062 3161 iugiter
2180 3129 2181 3140 .

160 3181 163 3191 ’
273 3165 490 3249 seruientes
514 3163 776 3273 imponendo.
808 3169 928 3246 immo
957 3181 1156 3275 quantum
1182 3181 1244 3244 cst
1272 3191 1321 3243 ex
1351 3164 1534 3254 iniuncto
1563 3163 1682 3244 nobis
1711 3161 1847 3252 officio
1889 3191 2063 3245 commo-

272 3295 369 3355 nere
398 3274 498 3358 tales
526 3276 698 3384 quitali
726 3277 966 3385 preocupati
994 3274 1146 3364 luerint
1173 3274 1334 3362 delicto.
1363 3277 1477 3384 prius
1506 3272 1726 3366 secundum
1741 3274 2007 3381 apostolicum
2022 3277 2066 3354 in

272 3385 418 3494 spiritu
461 3385 638 3472 lenitatis
679 3402 726 3466 ut
760 3416 783 3466 a
816 3386 1030 3474 uexatione
1063 3402 1220 3469 wcessent
1248 3384 1413 3471 ecclesie
1441 3386 1662 3492 &rapina
1693 3383 1867 3494 quodsi
1895 3388 2065 3472 nonsic
2160 3431 2163 3436 ,

272 3495 566 3605 adquieuerint.
597 3496 858 3586 anathematis
890 3497 1062 3580 uinculis
1090 3495 1287 3582 innodare
1307 3515 1501 3579 tenemur.
1530 3497 1586 3588 ita
1621 3513 1667 3580 ut
1682 3524 1758 3587 nec
1772 3495 1973 3588 sacerdoti
1992 3498 2066 3586 im·

272 3634 339 3688 mo
354 3635 428 3687 nec
443 3607 633 3716 episcopo
648 3606 713 3695 uel
729 3608 1033 3726 archiepiscopo
1056 3609 1171 3691 liceat
1186 3637 1429 3720 quemquam
1444 3606 1666 3696 absoluere.
1689 3609 1761 3716 qui
1776 3607 1896 3697 alicui
1908 3607 1987 3695 sub
2000 3637 2066 3688 sa·

273 3745 344 3798 cro
372 3715 515 3798 ordine
545 3719 763 3799 constituto
792 3747 932 3800 manus
960 3749 1044 3801 non
1071 3720 1202 3802 solum
1229 3718 1377 3800 clerico
1404 3718 1470 3802 uel
1486 3745 1656 3807 monaco
1670 3716 1742 3810 sed
1757 3721 1877 3810 etiam
1892 3747 2069 3809 conuer-

274 3857 319 3909 so
347 3827 557 3936 sacrilegas
585 3830 802 3918 immiserit.
831 3830 903 3915 sed
929 3831 1006 3920 soli
1034 3829 1257 3938 apostolico
1285 3831 1352 3908 uel
1382 3829 1522 3912 saltem
1549 3829 1667 3922 nobis
1695 3831 1760 3909 cui
1791 3830 1922 3910 uicem
1950 3858 2071 3910 suam

272 3966 395 4048 super
428 3938 505 4019 hiis
540 3939 737 4026 commisit
769 3937 959 4032 dominus
994 3940 1236 4051 apostolicus
1271 3937 1490 4049 aliquando
1519 3937 1761 4048 dispensare.
1791 3967 1868 4047 pro
1897 3943 2072 4022 minori-

272 4048 351 4132 bus
378 4048 542 4160 quidem
569 4052 699 4136 causis
726 4052 801 4140 hec
830 4049 999 4142 dicimus
1026 4057 1066 4142 .&
1094 4053 1185 4140 ueri
1211 4049 1431 4134 uiderimus
1452 4049 1657 4160 expedire.
1688 4049 1923 4146 Mandatum
1938 4054 2074 4160 igitur

272 4163 325 4242 sit
358 4177 441 4241 tuln
477 4163 674 4272 episcopis
707 4191 831 4273 quam
858 4157 1134 4256 sacerdotibus
1163 4177 1209 4242 ut
1237 4181 1317 4244 tam
1347 4161 1603 4256 ecclesiarum
1631 4178 1815 4271 raptores
1843 4191 1964 4274 quarn
1994 4193 2076 4247 cos

273 4274 346 4383 qui
372 4301 515 4354 manus
543 4273 744 4362 uiolentas
772 4274 816 4356 in
848 4272 1015 4368 clericos
1043 4275 1266 4370 iniecerint.
1305 4274 1542 4368 auctoritate
1571 4272 1637 4354 dei
1664 4281 1706 4361 ⁴&
1734 4291 1872 4355 nostra
1903 4302 2079 4356 excom-

275 4386 500 4466 municatos
534 4383 788 4466 denuntient.
823 4390 862 4475 a
893 4388 930 4478 ¹si
963 4387 1008 4480 in
1041 4385 1313 4480 obstinatione
1346 4413 1419 4477 sua
1455 4382 1636 4478 defuncti
1671 4382 1834 4467 fuerint.
1863 4412 1949 4466 non
1977 4403 2078 4468 tra-
2180 4459 2181 4462 .

117 4585 120 4593 A
176 4527 178 4532 ’
273 4491 374 4578 dant
401 4496 665 4580 ecclesiastice
700 4496 933 4605 sepultura
1939 4525 1942 4532 ⁴

652 4638 776 4725 sigillet
796 4639 917 4706 elfasset
937 4637 1007 4706 frdn
1028 4640 1093 4713 den
1113 4639 1331 4727 ,quarsittaude
1351 4649 1545 4727 pergaments
1556 4660 1685 4714 nmina.
1735 4632 1738 4640 ’

1440 4768 1445 4778 ·
1796 4749 1861 4834 no
