4384 5946
784 317 1335 451 ...es-9

10 657 11 660 a
97 571 175 668 ἸΙ
228 585 400 668 Subtilia
428 588 468 668 ΙΙ
497 587 672 696 Cingula
699 588 737 668 II
766 587 878 670 Stole
897 591 946 670 -11
974 589 1170 670 Fanones.
1194 590 1242 668 V.
1301 590 1560 688 Omnia-hec.
1577 591 1716 699 precio
1729 606 1770 671 et
1784 600 1916 700 speeie
1979 605 1984 630 ¹

139 697 380 786 electissima.
438 699 553 778 Jtem.
583 698 707 806 pallia
736 699 989 780 II.'Linthea
1010 697 1146 778 altaris
1177 699 1216 778 II
1270 700 1567 808 Manutergium
1582 703 1791 810 optimum.
1808 705 1913 784 Can·

137 807 299 900 delabra
333 811 411 890 tria
439 798 558 890 bona.
614 807 796 891 Dorsalia
824 811 974 890 IIII:or.
1004 807 1173 917 Tapetia
1204 810 1343 889 IIII:or
1358 809 1423 889 Ad
1436 812 1625 919 reliquias
1638 812 1921 894 recondendas.

136 920 302 1027 Capsam
330 922 553 1027 preciosam
582 949 632 1000 ex
660 921 823 1016 electro.
853 919 952 1003 duas
983 918 1183 999 eburneas
1211 919 1409 1000 Tabulam
1431 922 1610 1001 crucifixi
1624 923 1852 1005 eburneam.
1874 941 1916 1004 et
1993 1025 2000 1036 ἱ
2053 935 2056 941 ’
2178 911 2181 916 ’

10 1115 12 1130 ,
135 1057 224 1110 vasa
267 1032 459 1138 preciosa.
530 1032 690 1140 Siqua
732 1033 857 1140 igitur
892 1032 936 1112 in
972 1028 1155 1154 futurum
1184 1031 1448 1112 ecclesiastica
1475 1032 1712 1114 secularisve
1741 1063 1916 1142 persona

135 1157 273 1222 eontra
307 1142 426 1222 huius
460 1143 764 1223 constitucionis
798 1143 987 1251 paginam
1021 1141 1160 1221 venire
1190 1159 1337 1222 temere
1369 1144 1655 1248 presumpserit
1685 1147 1735 1224 Et
1762 1174 1813 1225 ex
1839 1147 1917 1226 hiis

21 1355 24 1364 Ι
135 1251 320 1332 omnibus
347 1255 557 1361 quippiam
585 1251 754 1332 auferre.
784 1253 1008 1336 diminuere
1035 1251 1100 1331 vel
1128 1251 1302 1332 alienare
1330 1280 1414 1331 non
1442 1254 1632 1334 timuerit.
1663 1255 1916 1363 omnipoten-

135 1365 183 1444 tis
209 1361 289 1457 dei
324 1362 543 1454 vindictam
564 1364 823 1472 experiatur.
887 1363 1051 1470 Duplici
1085 1363 1333 1444 contricione
1361 1371 1603 1443 conteratur.
1661 1363 1824 1446 Afacie
1854 1366 1918 1447 dei
1971 1427 1976 1430 -

135 1488 280 1582 pereat.
345 1475 447 1554 Cum
476 1476 631 1569 sonitu,
658 1475 849 1554 memoria
876 1474 963 1554 eius
990 1472 1200 1581 dispereat.
1233 1474 1319 1553 >Sit
1347 1501 1439 1582 pars
1468 1471 1556 1581 ejus
1585 1502 1687 1553 eum·
1705 1473 1852 1557 dathan
1880 1484 1918 1556 &
2032 1525 2035 1532 ,

136 1585 276 1665 abiron
303 1585 393 1664 Fiat
419 1586 523 1665 sicut
550 1584 663 1691 jabin
692 1587 735 1666 in
763 1599 942 1664 torrente
971 1585 1107 1681 cirson.
1138 1585 1381 1694 veniantque
1409 1612 1532 1692 super
1560 1611 1652 1664 eum
1673 1601 1810 1666 omnes
1833 1614 1917 1666 ma·

40 1706 45 1718 '
136 1693 369 1804 ledictiones
398 1725 499 1803 quas
528 1693 683 1804 populo
712 1695 863 1775 rebelli.
893 1692 1079 1775 dominus
1107 1695 1370 1775 comminatur
1398 1696 1460 1776 Et.
1478 1723 1562 1804 quo
1577 1695 1704 1802 jratus
1718 1695 1818 1777 deus
1832 1698 1937 1785 ani-⁴

135 1833 212 1886 mas
253 1809 441 1914 percutit.
490 1834 681 1886 mucrone
724 1806 840 1886 feriat
868 1806 1008 1913 Sitque
1036 1804 1244 1887 anathema
1271 1805 1512 1886 maranatha.
1571 1808 1698 1886 Amen
1754 1808 1919 1888 Cunctis

135 1933 263 1996 autem
308 1944 388 2026 que
428 1919 532 2025 justa
563 1936 657 1998 sunt
684 1915 946 1997 seruantibus.
977 1918 1028 1996 sit
1055 1915 1327 1997 misericordia
1355 1943 1378 1994 a
1407 1917 1484 2000 deo
1512 1917 1687 1996 salutari.
1746 1918 1921 1999 Descen-

10 2107 17 2118 ,
135 2027 282 2138 datque
309 2056 431 2135 super
459 2055 528 2108 eos
557 2058 636 2137 pax
665 2034 704 2108 8(
732 2025 960 2108 benedictio
989 2025 1053 2107 dei
1082 2031 1208 2106 Amen
1222 2032 1349 2106 Amen
1365 2034 1492 2106 Amen
1550 2029 1608 2106 De
1637 2046 1782 2110 cetero.
1834 2029 1920 2110 Hac
2054 2035 2056 2038 ’

135 2138 381 2219 liberalitatis
422 2141 698 2220 munificencia
740 2141 843 2219 lianc
891 2137 1164 2244 priuilegiauit
1212 2136 1418 2218 ecclesiam
1466 2153 1513 2216 vt
1553 2136 1588 2216 si
1628 2139 1720 2246 quis
1749 2139 1919 2220 fratrum

9 2317 11 2332 .
133 2251 339 2332 meliorem
367 2251 612 2358 prebendam
640 2249 792 2330 habens
821 2249 977 2329 obierit.
1008 2250 1141 2328 senior
1172 2247 1306 2327 Irater.
1337 2276 1413 2355 pro
1443 2247 1591 2328 laboris
1606 2251 1856 2330 commercio.
1873 2279 1919 2330 ea

133 2361 336 2468 jnduatur.
401 2363 501 2441 Acta
527 2361 604 2440 hec
632 2358 836 2442 dedicacio
864 2359 1140 2467 &inscriptio
1169 2357 1333 2440 Lundis.
1364 2386 1472 2438 anno
1487 2359 1777 2440 incarnacionis
1792 2360 1920 2442 domi·

131 2475 216 2553 nice
245 2473 456 2552 millesimo
484 2473 517 2550 C
545 2473 618 2552 XL
646 2472 685 2549 V
712 2469 931 2580 jndictione
961 2470 1056 2548 VIII
1085 2467 1313 2577 presidente
1342 2497 1505 2550 romane
1534 2474 1573 2548 8(
1588 2472 1805 2578 apostolice
1821 2470 1917 2553 sedi.

132 2582 358 2666 beatissimo
387 2611 493 2692 papa
521 2583 702 2690 Eugenio
732 2583 789 2660 III
817 2581 1194 2689 Archiepiscopatus
1223 2580 1375 2661 domini
1403 2577 1531 2659 eskilli
1558 2581 1805 2662 memorandi
1828 2611 1919 2689 pre·

9 2751 11 2810 l
132 2697 225 2774 suIis
256 2722 364 2775 atino
393 2695 528 2774 VIII:o
556 2695 713 2773 Horum
751 2693 959 2800 presencia
987 2697 1027 2771 8(
1054 2691 1291 2772 testimonio.
1322 2719 1495 2801 quorum
1517 2691 1582 2770 hic
1598 2710 1820 2800 sequuntur
1835 2696 1918 2774 No·

8 2859 10 2890 t
133 2809 247 2886 mina.
280 2805 481 2913 Episcopi.
512 2807 683 2884 Aszerus
711 2799 895 2884 Selandie
924 2802 1136 2909 episcopus
1165 2802 1289 2883 Gislo.
1320 2803 1662 2909 Liungaeopensis
1692 2805 1917 2910 episcopus.
1947 2899 1950 2904 ¹

8 2897 10 2944 ³
136 2918 340 3023 Otgrimus
367 2915 640 2996 Skaronensis.
698 2913 960 2993 Hermannus.
991 2912 1250 2994 sleswicensis
1278 2913 1490 3020 episcopus
1511 2911 1698 2993 Abbates.
1729 2914 1926 3000 Nicolaus.

134 3026 359 3108 Lnndensis
388 3025 582 3133 jusfridus
610 3025 837 3104 swansheit.
896 3023 1135 3104 Willelmus.
1277 3067 1280 3072 ·
1366 3019 1370 3029 ’
1512 3091 1519 3108 ,Ν
1625 3024 1770 3103 Clerici
1799 3025 1917 3106 Ebbo

133 3137 318 3220 decanus.
382 3137 571 3218 Nicolans
608 3133 924 3215 archidiaconus.
988 3136 1139 3212 Omnes
1175 3135 1355 3212 canonici
1384 3133 1510 3213 sancti
1525 3132 1751 3240 Laurencij.
1768 3153 1809 3215 et
1824 3135 1918 3214 Dal·
2043 3155 2084 3174 '¹

133 3250 297 3355 hyensis
333 3248 497 3328 ecclesie
533 3247 685 3326 fratres.
744 3245 951 3352 Prepositi.
1005 3243 1162 3334 Paulus.
1207 3245 1401 3327 Ascatius.
1447 3243 1587 3321 Clerus
1623 3243 1913 3326 innumeros'us

8 3409 10 3430 ·
133 3363 339 3466 Principes
374 3359 504 3440 Swen.
534 3357 631 3436 erici
660 3357 764 3460 regis
793 3357 905 3436 lilius.
965 3356 1154 3434 Kanutus
1170 3355 1317 3459 magni
1345 3354 1449 3434 lilius
1478 3355 1618 3434 Ericus
1647 3353 1742 3434 dux.
1773 3363 1813 3436 8(
1833 3355 1918 3436 elus

8 3449 10 3476 .
134 3470 212 3551 lilii.
274 3469 449 3548 Karolus
477 3474 516 3548 8(
543 3469 730 3560 Kanutus
758 3465 979 3546 Bondones.
1009 3462 1345 3570 Toki.;signesun
1381 3467 1560 3572 Magnus.
1590 3491 1759 3544 saxesun
1798 3467 1918 3546 Siun·

8 3659 9 3678 ¹
134 3579 182 3662 de
215 3607 428 3661 swenssun
462 3577 574 3658 Karl.
612 3578 754 3686 agisun
795 3579 900 3656 Ener
928 3577 1050 3656 Swen
1078 3564 1340 3654 cristianssuir
1363 3582 1475 3683 A'gge
1505 3567 1723 3681 pe'te'rssun.
1784 3577 1916 3656 Penei

8 3681 10 3732 t
133 3692 315 3796 Karlaby
345 3689 431 3770 Ake
453 3689 617 3796 'juvenis
646 3694 685 3768 8(
712 3688 797 3766 eius
825 3686 929 3768 filius
958 3687 1063 3765 Hun.
1096 3683 1181 3766 Ake
1210 3685 1281 3762 Iris
1309 3701 1349 3763 et
1377 3687 1521 3766 Illanne
1549 3683 1672 3766 frater
1686 3687 1780 3768 eius.
1796 3703 1836 3767 et
1857 3702 1921 3763 to·

8 3803 10 3810 ’
133 3804 213 3884 tius
240 3803 384 3910 populi
413 3799 626 3882 multitudo
656 3799 818 3906 eopiosa
874 3800 925 3876 Jn
953 3794 1133 3876 kalendis
1162 3795 1419 3902 Septembris.
1449 3795 1630 3879 feliciter.

139 3980 226 4139 86.
412 3973 416 3982 ¹
521 4031 566 4142 ,’
635 4165 638 4172 ¹
812 4028 1244 4196 ¹15⁰‘†¹¹⁶²·

215 4256 325 4322 Abbot
346 4257 467 4318 Prrm
488 4254 527 4315 al
542 4252 642 4316 Celles
662 4252 795 4398 swffi
816 4249 995 4314 arte-unt.
1017 4197 1130 4318 Ecum
1152 4198 1289 4334 δῴη(
1309 4262 1356 4314 att
1376 4251 1492 4320 broder
1512 4255 1668 4317 Roornms
1689 4249 1726 4313 af
1736 4251 1920 4316 Carthmis·
2002 4231 2007 4238 ¹

266 4360 361 4402 nerne
394 4337 493 4402 skulle
524 4337 576 4418 till
603 4335 719 4398 honom

262 4421 330 4484 Od
795 4335 866 4397 clas
897 4335 947 4398 uir
969 4344 1016 4396 att
1037 4333 1255 4420 pppsdlepch
1276 4333 1395 4400 beredo
1414 4337 1426 4399 i
1447 4338 1569 4402 Norden
1590 4357 1628 4398 en
1649 4336 1730 4419 plats
1750 4337 1800 4418 lb'r
1820 4337 1919 4401 denna

293 4445 309 4484 r
331 4442 378 4482 en.
1758 4463 1761 4472 .

1417 4503 1453 4587 ll.
1471 4533 1498 4588 h.
1517 4546 1550 4588 a:
1569 4505 1629 4585 bba.
1649 4525 1722 4620 'Nm
1739 4533 1784 4586 st.
1809 4515 1817 4528 ⁴

302 4639 472 4752 Domzito
499 4676 539 4752 8(
559 4643 677 4779 putri
703 4699 772 4750 suo
801 4671 1031 4752 ctarnstmo
1059 4631 1209 4750 13(ᾗὶΙᾶ
1223 4625 1424 4782 hodene
1449 4668 1748 4782 Arcln'episeopo
1768 4673 1921 4774 >frater

334 4783 483 4873 Petrus
509 4783 696 4862 Cellensis
723 4777 848 4862 abbas
874 4805 986 4859 omne
1014 4779 1156 4860 bonum
1184 4809 1211 4859 a
1237 4781 1410 4860 Domino
1438 4777 1571 4860 ΠΕΟ.

180 4871 186 4880 ⁵
302 4907 364 4988 De
389 4907 732 5015 superabundanti
760 4906 961 4989 bonorum
988 4905 1203 4988 caelestium
1226 4905 1354 5012 gratia
1375 4922 1539 4988 eatenus
1554 4922 1635 4987 tam
1648 4906 1782 4988 vultus
1796 4931 1921 5014 quam

139 5045 275 5104 manus
302 5033 443 5104 vestrae
470 5017 680 5119 resudant,
707 5033 753 5104 vt
779 5018 857 5104 nisi
884 5014 1126 5102 verecundia
1154 5013 1217 5097 his
1244 5015 1493 5125 temporibus
1521 5018 1571 5100 ab
1601 5015 1774 5100 humana
1789 5015 1920 5122 regio-
