4368 5950
979 515 1036 537 -
1147 475 1228 556 ado
1340 517 1393 538 ···

294 707 487 772 vetamur.
523 685 649 797 multo
678 689 804 794 magis
832 687 875 768 in
903 687 1164 796 spiritualem.
1207 689 1350 772 falcem
1395 693 1563 774 alienam
1609 699 1766 798 mittere
1809 695 2052 806 prohibemur.

293 797 575 902 Quamobrem.
604 798 896 906 querimoniam
928 798 1096 879 fratrum
1111 816 1348 882 'nostrorum
1370 806 1656 887 canonicorum
1673 807 1924 888 lundensium
1951 801 2054 892 atter·

294 909 443 988 dentes.
473 935 595 1017 super
623 909 1152 1018 subtractionegoblacionis
1181 939 1261 1020 que
1290 915 1333 994 lit
1361 914 1402 992 in
1431 929 1586 994 summo
1601 918 1718 1000 altari
1732 920 2055 1030 sanctilaurencij.

294 1023 500 1099 presentes
528 1036 569 1098 et
598 1017 758 1099 futuros
785 1021 886 1100 scire
918 1020 1116 1100 uolumus.
1146 1021 1269 1128 quod.
1299 1022 1385 1102 siue
1413 1025 1610 1131 simplices
1639 1012 1864 1110 sacerdotes
1886 1032 1965 1108 siue
1990 1037 2059 1140 epi-¹

213 1129 221 1162 ²
293 1128 404 1235 scopi
434 1131 475 1208 in
503 1157 657 1210 summo
686 1129 805 1208 altari
833 1129 942 1210 beati
982 1130 1175 1237 laurencij
1220 1127 1355 1211 luridis
1397 1133 1701 1218 celebrauerint.
1744 1139 1969 1218 oblaciones
1995 1171 2058 1250 que

291 1237 348 1317 ibi
377 1237 540 1319 fuerint.
570 1241 612 1319 in
640 1267 733 1318 rsus
762 1242 1006 1347 proueniant
1034 1243 1333 1320 canonicorum.
1386 1244 1491 1322 Huic
1520 1265 1648 1325 autern
1679 1250 1903 1354 priuilegio,
1931 1252 1959 1328 si
1987 1257 2062 1358 quis

292 1366 433 1428 contra
463 1376 699 1431 consensum
728 1351 1013 1429 canonicorum
1055 1351 1295 1431 obuiauerit.
1342 1351 1545 1461 tamquam
1573 1359 1769 1466 sacrilegii
1813 1385 1904 1436 reus
1931 1361 2059 1439 timeat.

293 1487 342 1537 ne
372 1458 491 1540 deum
518 1476 560 1540 et
588 1462 695 1568 ipsos
724 1462 952 1540 canonicos.
983 1478 1181 1567 prouocet
1209 1460 1260 1541 ad
1289 1460 1495 1543 offensam.
1532 1468 1678 1546 Datum
1711 1467 1847 1548 lundis
1875 1497 1980 1548 anno
2005 1471 2062 1550 do·

296 1570 438 1650 minice
467 1570 761 1650 incarnacionis
789 1571 1066 1660 MCC⁰XXIIL
1095 1571 1355 1654 Pontificatus
1385 1576 1523 1657 nostri.
1551 1582 1671 1658 Anno
1701 1579 1828 1658 XXII.

223 2140 229 2155 Ι
300 2065 430 2171 219.
629 2063 634 2070 ·
869 2015 1055 2130 '1223
1101 2024 1149 2128 d.
1205 2067 1268 2131 '11
1320 2025 1483 2174 April.
1802 2087 1806 2094 ·
1856 2027 2066 2132 Lateran.

376 2245 465 2308 Ptfv.
486 2222 643 2304 Honorius
664 2241 733 2302 lllts
753 2243 943 2326 uppmaning
965 2243 1014 2305 till
1035 2243 1170 2324 Konung
1192 2243 1268 2306 Erue
1288 2245 1436 2308 Eatcssou
1457 2255 1516 2322 att,
1540 2246 1551 2306 i
1571 2243 1669 2306 tilher
1700 2245 1772 2306 med
1797 2243 1909 2327 Kejsar
1929 2245 2067 2306 Furorum

428 2324 488 2390 och
508 2325 557 2387 ltu·
577 2335 621 2385 att
642 2322 802 2386 bibehdlla
823 2322 963 2406 Sreriges
984 2326 1087 2407 gemla
1102 2328 1253 2408 lurigstra,
1274 2327 1393 2411 slyuda
1414 2329 1462 2390 till
1485 2326 1739 2409 HeligaLandets
1759 2327 1972 2408 uudsattuing,
1993 2325 2068 2386 hvars

427 2405 595 2490 betrtngda
617 2404 753 2508 tillstdnd
774 2406 951 2473 bcslnifves.

1789 2517 1824 2572 tt.
1846 2535 1869 2572 c.
1896 2533 1951 2589 ¹7²·

668 2656 871 2776 Honorius
899 2657 1018 2767 Papa
1047 2659 1209 2738 Tertius
1236 2659 1394 2739 illustri
1420 2661 1527 2766 Regi
1551 2657 1712 2741 Suettae.
1779 2669 1797 2759 ζ

463 2803 592 2881 lvstvs
621 2801 816 2879 Dominus
843 2801 885 2879 in
915 2799 1101 2878 omnibus
1129 2799 1206 2906 uijs
1236 2802 1333 2897 suis,
1363 2801 1433 2910 qui
1468 2801 1684 2910 unicuique
1713 2825 1790 2907 pro
1809 2800 1965 2880 meritis
1991 2823 2073 2876 eon·
2113 2803 2116 2807 ’

295 2915 417 3024 digna
445 2910 710 2992 retributione
737 2908 972 3017 respondet3
1002 2911 1108 2988 circa
1139 2915 1346 3018 negotium
1369 2928 1487 2990 terrae
1514 2927 1661 2990 sanctae
1680 2917 1791 3018 spem
1814 2910 1957 3018 populi
1973 2908 2073 2988 Cbri-

296 3025 415 3105 stiani
444 3021 547 3100 fouit
577 3019 793 3128 aliquando
822 3023 1045 3127 prosperis,
1074 3027 1113 3098 &
1138 3020 1342 3100 interdum
1360 3021 1587 3101 debilitauit
1600 3022 1788 3102 aduersis.
1820 3021 2073 3127 Oquantum

295 3132 544 3214 Christicolis
573 3128 786 3210 videbatur
814 3129 991 3210 arridere
1021 3131 1276 3238 prosperitas.
1337 3134 1375 3211 0
1403 3147 1600 3240 quantum
1644 3130 1817 3211 illuxisse
1842 3129 2074 3212 credebatur

295 3241 481 3324 fidelibus
507 3240 645 3320 faeliois
674 3267 830 3320 aurorae
858 3268 1131 3334 successuum,
1162 3241 1329 3347 quando
1358 3243 1738 3349 Crucesignatorum
1768 3241 1982 3321 Exercitus
2009 3243 2075 3316 Ae·

296 3370 469 3463 gyptum
496 3349 731 3460 aggrediens
761 3367 852 3458 post
881 3353 1023 3430 turrim
1053 3369 1224 3457 captam,
1254 3368 1347 3458 post
1374 3352 1585 3431 transitum
1617 3349 1812 3444 fluminis,
1837 3367 1933 3456 post
1956 3348 2076 3428 hostes

295 3464 525 3557 exterritos,
554 3463 595 3540 in
628 3460 951 3540 aduersariorum
981 3460 1223 3540 stationibus
1254 3464 1394 3541 Castra
1423 3463 1527 3558 lixit,
1564 3467 1602 3540 se
1632 3463 1875 3554 Damiatam,
1897 3485 1997 3567 quae
2022 3482 2076 3535 ro

296 3575 377 3654 bur
402 3571 643 3654 censebatur
671 3571 865 3678 Aegypti,
903 3569 1015 3650 duris
1044 3569 1265 3651 obsidionis
1305 3574 1502 3680 angustiis
1531 3574 1765 3652 coarctauit'
1817 3569 1895 3650 Res
1925 3565 2078 3677 quidem

295 3683 493 3793 agebatur
521 3679 721 3770 miraculi,
751 3709 838 3760 cum
872 3683 1068 3760 Dominus
1096 3683 1168 3789 qui
1196 3680 1316 3790 elegit
1358 3673 1514 3762 infirma
1555 3679 1716 3776 mundi,
1745 3693 1789 3760 rt
1812 3676 2079 3760 confunderet

212 3853 214 3858 -
297 3794 435 3891 fortia,
469 3791 682 3871 Ciuitatem
699 3791 990 3898 expugnationi
1020 3787 1239 3888 difficilem,
1268 3820 1317 3872 eo
1343 3809 1526 3901 tempore
1548 3791 1716 3873 tradidit
1744 3789 1985 3897 gerentibus
2008 3784 2079 3869 bel-

295 3904 378 3986 lum
408 3904 513 4000 eius,
542 3925 626 4010 quo
654 3899 882 3979 inualuerat
910 3898 1101 3978 -multum
1144 3907 1271 4007 partis
1316 3900 1493 3982 aduersae
1531 3903 1730 4011 potentia,
1758 3906 1797 3980 &
1825 3899 2078 3979 abbreuiatus

294 4032 381 4095 erat
409 4040 493 4094 non
522 4010 724 4092 modicum
761 4028 991 4090 nostrorum
1020 4036 1211 4088 numerus
1251 4013 1503 4092 bellatorum.
1560 4011 1745 4092 Habebat
1787 4025 1922 4088 autem
1960 4013 2002 4089 in
2028 4007 2081 4086 lu's

295 4124 548 4218 Vniuersitas
576 4120 803 4202 Christiana
830 4118 938 4200 vnde
966 4116 1233 4229 protenderet
1261 4123 1376 4231 quasi
1418 4139 1536 4203 oertae
1564 4125 1648 4230 spei
1690 4119 1875 4200 liduciam
1906 4120 1965 4208 in,
1983 4117 2080 4197 futu·

294 4262 396 4316 rum.
432 4235 608 4328 ¹Verum
650 4230 956 4320 stmcedentibus
999 4231 1221 4337 prosperis,
1266 4234 1437 4312 victores
1466 4232 1580 4313 obliti
1612 4255 1760 4314 nomen
1803 4231 1970 4309 Domini
2001 4243 2081 4336 post

297 4341 546 4454 triumphum
574 4341 672 4423 dato
701 4343 921 4422 virtutibus
950 4339 1089 4420 libello
1116 4339 1299 4449 repudij‚
1342 4347 1397 4422 sic
1440 4337 1674 4424 contraxere
1703 4337 1794 4422 enni
1836 4339 1951 4447 v‘itiJ's
1981 4333 2081 4448 quod

295 4454 564 4536 detrahebant
590 4451 704 4547 fidei,
734 4451 805 4532 vbi
833 4451 1097 4532 conuertendi
1128 4449 1289 4534 fuerant
1324 4451 1528 4550 Infideles‚
1557 4458 1597 4532 81
1625 4453 1752 4530 maior
1787 4465 1872 4528 erat
1903 4464 2080 4558 peccato·

296 4588 387 4643 rum
414 4563 657 4659 commissio,
685 4561 755 4642 vbi
784 4562 911 4642 maior
939 4562 1118 4652 remissio
1146 4561 1395 4669 sperabatur.
1425 4565 1516 4668 Qua
1547 4578 1715 4672 propter
1736 4575 1991 4674 prouocatus
2012 4560 2082 4637 Do

297 4672 449 4764 minus,
488 4671 691 4754 dexteram
720 4672 762 4752 in
806 4672 1005 4752 sinistram
1030 4675 1072 4750 ’δι
1100 4673 1269 4779 gratiam
1317 4675 1488 4756 mutauit
1517 4675 1558 4754 in
1587 4675 1705 4767 iram,
1726 4757 1730 4766 ,
1748 4669 1946 4749 citharam
1976 4667 2082 4750 nobis
2144 4707 2145 4714 κ

139 4806 143 4812 ’
210 4849 213 4854 .
295 4782 418 4863 vertit
444 4781 488 4859 in
516 4783 688 4880 luctum,
716 4789 756 4863 &
784 4779 975 4890 gaudium
1004 4783 1210 4872 transtulit
1250 4785 1291 4862 in
1334 4809 1559 4881 maerorem,
1601 4809 1692 4863 curn
1721 4781 1868 4860 nostris
1898 4783 1943 4860 in
1974 4804 2083 4858 manu

297 4889 438 4972 hostili
464 4891 677 4989 conclusis,
708 4897 748 4973 81
776 4891 933 5002 perdita
962 4893 1164 4990 Damiata,
1190 4893 1308 4973 breui
1324 4893 1479 4975 dierum
1505 4889 1757 4974 numerosis
1785 4891 1988 4970 exinaniti
2001 4903 2084 4970 sunt

297 4998 491 5110 temporis
527 4999 637 5108 longi
672 5003 849 5101 labores,
887 5001 1001 5112 quod
1029 5029 1112 5083 non
1138 5003 1268 5085 solum
1298 5004 1624 5115 blasphemorum
1652 4999 1810 5105 iniurijs
1852 5027 2006 5082 nomen
2033 5011 2084 5077 est
2144 5025 2145 5029 ¹
