4370 5950
957 375 1360 535 '-70-'.

200 651 207 663 '
265 663 343 747 est,
370 652 538 762 recipiat
562 654 601 730 &
628 648 671 726 in
698 645 824 728 multa
851 676 951 757 pace
979 647 1151 730 fruatur.
1210 649 1282 730 Sin
1311 667 1463 748 autem,
1491 650 1599 734 bona
1626 650 1707 732 illa·
1723 654 1766 733 in
1792 653 1931 737 eadem
1963 685 2048 765 pos·

264 763 456 860 sessione,
486 789 566 873 qva
602 758 669 840 ille
704 760 868 856 obierit„
898 787 1049 842 annum
1077 767 1116 842 &
1145 759 1251 843 diem
1279 761 1322 840 in
1352 760 1538 844 districtu
1565 773 1839 845 reserventur.¹
1890 767 1933 846 Si
1959 795 2048 852 vero

180 888 189 898 '
262 873 397 952 nullus
424 871 545 953 infra
559 887 720 980 tempus
749 869 1051 954 denominatum
1081 872 1189 954 bona
1217 873 1292 952 ista
1323 869 1568 984 requisierit,
1596 873 1720 983 judex
1749 877 1919 958 civitatis
1935 905 1979 958 ea
1993 909 2049 960 re·

215 990 219 998 ‘
262 983 395 1091 cipiat.
459 984 683 1066 Novissime
712 1001 843 1063 autem
872 982 1039 1065 eandem
1069 987 1239 1092 gratiam
1267 990 1306 1064 &
1332 983 1543 1091 justitiam,
1575 1015 1693 1096 qvam
1732 989 1879 1068 nostris
1909 1007 2082 1070 merca·

129 1187 136 1196 .
174 1112 178 1125 “
260 1092 420 1176 toribus
448 1094 716 1191 decrevimus,
746 1094 913 1176 eandem
942 1093 1128 1186 omnibus
1153 1095 1403 1177 Gutensibus
1460 1097 1745 1206 inperpetuum
1772 1098 1983 1180 statuimus
2009 1100 2050 1178 li·

261 1204 404 1286 deliter
433 1203 769 1300 conservandam,
797 1205 875 1286 hoo
904 1204 1092 1287 videlicet
1119 1223 1240 1316 pacto
1269 1221 1315 1286 ut
1344 1224 1457 1314 grata
1485 1207 1764 1290 vicissitudine·
1785 1208 1890 1290 idem
1913 1211 2053 1292 nostris

86 1409 101 1421 μ
228 1321 299 1396 ·8ε
327 1315 404 1424 ipsi
432 1318 661 1401 exhibeant.
719 1318 804 1397 Nos
832 1345 914 1426 qvo
945 1345 994 1397 ve
1023 1325 1061 1398 &
1089 1335 1237 1399 terram
1265 1335 1442 1400 nostram
1470 1314 1524 1399 de
1553 1339 1697 1400 caetero
1713 1321 1861 1400 arctius
1877 1318 2051 1426 diligant,

258 1433 298 1506 &
333 1445 498 1534 portum
526 1444 710 1510 nostrum
739 1429 781 1507 in
809 1347 976 1508 Lubelre
1006 1427 1239 1537 diligentius
1268 1427 1534 1539 frequentent.
1592 1430 1724 1537 Hujus
1753 1447 1886 1510 autem
1914 1431 1974 1508 rei
2000 1449 2053 1512 te·

207 1563 212 1580 ⁴
257 1556 337 1619 stes
371 1555 466 1620 sunt
500 1539 563 1620 hi:
603 1539 827 1647 Episcopus
878 1539 1100 1636 Geroldus,
1130 1538 1380 1630 Evermodus
1410 1542 1652 1650 Episcopus,
1674 1542 1804 1622 Berno
1839 1541 2054 1650 lllagnopo-
2166 1605 2167 1608 ,

257 1647 406 1730 litanus
442 1650 686 1759 Episcopus,
722 1651 901 1731 Marehio
929 1652 981 1733 de
1019 1651 1234 1762 Vohhorg,
1263 1651 1475 1760 Adolphus
1504 1654 1664 1750 Comes,
1693 1650 1868 1734 Sifridus
1898 1653 2054 1749 Comes,
2163 1679 2167 1696 ·

256 1760 482 1842 Wolradus
511 1764 674 1857 Comes,
703 1761 900 1842 Henricus
915 1763 1072 1859 ,Comes
1098 1761 1149 1842 de
1177 1764 1426 1872 Ratzeburg,
1455 1757 1689 1844 Luthardus
1716 1764 1767 1844 de
1795 1763 2055 1858 Meinerssen,

256 1868 469 1979 Adolphus
507 1872 558 1953 de
593 1871 918 1981 Woltingeroth,
953 1872 1222 1970 Guncelinus,
1260 1879 1380 1954 Anno
1410 1873 1680 1972 Camerarius,
1710 1873 1951 1983 Ludolphus
1981 1875 2056 1954 Da·
2166 1977 2167 1982 Ἰ

256 1981 381 2094 pifcr,
412 1981 639 2065 Reinoldus
669 1985 811 2063 Comes
841 1982 892 2062 de
921 1983 1099 2074 Lubeke.
1157 1991 1259 2064 Acta
1288 2003 1383 2064 sunt
1409 1984 1494 2064 haec
1523 2013 1629 2070 anno
1659 1987 1823 2066 Domini
1851 1987 1931 2066 ΜΟ.
1968 2012 2056 2066 cen·
2151 2079 2152 2084 Ἰ

256 2094 401 2174 tesimo
430 2095 677 2205 sexagesimo
706 2095 844 2190 tertio,
873 2114 1066 2200 regnante
1096 2093 1382 2204 gloriosissimo
1410 2096 1586 2178 Domino
1622 2099 1654 2177 F
1656 2097 1839 2178 rederico
1855 2097 2058 2178 Romano·
2162 2161 2167 2186 ,

250 2231 347 2284 rum
367 2205 475 2312 lmp.
505 2211 711 2312 Augusto,
740 2232 847 2284 anno
877 2206 1006 2312 Regni
1033 2208 1096 2289 sui
1125 2204 1293 2305 decimo,
1322 2207 1489 2320 Imperii
1514 2210 1694 2322 septimo.
1754 2209 1905 2291 Datum
1929 2208 1973 2286 in
1987 2209 2057 2288 Er·

142 2339 145 2354 ·
202 2331 207 2338 '
254 2314 476 2400 teneborch
503 2317 592 2399 XV.
620 2315 697 2408 kal.
729 2318 979 2402 Novembris.

258 2670 348 2860 aa·
428 2659 491 2733 ⁵
862 2715 1011 2844 1164
1058 2693 1107 2820 d'.
1155 2719 1186 2824 5
1234 2717 1367 2863 Aug.
1787 2831 1789 2840 ,
1901 2713 2059 2819 seno

337 2934 429 3010 Pisa·
452 2937 636 3003 nimum
657 2937 725 3003 ms
745 2933 820 3000 Brel
841 2935 891 3000 till
913 2931 1128 3022 irke-Blskop
1148 2935 1286 3000 Srrrm
1311 2935 1371 2999 och
1392 2935 1471 2998 hans
1488 2932 1700 2999 ellertntdare
1720 2934 1733 2997 i
1754 2927 1922 3013 Embetet,
1946 2931 2062 2994 atthas

387 3039 462 3080 nom
482 3019 586 3100 gilves
605 3021 740 3104 pallium
758 3019 819 3083 oeli
840 3015 1066 3104 irie-Bislops
1086 3019 1253 3101 terdighet
1273 3020 1364 3082 o'fver
1384 3019 1474 3081 Sveri
1497 3039 1515 3080 e
1536 3017 1596 3080 och
1623 3017 1815 3102 Biskopame
1834 3016 1975 3095 istam,
1988 3017 2062 3078 Lina

386 3103 522 3184 ko'ping,
560 3103 722 3186 Strengntts
742 3103 802 3167 och
829 3103 1007 3181 Westeris,
1035 3103 1106 3166 med
1136 3101 1257 3184 Upsala
1282 3100 1352 3164 stad
1372 3101 1423 3164 till
1445 3097 1487 3164 dr
1508 3101 1637 3167 e-Bisko
1658 3110 1752 3178 ssstc,
1774 3101 1868 3184 jemte
1890 3096 2062 3181 stadgande

388 3193 436 3247 alt
466 3185 499 3245 st
529 3185 592 3248 ban
626 3207 692 3250 som
712 3185 916 3250 eberti-adare
941 3185 1028 3248 skola
1054 3187 1175 3266 invigss
1195 3184 1233 3245 af
1248 3179 1437 3248 irie-Bisko
1461 3204 1499 3246 en
1519 3185 1530 3244 i
1551 3185 1619 3247 Lun
1662 3184 1793 3247 hvillen
1813 3179 1854 3242 de
1875 3179 1968 3259 'skola
1984 3182 2062 3250 ‚vb'r-

361 3311 364 3319 ·
388 3267 431 3412 pa
458 3265 558 3330 sisom
578 3271 716 3350 Primam
736 3267 809 3338 med
829 3267 1043 3334 bestammelse
1064 3267 1214 3354 derjemte
1235 3265 1273 3328 af
1288 3265 1387 3351 dagar
1487 3267 1648 3347 albanen,
1670 3268 1711 3329 ds
1734 3264 1995 3348 irie-Biskopen
2016 3263 2070 3325 ftr'

411 3358 464 3414 tra
494 3353 635 3436 pallium·
1834 3415 1837 3422 ,

554 3449 561 3464 ’
1753 3461 1842 3518 aaa:
1865 3477 1929 3533 ¹7²·

421 3621 631 3750 Institucio
666 3617 975 3730 metropolitane
1009 3617 1114 3700 sedis
1149 3619 1192 3698 in
1227 3616 1380 3729 vpsalia
1414 3617 1665 3729 temporibus
1702 3615 1906 3727 stephani·
1928 3617 2061 3697 archi·

454 3759 643 3840 episcopi.

333 3977 334 3980 g
421 3879 662 3956 Anaxaunm
696 3875 908 3984 episcopus
933 3901 1084 3955 seruus
1120 3881 1329 3956 seruorum
1358 3873 1426 3982 dcj
1454 3871 1674 3954 venerabili
1706 3870 1825 3952 fratri
1854 3873 2066 3983 stephano
2166 3897 2167 3900 ‘

255 3989 419 4100 eiusque
447 3987 741 4078 successoribus
770 3986 960 4068 canonice
989 3983 1286 4068 substituendis.
1350 3987 1372 4062 J
1400 3987 1439 4066 N
1466 3987 1497 4065 P
1525 3987 1556 4065 P
1585 3983 1640 4063 M.

320 4130 330 4138 ·
422 4097 535 4178 Licet
556 4126 699 4178 omnes
727 4098 915 4208 discipuli
943 4096 1109 4178 candem
1136 4096 1288 4206 ligandi
1317 4110 1439 4207 atque
1467 4090 1653 4176 soluendi
1681 4096 1914 4203 acceperint.
1946 4095 2061 4178 ado·

257 4211 369 4290 mino
398 4225 634 4316 potestatem
665 4210 757 4292 licet
785 4240 889 4291 vnus
916 4235 1036 4288 verus
1051 4213 1088 4288 8(
1103 4204 1314 4315 singularis
1329 4210 1515 4315 magister
1530 4204 1704 4286 christus
1718 4205 1904 4288 omnibus
1920 4209 2064 4288 iniun·
2151 4244 2156 4253 ·

256 4320 379 4400 xisset
402 4321 609 4428 predicare
630 4321 895 4430 ewangelium
919 4317 1030 4405 omni
1059 4338 1251 4416 creature,
1264 4316 1445 4428 quedam
1471 4334 1608 4397 tamen
1631 4316 1827 4399 intereos
1848 4317 2069 4402 habitaest

257 4429 451 4512 discrecio
494 4431 720 4542 dignitatis,
762 4439 803 4512 8(
830 4432 1120 4513 dominicarum
1150 4434 1289 4510 ouium
1310 4440 1448 4511 curam
1471 4458 1552 4539 que
1572 4425 1795 4512 omnihuse
1855 4426 1976 4513 aliter
1992 4433 2069 4512 im·

259 4541 454 4637 minebat,
497 4542 638 4625 beatus
674 4559 812 4651 petrus
847 4539 1021 4652 quadam
1055 4539 1216 4648 speciali
1265 4543 1521 4650 prerogatiua
1571 4541 1764 4647 suscepit,
1828 4541 1965 4620 icente
2012 4537 2067 4621 ad

259 4679 349 4732 eum
391 4649 576 4748 domino,
620 4673 734 4762 petre
763 4681 870 4734 amns
898 4679 961 4732 me
989 4677 1106 4760 pasce
1136 4679 1233 4732 oues
1259 4679 1365 4732 meas
1392 4652 1474 4756 Qui
1502 4652 1625 4731 eciam
1654 4651 1760 4730 inter
1788 4677 1925 4730 omnes
1961 4679 2067 4762 apo·

261 4761 385 4844 stolos
415 4765 665 4872 principatus
692 4793 839 4845 nomen
866 4765 1055 4875 optinuit.
1113 4767 1153 4844 δι
1181 4761 1231 4844 de
1267 4762 1436 4844 lratrum
1464 4761 1770 4845 confirmacione
1795 4760 2013 4869 singulare
2044 4792 2068 4842 a

260 4874 426 4955 domino
469 4891 706 4982 preceptum
733 4877 898 4985 accepit.
928 4892 973 4954 vt
1002 4874 1045 4952 in
1073 4869 1151 4954 hoc
1179 4873 1433 4984 peculiariter
1461 4871 1685 4982 posteritati
1713 4871 1878 4957 daretur
1906 4872 2077 4958 intelli.

261 4985 301 5092 gi
345 4981 458 5095 quod
492 4987 677 5096 quamuis
711 4987 858 5071 multos
887 4985 939 5068 ad
967 4983 1147 5094 regimen
1175 4983 1338 5102 ecclesie
1373 4987 1624 5093 contingeret
1653 4981 1834 5070 ordinari
1864 4992 1974 5068 vnus'
2006 4982 2068 5066 ta-'
