4406 5966
980 441 1039 468 ..-
1128 363 1232 505 Υ7ῃό
1343 441 1400 464 .-

292 619 505 720 stionibus,
531 643 624 734 quae
647 613 912 703 vertebantur
939 616 1046 702 inter
1070 616 1234 718 chariss.
1260 616 1426 704 fratrem
1452 634 1639 704 nostrum
1667 621 1720 707 D·
1747 624 1909 710 Ericum
1944 629 2060 722 Dano-
2167 643 2169 718 t

289 759 382 817 rum
409 731 705 844 Slavorumque
733 757 871 841 regem
921 731 1051 844 partcl
1077 759 1128 816 ex
1155 759 1257 830 una,
1301 739 1343 816 8ι
1367 758 1443 815 nos
1470 759 1539 816 en.
1561 733 1710 834 altera,
1749 739 1857 822 bona
1884 739 1963 824 fide
1984 773 2058 854 pro
2167 719 2169 832 [

288 844 486 928 mittimus
514 842 644 927 eidem
679 845 856 926 Domino
897 844 1022 953 Regi.
1042 845 1196 942 Daciae,
1244 845 1328 927 sive
1369 848 1590 930 successori
1616 874 1711 948 suo,
1753 849 1908 933 solvere
1934 854 2055 944 Iun

204 1025 209 1034 .
286 955 515 1041 Marcarum
542 956 702 1069 argenti
728 955 842 1068 puri,
870 953 924 1040 ad
951 955 1114 1068 pondus
1151 956 1411 1056 Coloniense,
1446 959 1628 1042 terminis
1655 960 1964 1073 infrascriptis,
2002 968 2049 1052 in·

286 1069 553 1182 pignorantes
580 1064 711 1152 eidem
738 1083 913 1152 castrum
941 1064 1146 1168 Ludosiae,
1173 1093 1266 1152 oum
1292 1069 1565 1155 Distruotibus
1596 1067 1896 1182 adjacentibus,
1925 1091 1994 1156 etc.
2083 1093 2089 1102 ·

97 1603 99 1610 Α
222 1573 227 1579 ,
290 1455 425 1644 879.
597 1535 599 1542 ι
991 1460 1397 1607 1278-1284.

365 1681 453 1748 lion.
473 1681 567 1749 Esres
586 1683 598 1746 i
618 1683 780 1747 Danmark
800 1680 880 1745 Bref
894 1679 943 1744 till
963 1679 1046 1772 lion.
1066 1683 1198 1746 bitom
1218 1683 1230 1745 i
1251 1671 1377 1764 Sverige
1397 1650 1531 1746 &rande
1552 1682 1622 1748 fred
1642 1683 1704 1750 och
1714 1686 1848 1776 vtoskap
1859 1686 1959 1752 Rilen
1977 1693 2055 1754 emel-

382 1795 386 1802 ·
420 1765 475 1832 lan
495 1766 557 1832 oola
577 1766 739 1830 ldrstkran
760 1774 806 1828 att
826 1765 906 1848 gista
925 1765 972 1828 ein
992 1763 1078 1830 itldre
1099 1766 1211 1830 Dotter
1231 1763 1304 1830 med
1324 1763 1671 1855 Sverigesllronprins

1784 1883 1821 1940 Κ.
1843 1903 1873 1942 ιι.
1897 1889 1952 1959 tls.

452 2017 603 2102 Emcus
632 2014 710 2098 Dei
736 2015 870 2127 gratia
891 2013 1114 2114 Dauorum‚
1143 2012 1440 2128 Slavorumque
1460 2016 1561 2118 Rex,
1590 2016 1780 2102 omnibus
1807 2025 2061 2132 presensscri·

286 2145 407 2242 ptum
434 2125 696 2212 cernentibus
722 2127 767 2210 in
792 2127 970 2212 Domino
997 2126 1180 2212 salutem
1207 2128 1413 2212 Noveritis
1427 2127 1542 2240 quod
1569 2156 1646 2214 nos
1672 2157 1829 2212 summo
1857 2133 1987 2216 animo
2012 2135 2060 2214 in·

284 2239 513 2340 tendentes,
540 2265 589 2322 ac
616 2239 777 2322 firmum
790 2235 1047 2352 propositum
1060 2237 1270 2339 babentes,
1297 2238 1412 2352 quod
1438 2243 1547 2323 iuter
1573 2241 1828 2351 magnificum
1858 2244 2060 2353 principem

282 2352 335 2435 D.
364 2351 557 2462 Magnum
584 2351 786 2434 Sueorum
813 2350 1129 2460 Gothorumque
1156 2351 1308 2460 Regem
1341 2351 1552 2452 illustrem,
1580 2353 1747 2436 fratrem
1775 2371 1962 2436 nostrum
1986 2353 2062 2436 cha·

284 2464 499 2563 rissimum,
526 2467 752 2574 &regnum
770 2461 897 2574 ipsius
911 2488 962 2543 ex
976 2490 1057 2544 vna
1071 2475 1200 2570 parte,
1216 2466 1256 2543 &
1267 2489 1343 2545 nos
1357 2469 1399 2546 8r
1412 2490 1585 2574 regnum
1598 2481 1784 2546 nostrum
1798 2475 1851 2546 ex
1866 2465 1998 2561 altera,
2010 2464 2062 2545 fir-

285 2601 350 2658 mn
364 2601 446 2686 pax
472 2590 515 2657 et
542 2577 716 2658 amicitia
746 2572 904 2654 stabilis
930 2588 1134 2684 perpetuo
1147 2571 1365 2678 habeatur3
1383 2578 1557 2685 Propter
1574 2574 1689 2687 quod
1701 2574 1844 2658 habito
1872 2577 2062 2687 utriusque
2120 2609 2124 2634 ⁸

284 2685 466 2770 fidelium
494 2685 682 2786 consilio,
709 2709 784 2768 nos
811 2684 924 2767 dieto
950 2681 1165 2795 Reginae
1199 2684 1332 2768 media
1359 2687 1634 2818 promisimus,
1658 2691 1698 2768 &
1733 2688 1821 2798 ipse
1849 2685 1967 2767 nobis
1991 2688 2062 2768 vice

131 2855 139 2864 -
285 2824 421 2897 versa,
449 2795 563 2927 quod
590 2797 713 2880 filiam
741 2811 923 2880 nostram
951 2789 1169 2895 seniorem,¹
1190 2816 1283 2880 cum
1311 2797 1534 2909 lihorpsius
1550 2799 1670 2910 Regis
1685 2797 1839 2883 Sueciae
1868 2803 1908 2880 dt
1921 2796 2064 2880 haerede

284 2910 401 3021 regni
413 2931 571 3008 suecrae,
600 2935 694 2992 eum
721 2906 775 2990 ad
803 2935 932 2992 annos
958 2907 1121 2994 nubiles
1135 2911 1380 3017 pervenerit,
1397 2909 1748 2998 matrimonialiter
1764 2910 2007 3019 copulemus3
2022 2909 2064 2992 Et

283 3023 319 3103 si
346 3047 421 3102 nos
449 3019 795 3129 medio'tempore
807 3021 912 3107 mori
926 3020 1154 3133 contigerit,
1169 3020 1477 3131 procurabimus
1491 3020 1604 3134 quod
1621 3023 1701 3132 ipsi
1712 3021 1975 3122 nihilominus
1996 3047 2064 3100 rna·

283 3131 567 3217 trimonialiter
594 3131 859 3242 copulentur:
887 3127 1012 3237 Quod
1039 3131 1074 3213 si
1102 3158 1177 3242 per
1203 3158 1279 3214 nos
1307 3133 1475 3232 steterit,
1503 3160 1589 3245 quo
1600 3136 1735 3215 minus
1751 3131 1984 3242 hujusmodi
1995 3156 2064 3212 ma-

283 3244 521 3326 trimonium
549 3244 744 3327 sortiatur
769 3239 982 3342 effectum,
1022 3240 1248 3354 obligamus
1290 3271 1364 3331 nos
1407 3244 1461 3328 ad
1495 3242 1736 3330 solvendum
1765 3241 1878 3327 dicto
1909 3243 2062 3325 Domino

249 3457 251 3461 Ι
281 3344 430 3464 Magno
457 3356 508 3437 X.
539 3352 592 3440 M.
620 3381 860 3456 marcarum,
890 3355 1049 3467 argenti
1076 3355 1171 3468 puri
1199 3360 1274 3440 &a

287 3609 476 3720 880.-
912 3653 1064 3764 1279
1110 3585 1281 3723 dani
1327 3613 1462 3764 Aug

363 3833 932 4006 Kohffibluaggtgdgggtydmbrd
946 3837 997 3902 tor
1016 3837 1161 3906 divastm
1180 3836 1296 3904 kloster
1316 3835 1389 3904 med
1409 3835 1553 3904 befrielse
1573 3836 1625 3902 l'o'r
1642 3837 1707 3904 alla
1727 3833 1844 3944 Kongl.
1863 3833 2018 3923 artalylder
2034 3835 2066 3896 et

1789 3999 1823 4058 Β.
1840 4003 1868 4060 82
1886 4003 1950 4060 308.

240 4227 242 4238 ,
448 4139 498 4220 ln
525 4141 688 4224 nomine
714 4166 868 4224 summe
894 4146 936 4223 &
963 4135 1176 4224 indiuidue
1202 4140 1395 4224 trinitatis
1420 4138 1593 4249 Magnus
1620 4136 1697 4221 Dei
1711 4139 1846 4248 gracia
1879 4160 2070 4220 sweoruna

281 4246 596 4362 Gothorumque
624 4253 729 4353 Rex,
756 4253 955 4338 vniuerais
982 4257 1047 4333 &c
1072 4253 1157 4336 like
1181 4252 1273 4335 med
1297 4253 1377 4335 lto
1406 4252 1486 4334 586
1513 4267 1625 4335 mom
1652 4249 1768 4332 beate
1801 4251 1930 4332 marie
1960 4245 2071 4328 Alua-

280 4363 378 4446 st'rie
404 4362 621 4446 attinentes
648 4365 703 4447 ob
730 4363 903 4448 fratrum
931 4362 1197 4457 donacionem
1230 4367 1305 4446 &c
1334 4363 1407 4446 ccli
1433 4360 1487 4442 ab
1515 4363 1628 4445 omni
1660 4359 1752 4470 jure
1778 4360 1927 4471 regali,
1969 4355 2074 4441 vide·

280 4469 375 4555 licet
410 4472 709 4575 exactionibus,
736 4476 1114 4588 procurationibus,
1141 4471 1490 4592 expeditionibus,
1515 4477 1557 4556 a
1584 4469 1672 4555 aliis
1711 4470 1907 4570 collectis,
1936 4469 2073 4554 tibens

280 4585 356 4666 &o
379 4603 492 4668 sonat
518 4583 684 4670 domum
711 4591 754 4672 &
778 4587 924 4670 fratres
963 4583 1115 4678 ibidem
1143 4591 1216 4671 &a
1246 4581 1521 4695 protegendos
1561 4589 1635 4668 &a
1664 4586 1713 4664 sd
1739 4585 1810 4667 ock
1835 4583 1912 4665 heo
1941 4577 2071 4662 eaden

279 4693 474 4780 fratribus
506 4697 588 4806 jam
615 4697 809 4809 predictis
837 4697 991 4781 faciant
1004 4705 1044 4782 &
1057 4697 1295 4785 concedant
1324 4701 1472 4781 Damm
1488 4722 1597 4786 anno
1616 4693 1781 4778 Domini
1794 4686 2072 4779 MCCLXXIX

280 4811 322 4891 in
352 4809 529 4896 crastino
554 4811 681 4894 sancti
709 4808 989 4895 bartholomei.
1975 4891 1980 4898 .
2168 4819 2169 4842 ¹
