4370 5950
956 395 1448 512 „sa-...⁸

260 617 304 700 in
332 618 514 726 partibus
542 616 685 700 vestris
710 615 753 694 in
781 631 935 695 tantum
964 616 1092 698 libido
1120 619 1294 704 crudelis
1322 626 1362 704 8(
1389 621 1521 728 turpis
1546 621 1783 717 excreuerit,
1810 640 1870 716 vt,
1889 623 2021 710 uaedam

261 730 448 818 mulieres
473 727 710 834 prolissuae
750 745 971 834 procurent
998 730 1225 826 interitum,
1255 759 1480 841 earumque.
1503 749 1761 838 corruptores
1790 748 1866 818 tam
1905 763 2021 818 orreu-

228 839 316 921 ⁸do
357 847 394 920 8(
429 836 653 919 detestabili
695 836 864 924 facinori
894 848 977 918 non
1012 841 1141 926 solum
1169 844 1414 934 consentire,
1444 863 1583 922 verum
1611 844 1728 922 ctiam
1757 842 1855 924 illud
1882 870 2040 951 persua·¹

260 952 357 1050 dere
389 965 651 1057 praesumant,
685 953 725 1027 8(
757 947 826 1055 alij
863 949 1098 1031 incaestuosa
1126 953 1411 1054 coniunctione
1431 953 1623 1062 plerique
1651 981 1741 1036 cum
1771 955 1942 1034 iumentis
1966 957 2024 1038 ab.

259 1058 473 1146 ominauda
502 1087 543 1140 se
572 1059 797 1167 pollutione
826 1061 1125 1143 commaculent.
1185 1065 1288 1165 Quae
1316 1084 1512 1172 quantum
1541 1065 1621 1144 sint
1648 1064 1787 1170 grauia
1814 1070 1851 1144 8(
1877 1069 2027 1148 creatori
2051 1069 2054 1075 ’

257 1187 398 1252 nostro
441 1164 602 1278 penitus
643 1171 821 1266 inimica,
868 1172 954 1279 ipsa
994 1171 1153 1252 sceleris
1189 1166 1377 1255 atrocitas
1406 1178 1500 1256 satis
1533 1174 1799 1270 demonstrat,
1826 1203 1939 1284 quam
1964 1203 2028 1257 nec

256 1282 507 1364 audientium
541 1307 655 1361 aures
697 1281 781 1360 sine
824 1281 977 1390 ingenti
1006 1300 1175 1391 possunt
1206 1284 1376 1365 horrore
1403 1286 1623 1393 percipere.
1679 1285 1723 1364 Si
1751 1285 1856 1365 enim
1887 1287 1954 1394 qui
1978 1286 2027 1366 ie·

238 1405 366 1474 'ctato
398 1392 441 1472 in
467 1409 614 1474 terram
643 1391 790 1472 semine
818 1393 974 1502 prolem
1001 1395 1165 1475 nolebat
1187 1422 1237 1475 ex
1267 1423 1392 1476 vxore
1422 1399 1642 1502 suscipere,
1673 1422 1883 1504 percussus
1909 1397 2030 1493 allo·

187 1593 193 1600 ,
257 1507 367 1586 mino
396 1503 620 1584 testamenti
649 1505 794 1590 veteris
822 1503 922 1582 serie
951 1503 1185 1601 dinoscitur,
1214 1535 1296 1615 qua
1324 1533 1442 1613 poena
1470 1505 1672 1586 feriendus
1694 1534 1777 1586 esse
1793 1521 2030 1603 monstratur,

257 1615 331 1729 qui
366 1631 503 1696 natum
537 1615 750 1722 proprium
784 1641 867 1694 non
895 1614 1086 1696 abhorret
1119 1615 1320 1711 occidere,
1350 1623 1390 1698 8(
1418 1607 1572 1696 maurilt
1599 1617 1762 1696 interire
1789 1643 1908 1725 quem
1934 1619 2033 1696 viue-

257 1726 325 1809 re?
369 1725 493 1806 Cuius
536 1727 675 1834 vtique
716 1725 892 1806 criminis
927 1754 1047 1833 poena
1074 1725 1175 1807 illud
1204 1727 1322 1807 etiam
1352 1725 1638 1834 persuadentes
1664 1728 1729 1806 vel
1757 1729 2034 1808 consentientes

258 1836 416 1918 inuolui
444 1836 584 1918 beatus
612 1838 860 1942 Augustinus
889 1834 1065 1918 ostendit
1093 1836 1242 1933 diceus,
1272 1839 1323 1916 Se
1351 1837 1574 1944 periculose
1603 1835 1830 1944 decipiunt,
1866 1839 1936 1945 qui
1964 1838 2038 1916 exi·

257 1948 421 2031 stimant
447 1974 517 2026 eos
544 1962 702 2026 tantum
730 1945 948 2026 homicidas
975 1949 1156 2036 existere,
1185 1948 1257 2057 qui
1272 1946 1456 2026 manibus
1471 1948 1674 2028 hominem
1689 1947 1898 2042 occidunt,
1914 1953 2039 2027 &non

256 2061 392 2168 potius
419 2084 506 2151 eos,
535 2085 609 2166 per
636 2086 812 2167 quorum
841 2057 1069 2152 consilium,
1098 2062 1137 2139 8(
1164 2056 1363 2152 lraudem,
1393 2063 1431 2138 8(
1455 2057 1772 2138 exhortationem
1787 2059 1965 2138 homines
1980 2085 2040 2138 ex·
2122 2140 2132 2151 ,,
2173 2125 2176 2144 .

256 2173 509 2274 tinguuntur.
569 2167 673 2248 Nam
700 2169 823 2250 Iudaei
853 2168 1069 2248 Dominum
1087 2195 1340 2277 nequaquam
1355 2167 1534 2275 proprijs
1550 2163 1732 2248 manibus
1749 2167 2041 2262 interfecerunt,

256 2282 361 2364 sicut
405 2282 597 2387 scriptum
640 2293 717 2360 est:
760 2280 886 2360 Nobis
926 2308 1006 2360 non
1045 2283 1134 2362 licet
1160 2281 1381 2384 interficere
1409 2307 1654 2387 quemquam.
1684 2277 1753 2359 sed
1796 2297 1932 2358 tamen
1971 2277 2041 2356 illis

255 2418 364 2474 mors
391 2390 554 2472 Domini
582 2391 821 2496 imputatur,
849 2390 944 2499 quia
972 2391 1049 2496 ipsi
1077 2417 1168 2470 eum
1197 2389 1334 2498 lingua
1361 2388 1652 2469 interfecerunt
1682 2386 1880 2484 dicentes,
1916 2391 2044 2470 Cruci·

247 2503 362 2611 fige‚
394 2503 586 2607 crucpige
614 2530 712 2582 eum.
742 2501 940 2581 Incestum
954 2527 1051 2580 vero
1066 2515 1263 2611 quantum
1276 2501 1380 2580 sacri
1395 2498 1637 2580 abhorreant
1653 2499 1859 2596 Canones,
1877 2497 2054 2579 Concili-

258 2641 327 2694 um
362 2610 565 2694 ilerdense
601 2609 868 2690 demonstrat:
913 2612 1014 2689 Cum
1043 2611 1117 2707 his,
1146 2613 1291 2720 inquit,
1306 2611 1377 2720 qui
1393 2611 1565 2690 incestus
1579 2637 1621 2689 se
1631 2609 1864 2716 pollutione
1880 2636 2047 2690 comma·

256 2725 412 2818 culant,
441 2719 626 2831 quandiu
653 2723 696 2803 in
724 2721 814 2827 ipso
835 2717 1081 2802 ¹detestando
1109 2727 1149 2802 8(
1176 2722 1318 2802 illicito
1340 2721 1470 2800 carnis
1492 2719 1759 2801 contubernio
1775 2735 2048 2828 perseuerant,
2173 2763 2176 2790 π

256 2861 332 2913 nec
361 2832 496 2913 cibum
524 2858 679 2911 sumere
708 2830 778 2910 vlli
806 2831 1146 2927 Christianorum,
1174 2834 1277 2914 sicut
1304 2832 1522 2939 Apostolus
1550 2831 1682 2925 iussit,
1712 2831 1865 2912 licebit.
1925 2833 2049 2913 Porro

256 2943 385 3024 scelus
419 2970 511 3022 cum
546 2941 732 3022 iumentis
761 2943 992 3022 coeuntium
1021 2935 1175 3051 qunnta
1204 2946 1256 3024 sit
1283 2941 1626 3023 animaduersione
1668 2940 1958 3048 plectendum,
2000 2941 2053 3020 le·

256 3053 423 3161 gislator
457 3051 613 3155 Moyses
642 3052 838 3148 declarat,
874 3079 964 3132 cum
1000 3055 1117 3132 etiam
1145 3054 1231 3159 ipsa
1260 3053 1431 3132 interfici
1459 3050 1644 3130 animalia
1672 3051 1828 3146 iubeat,
1861 3082 1956 3162 quse
1985 3051 2051 3134 tali
2173 3121 2175 3128 .

216 3164 528 3244 'contaminata
556 3158 708 3269 flagitio
746 3161 951 3268 indignam
984 3161 1177 3241 refricant
1206 3162 1303 3243 facti
1331 3163 1572 3243 memoriam.
1630 3162 1737 3262 Quia
1752 3162 1884 3268 igitur
1901 3162 2054 3243 abomi-
2153 3164 2176 3311 ¹,

255 3273 430 3352 nabilem
470 3270 621 3351 borum
650 3299 882 3353 excessuum
910 3274 1264 3380 praesumptionem
1292 3299 1430 3351 seuera
1458 3274 1553 3351 satis
1582 3271 1831 3352 districtione
1864 3272 2054 3381 congruit
2155 3315 2161 3377 p
2173 3269 2176 3362 l

256 3384 432 3494 insequi,
461 3379 678 3493 praedictos
704 3385 879 3492 propriae
908 3383 1033 3490 prolis
1061 3396 1288 3476 necatores,
1319 3389 1357 3462 8(
1385 3399 1469 3460 tam
1483 3384 1615 3490 ipsum
1630 3379 1786 3462 facinus
1801 3384 2057 3489 persuaden·
2154 3396 2176 3504 il

49 3580 52 3595 ,
148 3597 151 3602 Ι
252 3509 334 3589 tes,
362 3491 828 3603 quamconsentientes,
856 3493 1157 3603 seuquoslibet
1181 3489 1423 3602 parricidas,
1453 3507 1523 3571 aut
1552 3520 1643 3572 cum
1673 3508 1817 3588 matre,
1839 3493 1948 3590 filia,
1964 3521 2058 3575 con·
2156 3498 2160 3507 '

253 3603 439 3700 sobrina,
472 3601 538 3684 ¹sel
568 3618 692 3711 nepte
720 3620 899 3714 agentes,
927 3635 1049 3716 quem
1076 3635 1169 3686 cum
1197 3606 1386 3690 iumentis
1414 3620 1623 3698 coeuntes,
1661 3605 1806 3688 artiori
1850 3607 2061 3712 poeniten·

251 3718 322 3795 tiae
350 3715 447 3822 iugo
471 3717 625 3824 'cm‘etis
653 3741 925 3824 compescere,
954 3724 992 3799 8(
1020 3718 1095 3798 nisi
1123 3719 1235 3797 senio
1264 3716 1456 3810 confecti,
1486 3715 1550 3793 vel
1581 3714 1764 3822 corporis
1794 3712 1963 3798 suerint
1993 3714 2062 3798 de·

255 3819 412 3910 bilitste
442 3825 526 3906 'seu
561 3843 731 3935 egestate
773 3831 972 3936 oppressi,
1011 3855 1079 3906 eos
1108 3826 1320 3907 adsedem
1349 3823 1623 3933 Apostolicam
1652 3823 1914 3932 compellatis
1946 3826 2062 3906 veni·
2160 3862 2163 3893 =

254 3965 316 4032 re,
359 3943 399 4017 8(
440 3937 652 4018 beatorum
694 3937 982 4046 Apostolorum
1024 3939 1132 4017 Petri
1168 3944 1206 4016 8(
1234 3935 1348 4014 Pauli
1378 3933 1515 4018 limina
1542 3935 1724 4030 visitare,
1754 3952 1797 4016 vt
1827 3935 1874 4014 in
1908 3936 2112 4018 sudore‘

234 4048 390 4138 ,vultus
424 4048 487 4127 sui
505 4053 560 4128 8(
588 4050 745 4127 viarum
773 4047 910 4128 labore
944 4048 1112 4156 superni
1140 4047 1282 4128 iudicis
1311 4047 1412 4124 iram
1439 4043 1628 4140 euadere,
1657 4051 1696 4124 8(
1724 4046 1851 4152 ipsius
1902 4044 2072 4127 miserie

254 4158 440 4241 cordiam·
468 4156 626 4238 valeant
656 4157 850 4238 inuenire.
907 4155 971 4236 Ad
999 4158 1082 4237 haec
1110 4158 1183 4266 qui
1213 4154 1450 4235 dormiendo
1479 4183 1563 4233 non
1592 4155 1821 4249 voluntate,
1854 4155 1938 4238 sed
1972 4183 2071 4238 casu

252 4267 356 4349 filios
390 4295 484 4350 suos
518 4269 761 4376 oppressisse
799 4267 1081 4362 inueniuntur,
1110 4268 1303 4360 triennio,
1332 4266 1364 4344 si
1393 4262 1516 4372 ijdem
1544 4263 1618 4372 filij
1649 4264 1801 4344 luerint
1829 4265 2071 4375 baptizati,

252 4381 286 4458 si
314 4407 410 4459 vero
433 4376 585 4488 absque
602 4406 716 4458 sacro
730 4378 968 4486 baptismate
985 4377 1244 4472 decesserint,
1260 4378 1541 4486 quinquennio
1556 4377 1804 4484 poenitentiae
1819 4373 2072 4486 disciplinis

233 4515 237 4524 ’
255 4489 500 4572 subiaceant.
566 4487 818 4583 Sacerdotes,
847 4517 949 4598 quos
978 4489 1031 4568 ab
1059 4487 1120 4570 his
1136 4491 1327 4569 conuenit
1342 4485 1558 4576 studiosius
1573 4511 1819 4593 praecauere,
1836 4486 1990 4596 officij
2008 4486 2076 4569 sui
2174 4515 2176 4562 2

249 4602 448 4708 perpetua
483 4600 721 4680 executione
757 4600 985 4709 priuentur.
1050 4599 1204 4680 Verum
1237 4601 1272 4678 si
1305 4600 1378 4708 qui
1407 4611 1621 4706 parentum
1650 4596 1839 4676 absentes
1874 4597 2075 4692 fuerint,
2174 4595 2176 4626 ²

248 4707 415 4822 quando
444 4737 585 4789 eorum
612 4709 687 4818 filij
715 4709 1086 4808 suffocantur,‘aut
1114 4711 1149 4790 si
1177 4708 1220 4791 id
1248 4708 1324 4789 sub
1355 4707 1485 4788 aliena
1514 4701 1698 4788 custodia
1726 4705 1984 4896 contigerit,
2003 4735 2080 4790 ex·

165 4811 173 4834 ‘
248 4838 313 4902 tra
342 4819 503 4926 culpam
533 4833 671 4920 erunt,
700 4821 733 4901 si
761 4838 900 4902 tamen
928 4847 996 4902 eos
1025 4847 1109 4902 non
1139 4819 1317 4917 furiosae,
1346 4818 1417 4900 sed
1446 4817 1688 4928 congruenti
1719 4835 1832 4898 custo
1867 4817 1928 4898 ise
1953 4822 2077 4928 ipsos

191 4933 193 4940 ’
247 4957 290 5016 se
323 4927 571 5014 crediderint
618 4931 841 5017 tradidisse.
905 4935 1102 5014 Praeterea
1139 4959 1222 5014 non
1257 4934 1344 5013 sine
1379 4928 1515 5012 cordis
1543 4924 1812 5010 amaritudine
1841 4929 2081 5037 quosdam
