4406 5966
810 451 868 474 ..
980 406 1056 516 cm
1173 351 1230 473 ᾗ.

122 666 221 726 vero
248 661 341 748 pars
369 629 641 716 Ecclesiarum
668 616 827 742 reliqua
882 655 955 717 uas
981 645 1082 710 tunc
1111 629 1275 711 visitare
1316 653 1403 708 non
1441 622 1583 727 debet,
1621 625 1769 712 eodem
1790 647 1925 719 tamur

122 775 231 835 anno
274 745 481 858 persoluat
531 744 734 854 Episcopo
834 657 890 824 oh
937 738 1090 824 debent
1132 741 1177 822 in
1218 755 1428 822 numerata
1469 740 1662 850 pecunia,
1701 743 1926 830 secundum
2018 789 2023 800 ,

122 861 433 948 conuentionem
461 882 539 966 pro
572 857 683 936 varia
727 881 796 938 ecc
813 855 987 936 esiarum
1031 851 1222 934 facultate
1263 851 1429 949 iactam,
1459 853 1690 936 &comuni
1725 883 1925 940 consensu

60 977 74 1018 ³
123 973 406 1082 conscriptam.
437 967 507 1048 lili
533 989 632 1050 vero
659 966 901 1064 sacerdotes,
930 965 1004 1076 qui
1031 967 1087 1046 sic
1115 965 1257 1047 solutis
1285 969 1465 1072 p'raesuht
1493 965 1694 1077 Ecclesijs,
1723 971 1807 1050 alio*
1830 971 1926 1051 visi·

117 1085 288 1168 'tationis
319 1107 426 1161 anno
456 1093 679 1187 apparatur
707 1094 931 1186 procurent
959 1091 1001 1156 et
1028 1075 1249 1157 exhibeant
1277 1077 1492 1185 Episcopo.
1522 1077 1685 1188 Reliqui
1713 1101 1823 1180 vero,
1853 1083 1928 1193 qui

122 1195 252 1307 priori
282 1196 371 1273 vice
399 1190 637 1272 visitationis
666 1208 770 1271 onus
813 1189 1111 1284 sustinuerunt,
1154 1186 1271 1268 sicuti
1315 1185 1384 1295 alij
1427 1189 1539 1296 prius
1568 1189 1769 1291 lecerunt,
1813 1195 1937 1274 iuxta

123 1306 406 1418 praescriptum
434 1301 732 1383 Conuentionis
759 1316 941 1381 tenorem
969 1325 1054 1380 sese
1089 1297 1296 1381 humiliter
1338 1296 1533 1382 absoluat.
1591 1301 1739 1412 Sicque
1769 1319 1929 1406 tantum
2010 1365 2018 1376 Ι

125 1421 251 1502 Sexto
279 1412 466 1530 quolibet
495 1439 605 1493 anno
632 1411 803 1494 cuilibet
831 1405 1018 1493 Ecclesiae
1046 1407 1264 1520 praesidens
1283 1435 1334 1491 ex
1349 1413 1585 1492 necessitate
1613 1413 1774 1524 cogitur
1801 1422 1949 1525 appa?

124 1544 257 1611 ratum
286 1524 579 1609 administrare.
610 1525 714 1604 Nam
743 1525 908 1606 alteruis
936 1521 1093 1606 vicibus
1122 1522 1295 1633 quisque
1326 1522 1634 1628 procurationes
1666 1525 1788 1609 debet
1814 1527 1929 1609 exhi·

124 1640 242 1736 bere,
281 1653 323 1718 et
350 1652 502 1718 certam
530 1650 754 1716 numeratae
786 1635 969 1744 pecuniae
1006 1661 1200 1714 summam
1242 1632 1443 1714 exciuere.
1495 1635 1713 1744 Postquam
1738 1663 1837 1720 vero
1867 1665 1929 1720 se·

125 1748 305 1834 cundum
335 1746 520 1829 ordinem
551 1745 734 1828 debitum
770 1774 817 1827 ac
851 1770 1078 1856 congruum
1122 1746 1303 1852 praesulis
1331 1745 1562 1853 peragratio
1590 1761 1631 1824 et
1659 1748 1929 1866 apparatuum

125 1860 369 1973 praeparatio
397 1858 637 1966 tempestiue
664 1857 788 1939 fu'erit
811 1887 840 1938 a
874 1854 1296 1967 praepositisindicta,
1346 1854 1625 1937 sacerdotibus
1660 1885 1820 1952 necesse
1849 1877 1929 1966 est,

123 1991 168 2054 vt
202 1973 334 2080 primo
368 1986 585 2079 paraturus
628 1967 681 2048 ab
731 1968 914 2070 aduentu
953 1967 1136 2078 episcopi
1178 1966 1491 2079 praeparatorios
1522 1963 1574 2046 ad
1603 1969 1736 2053 minus
1755 2069 1758 2074 .
1774 1963 1931 2080 septem

124 2084 284 2168 dierum
312 2081 496 2164 inducias
524 2079 684 2161 habeat.

132 2341 265 2449 833.
837 2337 1241 2482 1221-123p

130 2573 132 2579 ·
208 2557 289 2624 Bisk.
310 2557 428 2622 Enicas
449 2558 461 2619 i
482 2555 659 2642 Linldping
680 2557 760 2620 Brel'
775 2559 824 2623 till
846 2557 1134 2642 Haradshdidingen
1154 2555 1217 2621 och
1237 2555 1430 2641 inbysggarne
1451 2557 1462 2620 i
1484 2555 1647 2622 Sunnerbo
1668 2557 1768 2624 htrad
1787 2559 1861 2626 med
1870 2545 1932 2630 be·

262 2641 399 2724 salining
419 2651 466 2706 att
485 2641 513 2724 ej
535 2637 647 2704 oli-eda
667 2641 802 2726 Hydria,
823 2641 969 2708 Gudhem
989 2643 1051 2706 och
1072 2643 1224 2727 Byarums
1242 2641 1360 2706 kloster
1379 2642 1391 2706 i
1411 2640 1502 2706 derat
1521 2641 1615 2706 ardel
1636 2644 1675 2706 af
1690 2643 1789 2708 Sicos
1808 2645 1891 2710 fiale.
2003 2684 2005 2690 ¹

1590 2739 1809 2828 eacan?

299 2891 543 2976 Benedictus
571 2893 637 2976 dei
665 2894 793 3004 gratia
820 2895 1034 3006 episcopus
1063 2893 1307 3002 lincopensis
1336 2893 1405 2976 W.
1429 2889 1692 3006 proloqutori
1719 2897 1760 2974 &
1788 2895 1944 2994 ceteris.

129 3004 324 3094 sutherbo
352 3005 674 3089 inhabitantibus
714 3004 883 3086 salutem
911 3008 954 3086 in
983 3007 1171 3086 Domino.
1217 3005 1370 3086 Notum
1412 3015 1473 3108 cst
1513 3005 1767 3092 universitati
1801 3019 1931 3086 vestre

161 3119 245 3201 uod
273 3117 364 3199 colo
399 3119 620 3228 ⁶episcopus
662 3117 903 3228 piscationes
932 3117 975 3196 in
1004 3112 1199 3198 shaedhin.
1242 3113 1460 3197 noueualli.
1504 3114 1694 3226 gudhem.
1733 3117 1933 3224 byarum.

92 3279 96 3286 .
129 3150 316 3314 blaustris
347 3227 542 3338 legittime
578 3228 752 3309 contulit
780 3253 880 3338 quas
908 3230 1103 3310 hactenus
1131 3228 1367 3313 inconcusse
1395 3227 1675 3337 possederunt.
1714 3256 1825 3308 nunc
1860 3255 1932 3307 au·

132 3360 214 3424 tem
243 3353 556 3450 conqueruntur
583 3336 778 3449 quosdam
807 3340 917 3450 ipsos
959 3340 1174 3422 molestare
1210 3353 1470 3451 quapropter
1512 3338 1629 3420 vobis
1662 3339 1934 3449 significamus
2047 3435 2050 3440 Ι

132 3451 246 3564 qnod
274 3453 511 3562 quicunque
524 3541 527 3548 ¹
540 3451 650 3558 ipsos
678 3448 728 3531 de
756 3465 893 3536 cetero
920 3450 1209 3532 molestauerit.
1245 3452 1486 3532 sententiam
1501 3450 1932 3532 excommunicacionis
1973 3491 1981 3502 ·

132 3567 323 3646 incurret.

39 3955 53 3960 „
140 3821 275 3950 834.
469 3888 494 3916 ·.
842 3823 1245 3928 1222-1250.

220 4041 302 4106 Kon.
323 4038 402 4103 Earc
423 4037 584 4102 Earcsscns
606 4037 781 4120 Besallaing
810 4037 859 4102 till
889 4037 1191 4126 Hiradshdldingen·
1210 4041 1272 4106 och
1302 4039 1473 4102 invinarne
1493 4037 1504 4098 i
1525 4036 1689 4105 Sunnerbo
1719 4037 1819 4104 hired
1839 4048 1885 4103 att
1905 4040 1933 4122 ej
2038 3995 2058 4012 ἀ

269 4123 379 4189 olicda
400 4125 427 4186 N
428 4122 523 4207 ydala'
529 4163 539 4202 ,
561 4120 720 4185 Gudhems
741 4119 802 4184 och
823 4123 974 4208 Byarums
993 4125 1111 4190 kloster
1131 4128 1142 4188 i
1161 4126 1252 4192 daras
1270 4122 1364 4190 andel
1385 4121 1423 4184 af
1438 4119 1537 4195 stem
1556 4122 1644 4188 fiske..
1744 4135 1748 4146 ·
1812 4155 1817 4172 .
1849 4159 1853 4170 .

1588 4235 1801 4309 meast)

306 4345 455 4455 Enicus
484 4369 560 4452 Dei
588 4371 716 4480 gratia
744 4397 945 4454 sueorum
973 4401 1045 4456 rex
1074 4377 1143 4459 W.
1172 4373 1433 4487 proloqutori
1472 4373 1697 4484 ceterisque
1739 4371 1935 4456 sutherbo
2053 4396 2056 4402 ’

141 4483 466 4566 inhabitantibus
492 4480 674 4565 salutem.
703 4481 856 4564 Notum
883 4501 945 4566 est
979 4485 1177 4570 vniucrsis
1205 4485 1247 4567 in
1275 4484 1489 4596 prouincia
1532 4500 1665 4567 vestra
1705 4483 1936 4568 constitutis

30 4697 46 4711 ,
138 4592 253 4706 quod
282 4610 429 4676 attaws
456 4608 595 4676 noster
621 4621 694 4678 rex
721 4591 898 4676 kanutus
926 4597 1120 4710 quasdam
1148 4597 1397 4708 piscaciones
1424 4623 1527 4710 quas
1554 4595 1738 4680 matheus
1765 4593 1843 4679 sibi
1858 4619 1935 4707 pro

52 4787 70 4814 ¹
181 4809 207 4882 *)
229 4802 327 4866 Eitea·
339 4821 378 4864 en
398 4803 436 4870 ad*
451 4803 617 4868 emme
636 4804 722 4868 Acco
741 4803 963 4870 cehdnms
982 4805 1015 4870 d.
1033 4827 1057 4893 9
1076 4806 1138 4889 ttaj
1163 4806 1240 4890 1372
1261 4801 1437 4870 vidimerad
1456 4793 1595 4886 munh,
1615 4803 1778 4890 bagagnffl
1793 4801 1838 4868 'af
1852 4801 1948 4873 (lan-⁸
1991 4827 1995 4838 ’

225 4905 332 4962 aram,
354 4886 396 4948 Ι).
416 4910 445 4952 a.
488 4885 594 4965 2452,
615 4886 802 4969 Utgisvareu
822 4889 861 4950 ai
876 4889 944 4953 Act.
974 4892 1047 4954 Litt.
1077 4888 1130 4952 ὃν.
1156 4890 1242 4973 1724.
1262 4911 1285 4953 a.
1306 4889 1485 4970 stata-560,
1512 4887 1574 4952 och
1593 4892 1660 4973 mig
1680 4886 1954 4972 drtdtqq'mfi..
2048 4967 2053 4979 Ι

97 4985 102 4998 ’
228 4965 352 5063 [dandi.
382 4972 437 5068 till
482 4971 613 5116 pplysra
634 4969 787 5032 totana
818 4971 945 5053 Histri
964 4975 1036 5038 Del.
1056 4973 1117 5038 aid.
1138 4971 1258 5060 3-193
1279 4993 1352 5039 meu
1381 4972 1443 5040 har
1461 4971 1637 5041 atamen
1666 4973 1867 5056 {brionniu-
1885 4970 1960 5034 tt·-

226 5059 377 5114 nunstcne
399 5071 425 5136 ε]
447 5073 489 5115 nu
531 5061 627 5116 iurat
646 5051 819 5116 iterfinnas
