4362 5946
810 421 871 500 .·.”
983 435 1063 541 309
1172 409 1233 504 222·
1266 435 1268 440 ·
1705 519 1709 530 Ι
1917 539 1921 550 ¹

56 622 59 630 Ι
133 657 261 796 bad.
364 781 366 786 ,
760 621 923 794 ibib
966 666 1020 801 A
1068 671 1100 772 5
1127 676 1289 812 Aug·
1405 639 1457 696 ³
1750 621 1914 816 Lyon.
2050 705 2056 718 ·

201 883 297 947 Pttv:
313 881 509 947 hiocnirms
532 883 602 945 {vis
624 885 702 947 stef
718 884 766 947 till
788 883 1041 968 hle-Bislopsn
1062 886 1073 944 i
1095 885 1186 948 Lund
1207 886 1280 950 med
1300 884 1503 957 tilldtelsediir
1524 888 1812 973 tiollirlunslapor
1833 886 1912 952 kin·

254 967 294 1029 de
314 967 455 1045 Praeter,
476 977 522 1029 stt
541 967 614 1029 med
635 967 700 1030 sinis
721 966 948 1030 inncbsiunde
968 966 1265 1050 lagenhcterliirenn
1287 989 1326 1032 en
1347 968 1424 1031 oller
1439 980 1549 1032 tvenne
1569 971 1666 1032 andra
1686 971 1913 1053 lb'rssmlingar.
1991 1047 1998 1059 ·

1372 1080 1778 1152 nmmmnmn

286 1187 536 1290 Innocentius
568 1181 786 1294 Episcopus
813 1183 967 1264 Servus
1003 1184 1222 1264 Servorum
1258 1187 1345 1266 Dei.
1380 1165 1612 1266 Venerabili
1652 1189 1831 1296 Fratri.
1955 1233 1958 1244 ·

209 1351 218 1358 -
319 1295 617 1405 Arcltiepiscopo
646 1295 847 1378 Mndensi
873 1293 1052 1376 Salutem
1079 1297 1151 1373 &c

285 1442 387 1520 Cum
415 1439 519 1519 sicut
547 1463 597 1515 ex
628 1452 743 1544 parte
770 1454 839 1516 tua
868 1436 945 1516 fuit
974 1439 1228 1545 propositum
1256 1465 1395 1548 coram
1423 1438 1542 1520 nobis
1572 1443 1721 1548 peritos
1735 1441 1917 1532 clericos}

115 1552 268 1663 jugiter
300 1565 486 1658 oporteat
515 1566 554 1629 te
584 1547 752 1652 habere,
781 1549 922 1658 quite
952 1545 1156 1628 interdum
1199 1549 1287 1628 aliis
1330 1551 1502 1658 negotiis
1544 1571 1741 1660 occupato
1751 1600 1768 1649 ,1
1784 1581 1909 1639 ‚com-

115 1665 233 1744 misse
263 1660 341 1740 tibi
373 1654 655 1740 sollicitudinis
688 1680 810 1738 onera
838 1661 1078 1755 sortiantur,
1107 1687 1256 1770 eosque
1286 1660 1485 1768 condigna
1520 1664 1784 1744 retributione
1814 1691 1909 1771 pros

113 1775 230 1883 sequi
261 1773 435 1881 nequeas
464 1768 578 1876 juxta
606 1794 772 1852 suorum
799 1770 1043 1876 exigentiam
1078 1771 1330 1868 meritorum,
1373 1799 1465 1851 cum
1507 1771 1701 1853 beneficia
1743 1773 1920 1858 illarum

112 1886 308 1994 partium·
323 1880 423 1962 adeo
453 1877 601 1959 modici
626 1883 709 1960 sint
734 1879 901 1975 valoris,
930 1879 1043 1988 quod
1072 1882 1142 1959 vix
1172 1881 1318 1991 aliquis
1347 1880 1460 1988 juxta
1476 1899 1622 1963 statum
1650 1912 1822 1992 persone
1837 1887 1929 1968 sue.

111 1997 243 2106 possit
281 1991 332 2073 de
359 1993 480 2072 unico
508 1997 686 2104 congrue
714 1991 951 2086 sustentari,
979 2017 1054 2070 nos
1082 1991 1161 2071 tuis
1190 1992 1378 2100 precibus
1412 1994 1609 2089 inclinati,
1647 1995 1723 2074 tibi
1758 1994 1923 2105 gratilifff

109 2109 194 2188 cari
224 2103 423 2200 volentes,
450 2130 499 2186 ac
527 2129 600 2208 per
629 2101 846 2209 impensam
875 2101 951 2181 tibi
979 2102 1149 2209 gratiam
1164 2103 1263 2184 'aliis
1293 2103 1519 2211 providere,
1548 2105 1808 2189 Fraternitati
1837 2120 1922 2200 tue,

109 2218 361 2327 presentium
384 2214 625 2295 auctoritate
640 2209 909 2307 concedimus,
934 2229 981 2292 ut
1009 2241 1101 2292 cum
1117 2211 1254 2294 decem
1269 2214 1435 2294 Clericis
1450 2232 1518 2294 tue
1534 2217 1721 2313 Diocesis,
1738 2219 1808 2326 qui
1823 2219 1907 2296 vite

108 2329 287 2422 meritis,
317 2341 358 2406 et
387 2323 690 2405 dono'scicntie
719 2323 846 2432 gratie
875 2351 915 2402 se
944 2339 1153 2431 coaptent,
1188 2324 1299 2434 quod
1334 2352 1475 2406 eorum
1509 2326 1682 2434 quilibet
1717 2354 1801 2407 non
1831 2325 1920 2410 ob·.

108 2457 248 2521 stante
278 2439 312 2515 si
340 2437 498 2518 obtinet
526 2435 688 2513 unicum
719 2433 955 2514 heneficium
988 2461 1124 2514 curam
1153 2434 1306 2516 habens
1340 2437 1562 2517 animarum
1599 2465 1811 2540 annexam,
1840 2437 1919 2530 vel.

106 2547 404 2631 constitutione
433 2542 631 2654 generalis
660 2543 831 2624 Consilii
859 2572 980 2652 snper
1009 2542 1087 2623 hoc
1116 2544 1243 2642 edita,
1286 2543 1369 2625 duo
1405 2547 1482 2627 alia
1516 2547 1637 2628 etiam
1678 2550 1712 2627 si
1738 2547 1922 2643 similem.

104 2688 254 2742 curam
281 2658 476 2752 habeant,
505 2657 539 2735 si
567 2655 604 2732 ei
632 2656 825 2735 canonice
854 2653 1079 2736 offerantur
1107 2657 1285 2764 recipere
1314 2656 1465 2755 valeat,
1493 2674 1535 2737 et
1562 2686 1641 2738 una
1662 2687 1753 2738 cum
1767 2662 1920 2766 priore¹
1949 2654 1954 2660 ’

105 2771 239 2852 libere
270 2770 461 2861 retinere,
491 2766 730 2870 auctoritate
758 2781 895 2846 nostra
925 2763 1272 2877 dispenses,prout
1300 2766 1562 2848 consideratis
1584 2771 1903 2874 circumstantiis,

104 2900 147 2964 et
177 2907 326 2964 eornm
356 2879 507 2958 meritis
535 2875 756 2978 secundum
785 2879 930 2956 Deum·
943 2874 1091 2956 videris
1120 2878 1319 2988 expedire.
1375 2880 1525 2960 Datum
1554 2878 1746 2990 Lugduni
1775 2881 1903 2970 Nonis

102 2994 305 3103 Augusti,
333 2988 593 3071 Pontificatus
622 2987 751 3068 nostri
768 2990 900 3067 'Anno
930 2986 1081 3070 Tertio.

17 3437 18 3442 Ν
105 3299 250 3404 325.
620 3426 625 3442 ,
764 3299 913 3444 ¹345
960 3297 1087 3450 di
1136 3249 1280 3468 Aug:
1409 3262 1416 3276 ι
1738 3300 1902 3447 Ly'on.

186 3515 288 3580 Pan.
310 3516 505 3601 lurnesianus
528 3517 573 3579 tv
594 3517 643 3578 till
664 3469 913 3600 'litaniam
934 3519 944 3576 i
966 3517 1056 3578 Lund
1078 3517 1149 3580 med
1169 3519 1307 3580 tillsttnd
1328 3515 1374 3579 at't
1389 3517 1440 3579 ¹till
1454 3518 1559 3600 'hb'gre
1585 3519 1774 3602 Presterliga
1795 3519 1902 3582 embe-

240 3609 296 3658 ten
316 3598 465 3660 befordra
485 3596 702 3663 ett'besundt
722 3600 808 3660 antsl
831 3609 966 3682 prester,
988 3599 1092 3664 chum
1108 3601 1148 3662 dc
1168 3601 1237 3664 icle
1258 3621 1334 3664 voro
1355 3600 1450 3663 liidds
1471 3603 1508 3664 ss
1523 3602 1596 3664 stta
1616 3610 1698 3684 sing.

1329 3715 1361 3800 Ξ.
1380 3732 1408 3770 ιι
1428 3731 1484 3783 190.
1518 3715 1573 3772 an
1595 3716 1620 3771 ³.
1636 3713 1691 3786 sp.
1708 3715 1750 3786 54.

732 3818 982 3910 Innocentius
1017 3820 1090 3897 &c
1120 3815 1272 3899 Eidem.

276 3963 438 4042 Sincere
468 3957 909 4056 devotionis'affectus,
938 3989 1059 4069 quem
1090 3961 1141 4043 ad
1170 3987 1263 4057 nos,
1292 3979 1333 4040 et
1361 3964 1541 4043 Romane
1570 3962 1743 4043 Ecclesia
1771 3958 1901 4041 credi-

93 4103 186 4154 mus
219 4089 266 4152 tc
295 4071 464 4167 habere,
493 4069 748 4168 laudabiliter
777 4090 1041 4178 promeretur,
1071 4088 1117 4150 ut
1146 4073 1226 4152 tuis
1255 4092 1450 4181 quantum
1466 4101 1558 4152 oum
1588 4075 1673 4152 Deo
1689 4097 1898 4178 possumus

92 4182 378 4293 petitionibus
404 4210 640 4262 annuamus.
669 4184 772 4261 Cum
802 4183 929 4289 igitur
956 4182 1141 4262 nonnulli
1170 4183 1315 4265 Clerici
1343 4200 1412 4262 tue
1441 4184 1625 4263 Civitatis
1652 4197 1692 4260 et
1721 4181 1899 4262 Diocesis

91 4295 313 4376 defectum
343 4294 385 4372 in
412 4292 615 4372 natalibus
643 4293 868 4401 patiantur,
896 4293 1015 4402 ‘sicut
1043 4320 1091 4372 ex
1120 4309 1236 4401 parte
1264 4309 1333 4371 tua
1375 4293 1493 4372 nobis
1536 4292 1714 4402 exhibita
1757 4293 1901 4399 petitio

91 4405 364 4498 continebat,
393 4404 474 4482 tuis
503 4402 659 4483 devotis
687 4404 876 4509 'precibus
905 4404 1104 4498 inclinati,
1134 4422 1181 4483 ut
1209 4430 1305 4502 cum,
1329 4400 1599 4511 quadraginta
1641 4402 1806 4482 Clericis
1834 4430 1900 4483 eo·

87 4515 290 4600 rumdcm
319 4514 501 4594 Civitatis
530 4531 571 4593 et
600 4515 789 4610 Diocesis,
818 4513 890 4622 qui
919 4541 1004 4594 non
1032 4515 1113 4594 sint
1147 4513 1272 4621 geniti
1307 4511 1357 4591 dc
1386 4510 1602 4618 adulterio,
1645 4510 1898 4619 regularibus

85 4629 156 4708 vel
187 4632 378 4720 incestu,
400 4623 518 4733 ‘quod
548 4624 600 4704 a‘d
628 4625 800 4732 majores
828 4623 989 4716 ordines
1005 4625 1247 4733 promoveri,
1277 4617 1322 4702 et'
1332 4625 1641 4732 ecclesiasticum
1656 4622 1896 4703 beneficium

87 4739 222 4822 etiam
255 4737 292 4817 si
321 4762 458 4817 curam
486 4736 709 4816 animarum
726 4735 895 4832 habeat,
922 4763 1065 4816 eorum
1092 4732 1264 4844 quilibet
1292 4734 1476 4815 obtinere
1495 4734 1635 4838 valcat,
1664 4730 1898 4842 dispensare

84 4855 253 4961 possis,
286 4845 384 4928 dum
411 4845 742 4927 tamenhoneste
771 4845 925 4926 fuerint
966 4845 1282 4948 conversationis
1325 4860 1367 4925 et
1383 4845 1495 4950 luite,
1537 4844 1775 4927 auctoritate
1818 4843 1900 4923 tibi

83 4958 353 5074 presentium
380 4954 647 5064 indulgemus.
678 4958 845 5037 Proviso
873 4983 924 5036 ne
951 4985 1073 5064 super
1099 4954 1179 5038 hoc
1210 4984 1289 5066 que
1303 4972 1374 5035 tua
1388 4973 1483 5038 sunt
1500 4983 1663 5065 queras,
1677 4954 1749 5037 sed
1763 4958 1898 5065 potius

85 5075 221 5162 ihesu
256 5067 420 5152 Christi.
449 5067 599 5150 Datum
614 5067 806 5176 Lugduni
833 5069 940 5153 Non.
966 5069 1158 5177 Augusti,
1184 5065 1448 5150 Pontificatus
1460 5069 1602 5154 nostri·
1610 5095 1720 5154 anno
1748 5065 1898 5154 Tertio.
