4406 5966
797 552 859 613 '.''''
974 535 1050 616 711
1144 555 1222 620 .''''

124 731 362 822 venerabiles
389 748 524 842 patres
551 732 584 813 J.
613 727 972 838 Archiepiscopum
1006 728 1265 815 Lundensem
1299 733 1340 812 &
1380 733 1425 814 P.
1466 733 1715 844 Episcopum
1749 733 1910 824 Roslsil·

122 847 288 944 dcnsem‚
316 851 357 925 &
384 840 583 955 quosdam
597 840 698 923 alios
726 839 833 921 infra
860 843 1034 950 scriptos
1048 843 1229 950 prelatos
1256 847 1299 924 ἃ
1324 842 1493 926 clericos
1513 871 1558 926 re
1587 845 1630 926 ni
1658 847 1793 946 Dacia,
1821 852 1905 936 suis

121 957 278 1041 sedibus
306 961 346 1038 δε
380 955 551 1067 juribus,
579 978 715 1066 alnon
730 980 805 1034 suc
832 950 968 1062 judice
995 959 1036 1033 &
1063 970 1201 1062 preter
1228 955 1331 1063 juris
1345 954 1529 1039 ordinem
1550 874 1785 1057 destitutos,
1814 959 1908 1070 jux·
1970 1007 1975 1014 ·

121 1086 158 1151 ta
190 1086 372 1149 tenorem
400 1065 614 1177 apostolici
642 1062 823 1146 mandati
851 1065 1141 1152 sententialiter
1167 1069 1499 1165 restituissemus,
1529 1069 1749 1152 Dominum
1769 1071 1817 1156 E.
1831 1072 1911 1154 Re·

121 1209 205 1290 gem
233 1180 430 1261 Dacicae
460 1179 675 1260 Dominam
703 1177 756 1258 M.
786 1176 982 1285 Reginam
997 1263 999 1266 ,
1013 1194 1183 1260 matrem
1211 1177 1298 1289 ejus
1331 1179 1508 1262 illustres
1550 1175 1825 1290 peremptorie
1854 1185 1911 1266 ci·
1982 1255 1986 1264 .

120 1293 304 1389 tavimus,
333 1307 380 1370 ut
408 1291 529 1372 certis
557 1289 649 1372 loco
685 1289 928 1369 &termino
956 1315 1031 1398 pcr
1058 1316 1100 1371 sc
1127 1315 1199 1370 seu
1227 1310 1511 1399 procuratores
1540 1291 1723 1400 ydoneos
1745 1303 1910 1404 comp'a·

119 1418 251 1504 rcrent
278 1427 415 1484 coram
443 1400 581 1502 nobis,
609 1397 955 1482 audituri'rcrum
983 1399 1228 1499 ablatarum,
1257 1397 1527 1511 dampnorum
1555 1403 1761 1488 illatorum
1787 1409 1829 1488 ssr
1848 1407 1912 1490 in·

113 1514 311 1623 juniarum
340 1513 612 1623 irrogatarum
640 1511 953 1608 estimationem,
981 1540 1101 1621 qvam
1130 1512 1183 1594 ab
1200 1513 1297 1620 ipsis
1325 1505 1910 1628 supradietiArchiepiscopus,

118 1627 357 1734 Episcopus,
385 1619 533 1706 Prelati
567 1652 614 1706 ac
642 1624 788 1706 Clerici
830 1637 969 1732 petere
1009 1622 1290 1706 intendebant.
1346 1625 1498 1706 Verum
1525 1653 1618 1708 cum
1644 1627 1688 1707 in
1717 1628 1911 1736 predictis

118 1735 209 1818 loco
233 1741 273 1817 &
299 1736 475 1817 termino
503 1736 641 1817 nullus
669 1764 747 1845 pro
775 1760 870 1844 rege
884 1762 945 1816 ac
973 1735 1113 1844 regina
1149 1751 1392 1844 procurator
1434 1753 1669 1844 appareret,
1711 1738 1791 1820 nisi
1817 1755 1910 1820 tan·

118 1846 323 1930 tummodo
354 1847 496 1928 Petrus
523 1847 635 1957 Aby,
664 1847 907 1958 quesivimus
936 1829 989 1928 ab
1019 1873 1086 1945 eo,
1114 1865 1251 1928 utrum
1286 1874 1364 1956 pro
1397 1844 1546 1927 eisdem
1574 1863 1670 1958 rege
1699 1839 1746 1927 &'
1766 1852 1909 1960 regina

116 1958 360 2067 respondere
387 1957 528 2056 vellet,
557 1964 598 2040 ¹&
625 1985 747 2067 super
774 1959 852 2039 boc
887 1960 1214 2067 procuratorium
1242 1956 1466 2054 exhibere,
1509 1963 1748 2067 responsum
1776 1960 1830 2040 ab
1859 1988 1909 2044 eo

116 2067 209 2166 fuit,
240 2068 354 2180 quod
381 2097 467 2152 non
494 2068 550 2151 ad
577 2067 780 2178 agendum
808 2067 872 2150 vel
902 2067 1232 2177 respondendum
1260 2069 1303 2150 in
1330 2069 1533 2178 premissis
1561 2096 1613 2148 ex
1640 2086 1757 2178 parte
1787 2073 1909 2181 Regis

116 2185 155 2264 &
182 2183 336 2290 Regine
377 2195 563 2278 venerat,
606 2178 678 2261 sed
705 2177 988 2261 tantummodo
1017 2179 1068 2261 ad
1097 2178 1381 2290 assignandum
1416 2178 1553 2290 nobis,
1595 2179 1710 2290 quod
1737 2178 1789 2262 de
1816 2209 1909 2292 pre·
2013 2255 2018 2264 .

116 2289 231 2374 dictis
259 2292 381 2372 rebus
411 2291 555 2374 ablatis
584 2293 794 2401 Episcopis
822 2290 991 2372 Prelatis
1019 2295 1060 2371 &
1088 2291 1254 2374 Clericis
1284 2293 1514 2373 memoratis
1547 2317 1634 2371 non
1661 2289 1910 2376 debebamus

116 2429 187 2484 nos
216 2404 498 2499 intromittere,
526 2403 679 2513 triplici
700 2403 871 2501 ratione3
900 2401 1035 2510 primo
1062 2403 1267 2499 videlicet,
1296 2405 1394 2512 quia
1422 2429 1487 2482 res
1515 2402 1583 2482 ille
1611 2401 1856 2486 tenebantur
1883 2431 1909 2487 a

115 2515 240 2622 Rege,
269 2520 308 2594 &
336 2514 428 2595 ideo
457 2512 689 2622 adipsum,
718 2540 803 2593 non
831 2511 884 2592 ad
911 2511 1109 2620 judicium
1126 2512 1381 2623 pertinebat.
1412 2511 1620 2611 Secundo,
1649 2514 1743 2624 qvia
1769 2516 1858 2597 Rex
1885 2501 1911 2599 a

114 2625 231 2705 nobis
258 2625 551 2734 appellaverat,
580 2622 911 2733 &appellationi
939 2622 1020 2734 jam
1048 2621 1154 2706 facte
1186 2624 1413 2706 inherebat.
1455 2623 1599 2706 Tertio
1626 2627 1721 2735 qvia
1748 2653 1813 2708 res
1840 2625 1910 2709 ille
1991 2711 1993 2722 ,

95 2793 102 2802 -
114 2749 283 2846 propter
310 2761 493 2816 enormes
522 2761 705 2818 excessus
731 2732 983 2844 prelatorum
1011 2738 1064 2816 &-
1080 2733 1319 2818 clericorum
1334 2734 1431 2818 fisco
1460 2737 1573 2846 regio
1595 2734 1678 2846 jam
1706 2737 1912 2845 applicate
1935 2761 1939 2771 ’

113 2846 274 2928 fucrant
302 2851 343 2927 8s
369 2848 586 2955 asscripte3
616 2851 657 2927 8s
684 2873 807 2956 super
833 2845 912 2928 hoc
940 2844 1096 2928 litteras
1117 2846 1251 2955 sigillo
1279 2847 1393 2954 regio
1423 2847 1690 2929 communitas
1717 2851 1911 2954 premissa

113 2957 293 3070 plenarie
322 2959 576 3060 continentes
602 2958 788 3045 exhibuit
815 2957 860 3036 in
887 2955 1041 3064 judicio
1075 2983 1211 3039 coram
1253 2955 1384 3040 nobis.
1440 2960 1526 3040 Nos
1554 2959 1681 3067 igitur
1708 2955 1910 3042 bonorum

113 3077 153 3152 &
179 3071 406 3180 peritorum
433 3061 735 3162 communicato,
756 3068 944 3167 consilio,
971 3067 1178 3177 predictos
1207 3072 1357 3180 Regem
1384 3075 1424 3151 8r
1452 3068 1649 3179 Reginam
1663 3072 1910 3177 pronuncia·

110 3183 241 3262 vimus
269 3198 544 3279 contumaces,
572 3207 723 3262 aenos
751 3197 900 3262 extunc
928 3206 1045 3288 posse
1074 3179 1296 3289 procedere
1331 3182 1375 3261 iu
1402 3207 1522 3262 causa
1563 3182 1832 3276 restitutionis
1859 3210 1906 3266 ac

107 3294 372 3388 estimationis
386 3319 520 3373 rerum
536 3288 831 3402 predictarum,
859 3306 900 3371 ct
927 3290 1205 3376 satisfactionis
1220 3291 1490 3400 dampnorum
1503 3297 1543 3373 &
1557 3290 1799 3399 injuriarum
1814 3318 1913 3376 con-

110 3421 173 3487 tra
188 3405 336 3513 Regem
363 3409 404 3483 &
432 3404 626 3511 Reginam
655 3403 881 3513 predictos,
910 3406 1229 3514 quotiescunque
1249 3403 1369 3486 nobis
1383 3398 1574 3513 expedire
1589 3403 1814 3488 videretur:
1828 3433 1912 3488 ma·
1962 3427 1964 3432 ’
2040 3439 2050 3456 ·

108 3517 215 3598 xime
244 3509 335 3595 cum
365 3516 452 3595 ch
481 3516 525 3594 in
553 3513 695 3595 litteris
714 3517 941 3598 memoratis
968 3515 1215 3626 apertissime
1244 3512 1460 3611 fateretur,
1488 3541 1553 3596 res
1581 3519 1687 3625 ipsas
1716 3515 1911 3623 predictis

108 3626 276 3756 prelatis
289 3631 330 3707 &
344 3626 498 3707 clericis
512 3624 686 3722 ablatas,
716 3625 812 3707 fisco
825 3625 938 3733 regio
952 3624 1074 3706 fuisse
1089 3624 1324 3734 adscriptas.
1353 3628 1455 3706 Cum
1469 3625 1597 3736 igitur
1610 3627 1760 3733 Regem
1775 3632 1816 3708 &
1829 3629 1907 3711 Rc·
2048 3692 2054 3710 .

107 3766 243 3863 gmam
259 3734 465 3844 predictos
494 3734 565 3818 diu
581 3737 981 3845 exspectavissemus,
1010 3754 1057 3816 ut
1084 3737 1261 3845 prelatos
1275 3743 1315 3819 8ι
1331 3737 1498 3819 clericos
1513 3755 1754 3819 memoratos
1768 3737 1821 3837 ad
1834 3767 1907 3822 sua
1945 3773 1950 3792 ’

63 3909 71 3921 ,
103 3877 198 3958 Jura
214 3855 254 3935 &
267 3849 356 3928 loca
370 3848 640 3943 restituerent,
668 3874 717 3927 ac
745 3846 1019 3930 satisfacerent
1033 3847 1084 3930 de
1099 3848 1312 3956 premissis,
1327 3852 1366 3928 &
1381 3846 1433 3928 de
1453 3863 1591 3928 nostra
1605 3851 1906 3957 exspectatione

104 3959 265 4040 nullum
294 3957 474 4040 fructum
502 3955 654 4039 fuimus
680 3959 860 4054 assecuti,
888 3957 958 4039 sed
972 3961 1276 4040 irreverentiam
1291 3964 1636 4066 &contemptum3
1653 3961 1743 4040 Nos·
1765 3961 1906 4044 audita
1958 4037 1960 4040 .

104 4071 161 4152 ab
191 4070 339 4153 eisdem
369 4069 705 4179 Archiepiscopo,
735 4071 950 4178 Episcopo,
978 4071 1145 4152 Pr'elatis
1174 4077 1214 4152 &
1242 4070 1396 4151 clericis
1411 4073 1712 4178 computatione
1725 4098 1796 4152 seu
1811 4075 1904 4156 esti·

102 4177 294 4266 mationa·
310 4209 446 4262 rerum
475 4180 721 4277 ablatarum,
756 4182 981 4261 invenimus
1009 4209 1082 4289 per
1110 4183 1291 4291 ipsorum
1317 4180 1677 4292 computationem,
1693 4183 1819 4292 ¹quod
1848 4211 1906 4283 ea,

101 4321 189 4404 que
219 4321 295 4404 pro
322 4291 594 4375 satisfactione
621 4288 783 4371 illorum
816 4291 979 4372 nomine
1007 4309 1081 4373 su'o
1111 4299 1151 4373 u
1166 4291 1343 4373 ..ecclesie
1356 4357 1358 4362 .
1372 4319 1443 4372 suc
1485 4291 1653 4400 petebat
1694 4295 1905 4403 Archiepi-
1962 4349 1965 4354 ·

99 4430 253 4511 scopus
281 4401 559 4512 supradictus,
588 4403 846 4510 attingebant
874 4429 901 4481 u
951 4431 1002 4484 ue
1025 4403 1081 4484 ad
1110 4430 1303 4485 summam
1337 4399 1475 4484 decem
1505 4402 1659 4511 milium
1687 4406 1897 4514 octingena

98 4531 240 4594 tarum
269 4512 475 4596 &decem
502 4519 542 4596 &
572 4532 665 4598 octo
688 4431 1142 4622 ¹librarumMiJonorum
1170 4511 1423 4622 &legalium
1468 4513 1772 4622 sterlingorum,
1813 4518 1898 4600 sive
1938 4551 1943 4566 ¹

97 4623 280 4705 sedecim
310 4625 463 4706 milium
493 4625 746 4706 marcharum
776 4629 817 4705 &
849 4622 1115 4710 ducentarum
1144 4630 1184 4704 &
1217 4626 1362 4734 viginti
1396 4641 1550 4733 septem
1591 4625 1900 4734 sterlingorum,

98 4733 385 4844 computando
411 4734 605 4817 tredecim
632 4734 783 4816 solidos
812 4741 851 4817 &
879 4754 1051 4845 qvatuor
1079 4733 1266 4816 denarios
1293 4763 1372 4844 pro
1400 4735 1573 4817 marcha.
1603 4738 1661 4817 Ea
1683 4761 1794 4835 vero,
1824 4767 1902 4850 qve
1981 4839 1983 4844 Ι

96 4846 274 4958 petebat
303 4848 528 4954 Episcopus
556 4837 849 4944 Rosisildensis,
878 4848 1132 4955 attingebant
1160 4861 1289 4955 usque
1318 4845 1372 4928 ad
1400 4875 1595 4928 summam
1628 4848 1775 4956 viginti
1803 4873 1903 4959 qva·-

95 4974 204 5039 tuor
233 4955 387 5037 milium
415 4956 610 5038 librarum
625 4954 913 5064 sterlingorum
941 4961 982 5035 &
1010 4954 1280 5067 qvadraginta
1309 4959 1489 5068 qvinquc
1516 4958 1715 5039 librarum
1743 4962 1903 5044 sterlin-

94 5097 270 5182 gorum,
298 5070 381 5151 sive
409 5066 577 5177 triginta
620 5067 873 5150 sex'milium
915 5069 1172 5152 marcharum
1216 5067 1505 5178 sterlingorum
1532 5069 1806 5180 &sexaginta
1844 5100 1904 5156 se·
