4398 5958
803 401 887 462 ’-
999 396 1078 482 535
1189 432 1247 464 e·-

136 634 377 742 65·5.’Ι
484 613 489 626 ”
696 631 919 775 ‘127⁸
965 625 1018 778 (1.ι
1062 628 1144 778 313·
1184 627 1303 738 Dec.
1399 683 1402 690 ·
1693 635 1920 806 Husnbp
2025 641 2029 646 ·
2137 697 2143 710 .

129 895 135 903 .
215 852 296 918 esst.
317 846 472 918 Bnmuus
493 849 504 910 i
525 846 623 913 Siara
644 848 723 915 Brel
738 869 791 915 cm
811 847 949 917 tillstlurd
968 847 1019 910 lb‘r
1038 847 1237 935 dontprosten
1258 801 1442 932 Brassadtt,
1461 849 1515 916 vid
1530 802 1745 932 &trebetas
1766 859 1805 920 af
1813 807 1921 932 danna

172 995 176 1002 ,
266 933 345 1020 hans
363 933 552 1014 bennum,
572 931 632 994 och
654 934 704 995 liis·
724 931 927 1020 ellestrbdare
947 931 958 992 i
979 930 1031 994 det
1051 954 1095 996 nu
1114 933 1153 1000 at
1167 933 1283 1000 bonnm
1304 933 1443 1028 erhdllne
1473 934 1681 1026 kenouilratet,
1702 939 1735 1002 sd
1749 940 1922 1034 ¹innebpfra

267 1017 421 1102 pindarus
440 1009 618 1106 Kyrlolnld
639 1013 701 1081 och
721 1013 903 1097 Modgofeld
924 1035 965 1076 m.
985 1034 1027 1076 m.

1646 1099 1789 1177 ¹&7217-

300 1233 499 1314 Omnibus
527 1231 855 1315 christifidelibus
884 1258 1049 1340 presens
1085 1235 1277 1343 scripturn
1322 1237 1579 1321 cernentibus
1607 1239 1649 1318 Β.
1680 1237 1818 1320 diuina
1847 1244 1921 1325 mi·

134 1345 336 1426 seracione
364 1344 557 1424 scarensis
587 1343 801 1452 episcopus
829 1342 995 1427 salutern
1029 1344 1072 1422 in
1101 1345 1265 1426 domino
1294 1346 1406 1425 ihesu
1435 1346 1585 1430 christo
1614 1352 1722 1453 Quia
1748 1379 1811 1434 res
1839 1380 1919 1461 que
1950 1411 1956 1434 t

134 1457 388 1565 presentibus
417 1453 511 1534 satis
538 1470 598 1532 est
625 1454 734 1533 clara
762 1472 931 1562 propter
962 1453 1123 1534 labilem
1151 1456 1358 1535 hominum
1400 1461 1630 1539 memoriam
1660 1459 1918 1544 &caducam
2040 1546 2044 1558 ,
2153 1509 2158 1517 ·

134 1567 304 1677 posteris
332 1563 457 1645 dubia
486 1562 671 1645 redditur
698 1571 738 1645 &
763 1564 936 1645 obscura
965 1565 1054 1670 nisi,
1071 1564 1294 1646 litterarum
1321 1569 1453 1646 viuaoi
1471 1571 1702 1651 testimonio
1728 1570 1919 1669 fulciatur

134 1677 288 1786 jdcirco
317 1675 368 1756 ad
396 1675 585 1754 noticiam
614 1675 832 1783 pleniorem
863 1672 1043 1755 facienda
1072 1692 1152 1755 tarn
1182 1676 1327 1756 futuris
1359 1693 1452 1784 post
1480 1706 1553 1761 nos
1597 1709 1687 1762 uam
1716 1680 1918 1770 modernis

134 1787 386 1900 presencium
401 1787 543 1864 tenore
557 1784 782 1865 litterarum
798 1783 1045 1866 declaramus
1059 1786 1173 1897 quod
1201 1815 1276 1867 nos
1305 1784 1468 1867 domino
1491 1787 1582 1900 birg
1612 1815 1684 1870 ero
1709 1792 1916 1901 quondam

163 1900 339 2006 reposito
368 1894 542 1998 scarensi
570 1924 678 1974 nunc
713 1897 918 1977 canonico.
974 1898 1057 1999 Qui
1086 1900 1214 2005 ipsam
1257 1901 1551 2006 preposituram
1597 1904 1848 2011 quambene
1877 1909 1950 1983 &-

134 1929 390 2094 laudabiliter
417 2023 576 2084 rexerat
609 2009 651 2085 in
679 2034 801 2085 manu
816 2019 967 2086 nostra
994 2007 1103 2100 &lin
1133 2011 1338 2116 presencia
1367 2010 1531 2118 capituli
1571 2003 1763 2094 soanensis
1791 2012 1919 2094 libere
2033 2013 2038 2024 '

134 2127 173 2201 8t
201 2118 354 2228 absque
383 2115 622 2196 condicione
650 2115 833 2225 qualibet
859 2118 1079 2226 resignauit
1099 2119 1230 2198 curias
1250 2117 1482 2225 lryrlziofald
1512 2126 1551 2200 8
1579 2115 1920 2214 mo‘dhofa'ldeum

83 2226 87 2232 ’
133 2228 287 2310 colonis
317 2227 555 2308 molendinis
591 2231 631 2306 &
659 2226 846 2308 omnibus
888 2228 1116 2338 attinencijs
1151 2235 1190 2310 8(
1218 2229 1503 2340 dependeneijs
1542 2237 1581 2310 8r
1610 2232 1787 2313 modium
1829 2243 1921 2342 p're-

133 2341 342 2451 positalem
372 2365 445 2447 per
473 2337 628 2418 vazboo
658 2343 696 2418 &
725 2351 815 2418 culn
845 2338 998 2422 colonis
1027 2339 1177 2421 ibidem
1206 2342 1392 2422 omnibus
1427 2343 1509 2451 que
1552 2345 1806 2452 prepositure
1833 2373 1919 2427 sca·

135 2453 242 2533 censi
272 2449 497 2552 attinebant
512 2449 778 2530 concessimus
806 2467 850 2530 vt
878 2451 1025 2531 babeat
1053 2457 1092 2531 8ι
1119 2452 1321 2560 possideat
1335 2451 1472 2562 quoad
1486 2453 1811 2547 uixerit'nomin'e
1825 2456 1918 2548 sim·
2000 2475 2003 2482 ’

132 2563 248 2674 pli'c'is
278 2561 447 2644 canonic
475 2561 554 2641 hoe
582 2559 737 2642 adiecto
766 2576 811 2641 vt
839 2561 1083 2672 quicumque
1112 2562 1266 2672 prefate
1294 2563 1549 2672 prepositure
1578 2567 1753 2661 tenuerit
1780 2593 1936 2674 perso·¹

133 2692 272 2755 natum
306 2673 569 2762 nec,‚viuente
597 2699 672 2752 nec
700 2689 861 2752 mortuo
890 2673 979 2780 ipso
1007 2673 1172 2755 domino
1200 2674 1231 2753 B
1260 2675 1455 2754 canonico
1469 2690 1611 2756 nostro
1632 2673 1762 2758 dictas
1788 2676 1921 2760 curias

131 2785 195 2866 vel
224 2780 438 2896 aliquado
473 2780 713 2890 supradietis
754 2786 860 2864 vices
903 2785 1084 2891 optineat
1124 2799 1327 2894 tamquam
1358 2787 1526 2894 'partem
1568 2814 1637 2866 sue
1665 2788 1919 2896 prepositure

132 2894 342 3004 repetendi
389 2893 457 2974 sed
501 2906 713 3002 prenotate
759 2895 868 2973 curie
910 2893 1140 3000 kyrkiofald
1184 2901 1222 2976 &
1264 2893 1553 3003 modh'ghofald
1596 2924 1688 2977 cum
1727 2896 1918 2979 omnibus

54 3027 56 3032 ’
131 3009 331 3117 premissis
360 3007 529 3085 canonia
557 3033 631 3114 per
661 3031 702 3084 sc
731 3002 842 3084 sicud
872 3005 1088 3087 constituta
1116 3024 1175 3088 est
1208 3006 1298 3116 jule
1325 3021 1524 3114 perpetuo
1553 3024 1816 3116 permaneant
1843 3009 1920 3088 nisi

131 3147 182 3200 ex
210 3118 348 3200 eadem
376 3116 545 3196 canonia
574 3113 626 3194 ad
654 3115 845 3194 maiorem
874 3115 1038 3197 ecclesie
1066 3121 1258 3199 scarensis
1285 3116 1554 3198 reuerenciam
1584 3115 1757 3228 dignitas
1785 3115 1921 3228 aliqua

131 3231 400 3312 constituatur
429 3227 471 3306 Si
497 3226 576 3306 hoc
603 3226 795 3335 episcopo
823 3227 894 3336 qui
924 3241 1022 3306 tunc
1051 3227 1277 3309 luerit'vna
1304 3257 1396 3324 cum
1411 3225 1590 3335 capitulo
1618 3225 1824 3310 videbitur
1852 3255 1920 3310 ex·

129 3340 271 3450 pedire
300 3335 606 3419 Considerantes
649 3339 773 3442 igitur
802 3341 841 3416 &
869 3350 1103 3446 reputantes
1131 3335 1312 3421 redditu's
1346 3343 1385 3419 &
1413 3357 1638 3446 prouentus
1664 3341 1920 3447 prepositure

129 3452 479 3532 scarensistenues
495 3453 534 3527 &
562 3445 684 3528 exiles
713 3476 762 3526 ex
790 3446 868 3528 hoc
889 3450 1059 3529 existere
1087 3449 1200 3560 quod
1229 3451 1286 3530 nil
1314 3449 1365 3530 de
1394 3451 1619 3558 prenotatis
1634 3448 1918 3532 omnibus'vllo'

128 3589 319 3672 vmquam
351 3575 533 3665 tempore
560 3560 853 3666 preposituram
884 3556 1014 3639 redire
1043 3560 1188 3640 debeat
1216 3559 1268 3640 ad
1295 3559 1464 3640 eandem
1498 3561 1764 3642 Attendentes
1792 3561 1916 3640 eciam

99 3719 105 3732 ·
162 3671 244 3754 uod
272 3671 390 3750 nobis
419 3668 536 3748 liccat
565 3671 677 3747 iuxta
707 3695 880 3747 canones
912 3669 1016 3749 iusta
1034 3669 1083 3750 de
1104 3699 1221 3750 causa
1237 3699 1360 3750 vnum
1375 3669 1610 3751 heneficium
1640 3671 1682 3750 in
1711 3668 1794 3750 duo
1810 3669 1915 3749 diui·

129 3702 226 3866 dere
256 3786 295 3860 &
323 3780 406 3859 duo
435 3780 477 3858 in
505 3808 627 3858 vnum
656 3778 891 3899 qoadunare
920 3781 961 3857 in
986 3782 1308 3889 supplementum
1338 3783 1523 3889 quamuis
1548 3779 1751 3861 'modicum
1774 3807 1914 3860 eorum

120 3893 128 3906 ¹
161 3921 210 3990 ue
238 3891 423 3982 amiserat
452 3893 707 3996 prepositura
737 3881 1408 4003 scarensispreposituressRentam
1437 3889 1765 3999 quemdominus
1793 3891 1914 3982 bene-e¹

130 3923 261 4085 dlc't'us
278 3989 464 4082 't‘wuonis
480 3998 583 4078 lilius
612 3999 817 4107 quondam
838 3997 988 4080 'liabuit
1017 4010 1112 4080 tunc
1142 4003 1361 4081 canonicus
1390 4029 1496 4080 nunc
1516 4001 1914 4108 prepositussearen-
2046 4034 2051 4046 ¹

130 4116 183 4200 sis
201 4113 325 4198 ‘cuius
352 4110 534 4196 redditus
564 4110 628 4190 isti
656 4125 752 4196 sunt
780 4111 943 4191 ccclesia
973 4111 1081 4192 beati
1109 4111 1301 4196 laurencii
1329 4112 1450 4192 scaris
1488 4107 1823 4196 eumommbns„
1841 4109 1914 4190 oh·

129 4222 399 4305 uencionibus
434 4222 514 4320 suis
543 4218 735 4301 decimam
769 4220 938 4409 fruqalis
980 4221 1235 4330 episcopide
1264 4222 1474 4329 parrochia
1505 4221 1707 4301 sunderbo
1735 4235 1913 4329 quatuor

131 4333 312 4413 colonias
340 4332 500 4412 Elhiaas
528 4332 571 4410 in
599 4330 813 4438 parrochia
871 4330 1072 4440 yrkiofald
1102 4360 1178 4412 vna
1206 4333 1362 4412 colonia
1378 4333 1418 4411 in
1439 4330 1576 4437 salaby
1604 4333 1646 4410 in
1663 4329 1816 4410 aldouae
1833 4356 1912 4408 vna

130 4443 291 4528 colonia
319 4444 362 4521 in
391 4442 662 4549 tobbetborpe
677 4471 802 4522 vnum
816 4431 1097 4524 molendinum.
1118 4445 1159 4522 in
1189 4441 1319 4522 aladal
1336 4441 1494 4523 Medius
1507 4442 1761 4551 prepositure
1775 4442 1817 4519 in
1827 4437 1912 4520 fre·
2039 4457 2043 4464 ‘
2174 4431 2179 4438 ’

130 4551 383 4644 kindzbered
409 4551 466 4632 de·
487 4552 654 4634 consilio
669 4559 723 4633 ·&
747 4555 916 4635 assensu
948 4554 1116 4662 capituli
1157 4554 1283 4632 nostri
1312 4553 1675 4632 iurexanneximus
1716 4564 1913 4658 perpetuo

131 4672 173 4746 8ι
198 4659 405 4746 eeclesiam
433 4663 588 4744 vllerwi
617 4667 868 4774 prepositure
894 4667 1068 4747 scarensi
1094 4665 1296 4744 'vniuimus
1320 4662 1526 4744 ecclesiam
1561 4661 1735 4741 wllerwi
1762 4665 1800 4740 sc
1827 4687 1913 4740 sea·

131 4801 287 4858 rensem
303 4776 345 4853 in
359 4801 483 4854 vnum
511 4797 657 4881 corpus
685 4775 1018 4857 indissolubiliter
1045 4775 1334 4861 constituentes
1362 4787 1406 4851 vt
1420 4790 1553 4851 autem
1580 4772 1654 4850 bec
1682 4786 1818 4849 nostre
1847 4797 1915 4850 or·

131 4884 356 4969 dinacionis
384 4883 565 4993 prouisio
592 4909 714 4990 super
742 4887 911 4967 canonia
940 4884 990 4966 de
1019 4885 1137 4966 bonis
1164 4887 1418 4994 prepositure
1433 4882 1625 4962 scarensis
1653 4877 1758 4961 facta
1780 4886 1820 4959 8ι
1848 4905 1914 4959 su·

132 5023 209 5105 per
236 4995 563 5106 augmentacione
591 5010 706 5074 rente
748 4995 933 5104 superius
974 4997 1177 5078 nominate
1219 5023 1311 5077 cum
1351 4992 1516 5076 ecclesia
1547 4991 1708 5074 vllerwi
1735 4991 1777 5072 in
1805 5015 1913 5079 coms
