4384 5946
785 481 1200 580 755-

123 702 242 786 locum
269 700 401 782 ordini
429 687 591 781 illorum
618 702 661 782 in
689 705 873 811 partibus
901 705 1043 785 vestris
1057 701 1374 816 perquirendum
1388 711 1426 786 81
1441 704 1761 812 praeparandum.
1806 709 1898 790 Dis·

122 830 298 924 posuerat
330 840 503 922 namque
538 813 581 914 in
616 814 751 895 animo
773 831 938 904 ,vestro
958 814 1079 923 plena
1106 822 1146 896 81
1173 815 1352 924 perfecta
1380 815 1583 896 charitatis
1612 816 1758 900 effusio
1786 847 1896 900 noua

121 925 318 1007 seminaria
360 922 411 1004 de
447 925 557 1007 omni
592 952 738 1032 genere
772 954 977 1008 sacrorum
1005 925 1195 1008 ordinum
1224 929 1419 1006 seminare
1448 929 1700 1034 prouinciam
1729 929 1898 1012 vobisa
2035 1029 2039 1034 ¹

39 1072 44 1079 ·
114 1038 222 1124 vDEO
255 1036 521 1130 commissam,
549 1052 593 1113 vt
622 1035 766 1117 exinde
795 1036 971 1133 fructus,
1000 1040 1072 1147 qui
1101 1037 1410 1146 permanentia
1437 1056 1647 1134 aeternum,
1676 1042 1898 1150 suscipere-

120 1149 181 1248 tis3
209 1153 245 1227 81
281 1147 506 1254 manipulos
539 1146 699 1228 iustitiae
728 1146 779 1228 de
808 1148 1017 1230 laboribus
1045 1174 1184 1229 eorum
1212 1145 1265 1228 ad
1293 1164 1441 1228 aeterna
1470 1149 1729 1232 tabernacula
1756 1181 1899 1261 repor-

27 1307 30 1316 ·
120 1258 257 1337 taretia
321 1257 405 1336 lam
446 1284 531 1336 non
574 1259 703 1338 solum
739 1262 782 1340 in
809 1260 994 1356 herbam,
1023 1257 1094 1340 sed
1121 1259 1163 1338 in
1192 1261 1322 1366 spicas
1349 1260 1622 1340 Cistercicnsis
1650 1262 1734 1341 siue
1763 1265 1899 1344 Clare·

119 1369 223 1452 uallis
256 1365 360 1450 ordo
388 1367 446 1446 ibi
475 1369 808 1476 multiplicatione
836 1369 1008 1451 fratrum
1037 1371 1247 1450 excreuit:·
1266 1365 1528 1450 nihilominus
1556 1375 1595 1450 &
1624 1371 1766 1480 religio
1794 1376 1900 1454 Prae·
1977 1375 1981 1382 ’

120 1479 421 1560 monstratensis.
493 1479 618 1581 Quia·
642 1482 767 1589 igitur
809 1482 987 1590 gustauit
1021 1487 1058 1560 &
1092 1480 1195 1561 vidit
1223 1479 1450 1590 prudentia·
1468 1495 1622 1578 vestra,
1652 1481 1764 1591 quod
1792 1483 1901 1564 bona

120 1593 164 1670 sit
184 1590 424 1697 'negotiatio
467 1595 563 1686 ista,
605 1588 657 1671 ad
692 1591 885 1699 ulteriora
919 1619 1082 1671 manum
1110 1593 1365 1700 porrexistis,
1395 1591 1512 1674 &de
1542 1591 1612 1673 illo
1641 1591 1800 1690 ordine,
1860 1597 1903 1674 ui

119 1704 225 1810 quasi
253 1693 492 1797 Cherubin,
512 1702 595 1782 siue
624 1703 842 1811 Seraphin,
872 1701 1096 1784 immediate
1123 1698 1318 1783 residenti
1348 1729 1470 1810 agno,
1499 1705 1571 1812 qui
1599 1700 1724 1782 habet
1739 1624 1903 1786 occulos

13 1839 14 1850 ¹
120 1827 260 1920 septem
294 1819 334 1893 &
369 1838 520 1891 cornua
556 1827 729 1920 septem,
764 1813 987 1914 inthrono
1029 1811 1167 1921 gratiae
1211 1811 1427 1908 accedunt,
1457 1839 1574 1920 gazas
1602 1829 1754 1894 vestras
1784 1843 1904 1897 exor-
1995 1817 1998 1822 ’

118 1951 206 2002 nare
245 1922 444 2004 vobristis.
508 1925 612 2003 Ecce
651 1922 803 2005 factum
835 1940 895 2004 est
922 1943 968 2004 vt
996 1925 1230 2032 imperastis.
1288 1922 1510 2032 Adquieuit
1537 1940 1700 2005 sanctus
1729 1925 1905 2007 Carthu·

118 2035 294 2114 sieusium
331 2031 505 2113 fratrum
538 2051 760 2116 conuentus
797 2036 911 2116 iustis
949 2035 1213 2143 petitionibus
1247 2036 1401 2115 vestris.
1462 2033 1658 2144 Equidem
1687 2064 1750 2116 res
1779 2037 1905 2146 impe·

118 2161 218 2225 tratu
245 2143 442 2240 difficilis,
471 2142 542 2224 sed
570 2145 661 2255 quis
689 2146 805 2227 vobis
833 2161 1015 2255 negaret,
1044 2145 1157 2256 quod
1185 2145 1293 2226 forte
1325 2146 1490 2253 spiritus
1519 2145 1689 2227 Sanctus
1705 2149 1747 2226 in
1767 2167 1905 2232 sancto

117 2254 257 2363 templo
294 2283 371 2334 suo
405 2254 671 2364 suggerebat?
700 2259 819 2338 Certe
847 2285 923 2338 nec
953 2257 1032 2352 illi,
1061 2261 1135 2336 1100
1165 2284 1240 2338 nos
1268 2255 1506 2352 diffidimus,
1535 2285 1694 2340 seruum
1723 2259 1906 2359 0111111111-

118 2363 352 2448 delissimum
380 2372 419 2446 &
447 2367 616 2446 amicum
645 2367 807 2450 Domini
834 2395 907 2449 vos
965 2359 1160 2463 assidere,
1189 2367 1303 2448 cuius
1331 2364 1477 2446 famam
1492 2374 1531 2448 &
1552 2395 1676 2475 opera
1699 2384 1783 2448 tam
1803 2397 1907 2478 prae·

116 2476 325 2560 clarissima
359 2475 547 2558 reclamat
573 2476 760 2559 mundus.
818 2397 963 2583 QuodJ
972 2479 1148 2588 coepistis
1174 2495 1258 2559 tam
1285 2492 1442 2574 sancte,
1469 2493 1566 2560 tam·
1580 2477 1716 2576 auide,
1745 2495 1907 2592 tamque

119 2587 412 2698 quodammodo
446 2587 758 2695 intemperanter
786 2617 870 2699 prae
900 2587 1100 2673 desiderio
1129 2590 1287 2685 animae,
1316 2589 1372 2668 sic
1401 2585 1568 2672 effectui
1594 2591 1832 2699 mancipate,
1862 2609 1906 2676 vt

13 2755 15 2800 :
96 2702 248 2783 vmelior
276 2701 331 2781 sit
360 2698 451 2778 finis
477 2701 691 2797 orationis,
719 2729 841 2812 quam
868 2701 1125 2810 principium.
1186 2699 1341 2780 Valete.
1454 2769 1457 2774 ,

13 3093 16 3202 ἶ
119 3089 204 3233 37.
417 3103 425 3214 ζ
689 3123 691 3130 ’
793 3004 1244 3199 1151-115'3.

191 3313 300 3376 Abbot
332 3313 511 3376 erauns
543 3259 622 3373 svar-
639 3311 689 3376 till
712 3307 893 3378 lrke-Bisk.
913 3311 1047 3400 Esxrnl
1067 3309 1160 3398 Laud
1182 3309 1316 3375 riirande
1336 3309 1390 3372 sitt
1410 3309 1497 3393 gifne
1517 3308 1626 3372 liirord
1646 3307 1703 3374 hos
1723 3309 1854 3376 Pdfven.

679 3413 681 3421 ⁴
1600 3421 1636 3480 K.
1658 3427 1773 3483 11611.

274 3530 340 3610 Ad
369 3530 578 3611 dominum
607 3559 654 3610 ac
682 3530 951 3612 venerabilem
980 3529 1161 3610 Eskilum
1189 3523 1444 3610 Lundensem
1472 3528 1830 3638 archiepiscopum,
1847 3557 1908 3611 se·

312 3640 373 3722 dis
409 3636 639 3749 apostolicae
671 3643 717 3721 in
753 3643 876 3722 Dacia
909 3657 950 3721 et
980 3640 1122 3722 Suecia
1153 3636 1343 3748 legatum,
1374 3639 1487 3719 cuius
1510 3666 1659 3747 corpus
1688 3640 1908 3748 gloriosum
2017 3672 2023 3682 ·

312 3753 354 3832 in
390 3749 617 3831 Claraualle
646 3753 860 3862 requiescit
893 3753 1006 3834 iuxta
1035 3759 1199 3832 matrem
1226 3749 1403 3832 eiusdem
1433 3747 1519 3829 diui
1546 3747 1753 3833 Bernardi.
1811 3749 1908 3858 Epi-

312 3862 417 3943 stola
446 3861 677 3942 CCCXIIII.

276 4006 559 4088 Amantissimo
595 4007 704 4114 patri
738 4023 779 4088 et
813 4003 978 4088 domino
1014 4003 1171 4105 Esldlo,
1202 4005 1275 4084 Dei
1305 4003 1435 4112 gratia
1462 3999 1670 4086 Lundensi
1698 4004 1907 4112 Archiepi·

309 4141 455 4226 scopo,
491 4116 618 4199 frater
652 4115 878 4200 Bernardus
900 4116 1152 4199 'Claraenallis
1178 4128 1344 4196 vocatus
1373 4115 1516 4211 abbas,
1546 4113 1588 4197 in
1615 4135 1713 4195 vero
1742 4114 1907 4195 salutari

223 4225 229 4245 '
310 4227 494 4309 Ι0011110111.
529 4225 536 4243 ”
619 4224 627 4295 .'
673 4271 675 4276 ·
739 4255 762 4320 ᾗ

220 4375 385 4482 Scripta
415 4387 456 4454 01
483 4371 741 4456 salutationes
769 4389 936 4470 vestras,
967 4374 1095 4478 immo
1117 4365 1353 4454 affectiones
1382 4365 1659 4452 cordisvestri
1680 4367 1906 4451 tamliben·

13 4477 15 4542 ἶ
113 4498 171 4562 101
214 4485 395 4594 suscepi,
437 4513 559 4596 quarn
594 4479 820 4593 specialiter
854 4502 894 4565 01
927 4482 1055 4592 diligo
1089 4510 1183 4579 vos,
1219 4497 1260 4562 et
1295 4479 1445 4589 diligor
1479 4510 1502 4562 a
1531 4482 1658 4561 vobis.
1716 4475 1816 4560 Inde
1830 4479 1905 4578 est

109 4594 223 4702 quod
252 4595 403 4677 auditis
432 4592 765 4678 tribulationibus
793 4597 953 4689 vestris,
982 4623 1048 4674 eas
1076 4623 1160 4676 non
1187 4593 1318 4674 solum
1346 4617 1453 4672 meas
1481 4589 1579 4686 feci,
1608 4587 1680 4672 sed
1695 4605 1735 4669 01
1748 4591 1903 4672 inueni:

13 4711 31 4718 ”
111 4709 206 4814 quia
235 4735 325 4787 non
351 4726 513 4817 possum
546 4724 586 4788 te
615 4701 776 4788 dolente
804 4733 889 4786 non
918 4704 1077 4801 dolere,
1107 4702 1333 4787 dulcissime
1361 4715 1497 4811 pater,
1526 4727 1601 4780 nec
1622 4701 1700 4780 nisi
1715 4701 1903 4781 molestus

13 4885 15 4908 ,
110 4832 149 4894 et
182 4819 334 4899 anxius
368 4834 458 4898 tuas
492 4817 694 4898 molestias
731 4831 772 4897 et
807 4812 1028 4897 anxietates
1066 4810 1218 4895 audire.
1283 4811 1434 4920 Tangit
1463 4827 1503 4891 et
1534 4812 1646 4920 angit
1673 4839 1744 4892 cor
1772 4837 1905 4892 meum

13 4943 15 5010 3
112 4926 315 5039 quicquid
346 4945 460 5026 tuum
488 4945 717 5036 exasperat:
746 4943 787 5008 et
814 4926 1011 5039 quicquid
1039 4922 1142 5007 illud
1167 4925 1219 5004 sit
1247 4918 1361 5032 quod
1387 4938 1429 5002 te
1458 4922 1725 5033 persequitur,
1741 4947 1825 5003 non
1840 4943 1918 5000 so*

110 5033 194 5120 lum
224 5055 268 5122 te
295 5038 570 5152 persequitur,
598 5037 668 5124 sed
696 5065 759 5122 me
788 5051 930 5122 tecum.
988 5031 1195 5146 Quicquid
1221 5033 1326 5116 enim
1354 5033 1494 5142 gratiae
1521 5047 1563 5120 et
1589 5029 1816 5118 dilectionis
1829 5029 1903 5110 im-
