4370 5950
826 445 881 466 ·-
996 413 1071 510 1'17
1184 445 1355 490 -m

2 638 3 715 ξ
136 614 348 706 traintem
362 618 446 702 kn'e
473 603 617 718 oontra
645 623 731 703 iam·
746 647 748 650 ·
762 620 1068 728 dictos'iratres
1096 623 1344 732 malignandi
1367 625 1652 708 materiamen
1684 621 1772 708 lioeT
1807 629 1918 738 quis·

134 762 249 846 quam·
274 754 448 818 assumat
461 742 535 816 -8ι
550 730 870 850 v'quomodolibet
897 734 1007 843 ipsos
1041 751 1183 844 contra
1215 736 1421 817 iusticiam
1443 736 1682 821 molestandi
1696 781 1715 798 ·
1729 765 1804 847 per
1819 767 1920 848 apo·

134 847 265 928 stolioa
291 845 408 928 vobis
436 848 587 962 scripta
615 844 851 927 mandamus
880 865 1000 956 atque
1029 847 1273 956 precipimus
1287 891 1305 910 ·
1321 848 1527 949 Quatinus
1542 850 1729 932 oninibus
1744 853 1818 960 qiui
1841 851 1919 932 sub

2 958 3 963 Ν
133 979 254 1045 vestra
282 973 482 1070 potestate
510 959 769 1054 subsistunt·
783 959 1025 1038 auctoritate
1046 976 1187 1039 nostra
1203 957 1423 1047 districtius
1438 959 1655 1067 prohibere
1669 963 1820 1042 emetis
1834 1005 1853 1024 .
1866 989 1920 1044 ne

130 1074 315 1155 fratribus
336 1061 774 1152 fontanensibus-siue
803 1069 890 1148 aliis
917 1069 1104 1162 omnibus
1132 1069 1310 1152 eiusdem
1324 1069 1479 1150 ordinis
1494 1071 1539 1150 in
1553 1075 1696 1152 vestris
1710 1074 1920 1183 episcopa·

131 1185 231 1267 tibus
244 1175 673 1264 commorantibus-de
687 1179 901 1262 noualibus
915 1209 985 1262 seu
1001 1181 1088 1262 aliis
1102 1183 1221 1262 terris
1265 1210 1337 1261 uas
1352 1183 1528 1290 propriis
1543 1183 1921 1266 manibusautsum-
2056 1271 2058 1274 ,

133 1295 258 1407 ptibus
287 1293 481 1374 excolunt
495 1339 513 1355 -
527 1292 595 1376 uel
611 1291 661 1375 de
676 1292 909 1372 animalium
922 1295 1181 1374 nutrimentis
1196 1339 1214 1370 -.
1229 1210 1279 1373 de

2 1446 7 1461 ·
133 1424 364 1516 extorquere
377 1448 397 1465 ·
410 1404 454 1484 Si
473 1406 547 1515 qui
573 1430 671 1486 vero
686 1401 870 1509 canonicj
884 1447 904 1464 ·
918 1403 1055 1512 olericj
1070 1451 1089 1464 -
1102 1403 1290 1512 monaohj
1318 1401 1383 1484 uel
1412 1403 1506 1511 laiej
1534 1420 1678 1486 contra
1706 1406 1919 1516 priuilegia

132 1517 226 1600 sedis
252 1514 473 1626 apostolice
502 1513 706 1623 predictos
733 1514 880 1595 fratres
915 1515 1161 1602 decimarum
1196 1515 1407 1596 exactione
1438 1518 1703 1624 grauauerint
1739 1517 1918 1626 appella·
2002 1581 2007 1588 .

2 1663 5 1702 ὲ
133 1629 237 1712 cione
265 1641 423 1709 remota
438 1671 457 1688 ·
471 1626 592 1707 laicos
622 1627 1052 1711 excommunicacionis
1080 1627 1281 1707 sentencia
1310 1627 1538 1735 percellatis
1552 1673 1571 1688 -
1586 1612 1764 1709 Clericos
1786 1643 1921 1709 autem

2 1820 5 1835 ,
132 1741 179 1824 ab
192 1739 333 1822 officio
346 1736 601 1846 suspendatis
615 1782 633 1798 ·
648 1743 688 1818 8<
701 1749 783 1818 tam
797 1739 1226 1820 excommunicacionis
1238 1765 1360 1848 quam
1374 1736 1578 1821 interdicti
1587 1739 1841 1836 ,sentenciam
1856 1737 1918 1818 fa·

2 1885 3 1954 ς
131 1853 233 1934 ciatis
250 1877 406 1960 -usque
435 1846 487 1928 ad
517 1847 682 1955 dignam
709 1847 1029 1937 satisfaccionem
1044 1848 1334 1930 inuiolabiliter
1349 1849 1640 1930 obseruare-
1656 1848 1720 1930 Ad
1736 1850 1811 1930 hec
1825 1877 1921 1959 pre·

2 1957 3 2004 ³
129 1965 319 2044 senscium
340 1959 582 2040 auctoritate
601 1958 866 2068 precipiendo
888 1958 1123 2040 mandamus
1138 1977 1337 2071 quatenus
1351 1962 1503 2071 -siqui
1530 1961 1575 2041 in
1589 1960 1734 2041 fratres
1749 1963 1921 2070 prescri-

2 2153 3 2168 ,
130 2091 285 2184 ptorum
321 2071 656 2156 monasteriorum
684 2097 827 2150 manus
855 2070 1052 2152 violentas
1067 2073 1278 2152 iniecerint
1293 2099 1361 2152 eos
1377 2099 1553 2151 accensis
1567 2071 1744 2154 candelis
1758 2100 1919 2154 excom·

2 2225 3 2288 ῃ
129 2187 349 2265 manicatos
377 2181 540 2290 publice
568 2181 767 2262 nunciatis
783 2226 801 2246 ·
815 2187 855 2262 8c
883 2181 1036 2264 faciatis
1062 2183 1117 2263 ab
1141 2181 1330 2278 omnibus
1351 2187 1454 2264 sicut
1474 2185 1840 2266 excommunicatos
1855 2183 1918 2265 di·
1954 2215 1960 2226 ·

2 2293 3 2365 l
129 2297 300 2377 strictius
329 2293 474 2376 euitari
490 2291 654 2373 -donec
683 2319 864 2400 congrue
892 2293 1137 2376 satisfaciant
1163 2291 1355 2402 predictis
1391 2293 1585 2374 fratribus
1613 2301 1757 2376 &cum
1773 2294 1918 2377 litteris
1948 2385 1951 2393 ,

2 2480 3 2506 ,
128 2405 328 2514 diocesani
356 2405 536 2514 episcopi
571 2404 632 2484 rei
666 2405 875 2485 veritatem
893 2405 1210 2488 ¹continentibus
1244 2404 1468 2512 apostolico
1502 2434 1544 2486 se
1578 2407 1817 2515 conspectuj
1853 2435 1918 2488 re·

128 2533 356 2626 presentent
369 2562 388 2578 ·
402 2515 606 2597 Noueritis
634 2534 816 2623 preterea
846 2515 902 2596 eis
929 2515 1135 2598 indultum
1149 2561 1167 2578 -
1182 2533 1227 2595 vt
1254 2518 1298 2596 in
1326 2516 1456 2596 causis
1483 2518 1565 2596 suis
1579 2562 1597 2578 ·
1613 2543 1714 2628 quas
1742 2518 1807 2599 uel
1837 2516 1917 2626 ipsj

2 2693 3 2730 ,
128 2627 443 2722 adversus‘alios
456 2669 476 2688 ·
490 2625 556 2705 uel
586 2625 654 2705 alii
682 2624 877 2706 aduersus
905 2655 975 2708 eos
988 2627 1246 2710 habuerint·
1262 2625 1378 2707 liceat
1394 2627 1450 2716 eis
1464 2625 1609 2709 fratres
1624 2657 1717 2710 suos
1732 2627 1917 2742 idoneos

2 2733 3 2823 s
127 2739 175 2821 ad
187 2761 189 2766 ’
201 2737 498 2822 testificandum
527 2735 727 2830 adducere
743 2785 761 2798 -
776 2754 899 2848 atque
918 2739 1109 2846 'ipsorum
1124 2739 1353 2822 testimonio
1368 2743 1407 2816 8r
1422 2739 1661 2849 propulsare
1676 2741 1914 2822 violenciam

127 2897 143 2913 ·
169 2858 205 2932 &
234 2851 437 2932 iusticiam
462 2847 676 2930 vendicare
690 2893 708 2910 ·
723 2851 872 2930 Datum
900 2850 1054 2931 velletri
1083 2851 1162 2932 XII
1190 2849 1267 2930 kal.
1298 2849 1484 2956 ianuarij.
1516 2887 1519 2894 ’

128 3259 217 3386 94..
679 3285 687 3308 ‘-
763 3241 932 3368 1182,
974 3239 1022 3346 d.
1072 3243 1144 3350 30
1192 3176 1339 3346 Deci*
1400 3225 1403 3230 ¹
1676 3240 1913 3411 Latonaml

201 3464 297 3607 Ρὲιὲν.
320 3465 437 3524 Luctus
458 3465 527 3526 lllts
548 3461 671 3527 Fiirord
692 3462 748 3524 hos
768 3461 902 3546 Konung
923 3462 1017 3526 Knur
1038 3465 1088 3527 fiir
1108 3462 1168 3528 den
1190 3464 1270 3550 efter
1288 3465 1374 3528 laun
1389 3464 1539 3547 xutnfimde
1560 3463 1711 3549 Bislopen
1732 3461 1914 3528 iWesterts

283 3565 396 3609 currus.

1649 3662 1780 3719 Eat&

284 3799 437 3878 Luctus
467 3797 710 3906 Episcopus,
739 3799 887 3878 Servus
917 3789 1133 3902 Servorum
1164 3798 1257 3897 Dei,
1286 3801 1454 3880 Kanuto
1469 3796 1617 3878 illustri
1638 3797 1739 3907 Regi
1761 3798 1913 3895 Svecie,
1988 3834 1996 3845 =

121 3911 299 3992 Salutem
328 3924 368 3988 et
397 3908 670 4016 Apostolicam
698 3907 1036 3989 benedictionem:
1065 3911 1169 3989 Ecce
1197 3909 1311 4017 juxta
1328 3937 1494 4018 precum
1509 3926 1671 3996 tuarum
1686 3911 1913 3989 instantiam

121 4051 164 4104 ao
193 4021 501 4134 promissionem
528 4039 724 4116 nostram,
753 4019 946 4100 mittimus
975 4020 1028 4100 ad
1055 4036 1113 4116 te,
1142 4018 1335 4102 dilectum
1367 4020 1492 4102 filium
1508 4037 1691 4100 nostrum
1713 4018 1913 4128 Egidium,

121 4161 239 4246 quem
269 4129 515 4214 confecimus
543 4131 790 4241 Episcopum
818 4132 1089 4230 Arosiensem,
1119 4130 1209 4212 loeo
1231 4133 1348 4213 iliani
1377 4129 1596 4228 demortui,
1624 4133 1756 4212 virum
1771 4133 1935 4240 utique‘

121 4247 250 4354 pium,
281 4239 525 4353 prudentem
554 4257 594 4322 et
622 4241 831 4323 honestate
861 4243 1141 4351 conspicuum,
1176 4244 1374 4354 nobisque
1403 4244 1509 4322 inter
1538 4243 1637 4322 alios
1666 4240 1809 4322 fratres
1839 4269 1914 4321 no·

120 4372 241 4452 stros,
271 4355 354 4434 suis
383 4353 637 4461 exigentibus
665 4355 833 4449 meritis,
863 4353 1302 4464 specialiter,charum,
1344 4381 1535 4435 concesso
1562 4354 1640 4433 sibi
1668 4352 1786 4462 plene
1813 4354 1911 4461 Epi-

119 4485 309 4575 scopatus
338 4462 474 4545 officio
504 4493 577 4572 per
606 4464 797 4546 dioecesin
826 4466 1099 4562 Arosiensem,
1128 4494 1209 4575 que
1236 4466 1325 4546 Tue
1347 4493 1456 4546 nunc
1479 4461 1751 4573 jurisdictioni
1765 4463 1911 4561 existit,

117 4595 165 4658 ut
191 4575 373 4657 eradicet
400 4576 695 4683 paganismum,
725 4577 919 4686 exstirpet
954 4577 1116 4674 nociva,
1147 4578 1303 4684 plantet
1332 4575 1670 4658 christianismum
1699 4591 1739 4655 et
1767 4574 1910 4657 similia

117 4687 331 4782 salutaria,
361 4702 483 4794 prout
514 4713 685 4796 queque,
713 4687 935 4767 secundum
964 4684 1098 4766 datam
1126 4687 1203 4767 sibi
1232 4689 1368 4786 aDeo,
1384 4684 1658 4797 prudentiam,
1686 4685 1834 4768 viderit
1850 4685 1910 4766 fa-

117 4797 263 4884 cienda
294 4813 334 4877 et
362 4796 595 4878 omittenda.
652 4797 855 4906 Rogamus
883 4799 1009 4908 igitur
1037 4793 1201 4908 Regiam
1230 4798 1508 4881 celsitudinem
1536 4797 1679 4894 Tuam,
1708 4815 1910 4909 quatenus

116 4911 270 5020 ipsum,
300 4911 383 4989 imo
409 4936 549 4989 versus
577 4937 651 4990 nos
666 4911 709 4987 in
725 4909 833 5018 ipso,
847 4910 1029 5018 recipias,
1044 4911 1230 4992 alacriter
1243 4925 1285 4989 et
1298 4908 1521 4990 honorifice
1543 4911 1706 5010 tractes,
1723 4927 1763 4990 et
1778 4939 1800 4990 a
1813 4908 1909 4989 sub-

117 5021 211 5104 ditis
241 5022 327 5100 tuis
355 5019 561 5120 omnibus,
589 5023 811 5132 praesertim
839 5021 884 5102 in
911 5022 1239 5132 supernominata
1255 5018 1418 5104 dioecesi
1432 5017 1723 5122 habitantibus,
1739 5022 1777 5101 ei
1790 5021 1909 5120 facias

1280 1295 1402 1373 cimas
1417 1311 1650 1399 presumant
1665 1292 1924 1404 aliquatenus
2057 1357 2066 1368 ·
