4368 5950
988 451 1046 481 .-
1138 419 1233 514 .242
1346 464 1403 484 ..

221 699 227 708 ·
292 651 503 796 ,ρ3ζ2.ἰ
583 595 593 622 ⁸
657 589 660 602 Ι
969 653 1120 756 1225
1164 649 1203 755 d
1248 649 1281 755 6
1329 647 1446 754 Juli.
1893 649 2063 804 Wisby.

335 865 342 969 f
389 829 666 957 Jspasnsup
686 867 1063 977 nemausensem
1084 867 1134 972 rar
1155 870 1262 959 eyes
1281 867 1507 956 namnam
1526 869 1538 932 s
1559 868 1676 956 wssy
1696 869 1737 957 ps
1757 866 1941 952 aregaenn
1958 870 2027 944 ne

297 990 327 1004 ψ’
1757 981 1959 1052 Rssmff

474 1124 710 1203 Vunnuuus
737 1120 992 1202 Miseratione
1021 1118 1160 1200 divina
1186 1118 1423 1201 Mutinensis
1444 1121 1687 1228 Episcopus,
1714 1117 1952 1229 Apostolicae
1978 1121 2070 1204 Sedis

309 1240 482 1348 legatus3
508 1233 684 1314 Dilectis·
698 1233 743 1311 in
771 1231 923 1311 christo
952 1231 1108 1312 civibus
1138 1228 1415 1311 Theutonicis¹
1431 1231 1476 1312 in
1504 1231 1671 1337 Wisby‚
1700 1232 1743 1310 in
1759 1229 2069 1312 Salvatorelllun-

307 1349 353 1434 di
381 1349 560 1432 salutem.
589 1345 708 1424 Iustis
737 1344 959 1450 petentium
987 1341 1195 1448 desiderijs
1223 1339 1392 1450 dignum
1419 1359 1480 1424 est
1508 1370 1583 1421 nos
1610 1339 1768 1422 facilem
1794 1341 1968 1449 prebere
1994 1369 2069 1423 con-

300 1487 481 1560 sensum,
508 1473 550 1538 et
582 1455 689 1537 Vota
715 1475 806 1568 qum
832 1481 857 1532 a
883 1455 1068 1534 Rationis
1095 1455 1255 1532 tramite
1284 1482 1368 1533 non
1396 1451 1629 1534 discordant
1656 1451 1821 1534 effectui
1849 1451 2071 1564 blancipare,

292 1571 480 1683 ,proinde
507 1563 816 1652 Favorabilibus
844 1565 998 1646 Vestrae
1026 1563 1261 1647 Dilectionis
1288 1563 1478 1672 precibus
1505 1565 1707 1661 inclinati,
1722 1565 1857 1660 vobis,
1872 1581 1913 1644 et
1933 1563 2071 1644 Succes-

305 1683 466 1778 soribus
494 1680 655 1774 uestris,
681 1679 912 1758 Antoritate
940 1677 1195 1784 praesentium
1222 1675 1525 1774 confirmamus,
1553 1678 1741 1757 universa
1765 1691 1810 1756 et
1829 1673 2073 1784 singulaque

297 1793 423 1886 'vobis
450 1794 493 1872 in
520 1789 745 1876 libertatem
778 1786 964 1868 Ecclesiae
1006 1787 1136 1867 Beatos
1160 1787 1363 1896 Virginis,
1391 1816 1415 1867 a
1442 1788 1674 1869 Venerabili
1703 1791 1821 1870 Patre
1851 1785 2073 1892 Lincopensi

302 1906 508 2014 Episcopo
535 1911 739 1995 comessa,
768 1897 1015 1981 marrifestius
1043 1901 1325 2008 exprimuntur
1358 1926 1522 1980 suarum
1569 1899 1819 1981 Testimonio
1868 1897 2073 1990 literarum,

304 2042 476 2127 quarum
507 2012 643 2098 Tener
670 2010 762 2091 talis
790 2025 866 2091 est:
882 2011 1087 2092 Universis
1101 2009 1249 2092 Christi
1260 2007 1472 2092 Fidelibus
1491 2016 1564 2092 &a
1579 2009 1632 2092 Se
1634 2010 1895 2118 sbregdende
1910 2008 1989 2088 Neo
2003 2009 2075 2088 231.

474 2123 587 2204 Nulli
611 2149 712 2232 ergo
740 2124 906 2204 omnino
934 2123 1141 2205 hominum
1167 2121 1287 2201 liceat
1315 2121 1418 2202 harre
1446 2138 1592 2202 nostrae
1628 2120 1947 2203 confirmationis
1981 2115 2073 2227 pagi·

262 2313 269 2318 .
298 2233 663 2342 namiinlringere,
689 2250 762 2316 aut
781 2235 827 2314 ei
842 2255 954 2314 'ausu
981 2232 1193 2315 temerario
1219 2234 1431 2316 contraire.
1468 2233 1533 2312 ·Si
1561 2233 1653 2342 quis
1680 2248 1815 2314 autem
1842 2232 1926 2311 hoc
1952 2247 2076 2310 atten-

302 2364 420 2458 ptare
448 2345 766 2455 praesumpserit,
794 2345 1095 2453 Omnipotentis
1123 2343 1198 2423 Dei
1226 2360 1267 2423 et
1293 2342 1507 2424 Beatorum
1538 2344 1647 2423 Petri
1674 2359 1716 2424 et
1745 2343 1861 2422 Pauli
1878 2339 2074 2448 Apostolo-

302 2487 394 2540 rum
420 2457 510 2566 ejus
535 2455 856 2566 indignationem
883 2485 928 2538 se
954 2456 1115 2538 nouerit
1140 2457 1410 2538 incursurum
1438 2457 1586 2535 Datum
1604 2455 1752 2561 Wisby
1767 2455 1806 2534 ll
1821 2455 1963 2536 Nonas
1981 2448 2073 2559 lulij.

187 2770 244 2887 ‘s
308 2777 494 2986 ess..¹
955 2851 1104 2956 1225
1151 2847 1201 2954 a.
1247 2846 1279 2954 s
1326 2845 1444 2953 run.
1888 2835 2078 2986 wrssy.

385 3033 523 3122 aaran
543 3035 658 3120 pomp
678 3036 848 3108 wamma
867 3036 1008 3101 straena
1029 3037 1080 3098 aa·
1100 3035 1334 3118 ransmissa
1355 3035 1410 3099 vu
1431 3034 1480 3098 ss
1499 3033 1611 3097 saecu
1631 3009 1733 3118 lym
1755 3033 1768 3094 r
1789 3029 1910 3116 wnsy
1935 3040 1982 3093 art
2002 3037 2081 3090 na-

304 3207 313 3224 ·
373 3173 379 3200 ‚
425 3142 476 3205 ga
496 3121 646 3203 llrlingar
663 3120 703 3184 ar
713 3121 782 3192 ella
798 3120 936 3218 sollsleg
955 3123 1003 3184 uti
1021 3119 1196 3195 ,suornm
1215 3118 1389 3197 dersttdes3
1410 3128 1458 3182 ett
1478 3117 1588 3182 utdela
1614 3116 1872 3197 Sucrmeatema
1894 3115 1931 3177 dt
1950 3111 2078 3178 frtmliu·

384 3283 391 3292 ·
434 3224 506 3297 gar,
526 3224 567 3268 m.
587 3223 628 3268 m·
1113 3262 1116 3268 ,

1725 3278 1961 3344 &Mum

467 3423 718 3501 thnunuus
747 3420 999 3498 miseratione
1035 3417 1174 3499 diuina
1208 3415 1440 3495 Mutinensis
1482 3417 1694 3522 episcopus
1729 3413 1956 3522 apostolice
1990 3407 2082 3490 sedis

299 3529 455 3639 legatus
489 3529 688 3608 uniuersis
731 3527 871 3608 christi
913 3527 1099 3609 fidelibus
1141 3554 1213 3634 per
1255 3524 1506 3632 gutlandiam
1534 3564 2083 3592 -------

296 3687 354 3706 -
380 3687 437 3704 -
463 3637 626 3719 undare.
658 3637 772 3717 Cum'
788 3641 829 3719 in
859 3639 1009 3718 liuonia
1037 3634 1248 3748 gutlandia
1278 3641 1318 3715 &
1346 3637 1489 3718 ceteris
1523 3635 1866 3746 regionibus-que
1899 3637 1947 3714 in
1975 3631 2081 3740 aqui·

294 3751 389 3832 lone
417 3750 630 3858 legationis
657 3745 792 3840 officio
826 3747 1098 3857 fungeremur.
1134 3745 1389 3828 Venerabilis
1418 3765 1531 3854 pater
1558 3753 1598 3827 8(
1625 3745 1844 3828 liuouensis
1866 3747 2082 3854 episcopus

294 3886 388 3945 suas
414 3907 471 3928 ·-
497 3907 554 3962 -τ-
578 3905 635 3922 -
659 3905 717 3938 .·-
743 3903 798 3919 -
824 3856 1038 3939 -cando
1081 3859 1274 3968 quatinus
1316 3856 1479 3938 ecclesie
1520 3851 1650 3937 sancti
1691 3855 1832 3936 iacobi
1860 3859 1910 3937 in
1942 3849 2084 3949 Wisbi

294 3973 373 4082 sibi
399 3971 624 4084 specialiter
657 3968 879 4078 pertinenti
912 3970 1009 4078 quia
1043 3969 1160 4049 aliam
1178 3965 1330 4047 'dotem
1374 3973 1414 4048 8(
1455 3967 1693 4050 beneficium
1735 3968 1968 4079 temporale
2010 3990 2086 4045 non

293 4079 417 4164 habet
445 4079 752 4163 concederemus
780 4085 820 4159 &
853 4081 1095 4162 auctoritate
1131 4079 1352 4187 apostolica
1382 4125 1768 4146 -----
1814 4107 1946 4162 ueros
1990 4098 2084 4188 quos

293 4193 419 4276 libere
446 4192 635 4301 colligere
664 4191 791 4298 possit
818 4198 857 4272 8(
885 4190 1030 4272 docere
1059 4219 1106 4272 ac
1133 4190 1312 4298 hospites
1341 4189 1604 4272 aduentantes
1626 4191 1698 4300 qui
1725 4190 1943 4271 noluerint
1958 4197 2000 4271 8(
2014 4188 2084 4270 ele-

292 4305 427 4411 gerint
455 4305 498 4384 iu
525 4299 774 4384 confessione
802 4303 1082 4382 communione
1113 4329 1159 4381 ac
1188 4301 1396 4410 sepultura
1429 4303 1514 4382 sine
1549 4298 1876 4382 contradictione
1908 4303 2086 4411 recipere

291 4457 349 4479 ·-
374 4461 430 4480 -
455 4461 513 4479 -
538 4413 721 4493 locorum
747 4413 1061 4522 circumstancijs
1096 4410 1332 4520 diligencius
1374 4413 1672 4519 circumspectis
1705 4411 1890 4494 eiusdem
1923 4436 2086 4497 venera·
2155 4443 2156 4448 Ν

333 4652 468 4730 *rnna
488 4675 527 4716 en
548 4649 730 4717 vurmatia
751 4654 788 4716 as
803 4622 934 4716 natan
955 4653 1048 4718 ries„
1068 4653 1127 4716 oen
1146 4671 1214 4717 ωηο
1237 4654 1483 4739 Kyrtones-an,
1504 4655 1568 4718 aas
1588 4657 1659 4720 nar
1680 4653 1710 4718 a.
1738 4654 1774 4718 ιε
1795 4657 1896 4720 rear.
1925 4658 2018 4722 1316.

174 4731 178 4738 “
319 4735 373 4814 ='*)
393 4734 479 4796 Utur
497 4757 614 4798 samum
635 4740 747 4820 Legats
767 4736 952 4798 bekrtrllelse
972 4736 1103 4799 derd'd.
1126 4737 1145 4797 3
1167 4739 1239 4800 Juni
1271 4737 1367 4816 1248,
1395 4736 1570 4802 vidimerad
1591 4739 1629 4800 al
1646 4738 1717 4802 Bene
1738 4739 1896 4822 Bislopar
1923 4745 1936 4805 i
1960 4746 2042 4828 luga
2059 4738 2085 4802 d.

246 4899 250 4902 -
376 4814 416 4880 so
436 4818 529 4912 April
552 4815 646 4904 1287,
663 4819 734 4885 frdn
756 4819 884 4886 hrilken
904 4820 955 4884 till
977 4841 1014 4883 eu
1034 4819 1086 4884 del
1108 4819 1321 4885 lb'rrnultnade
1342 4821 1493 4905 handling
1514 4821 1644 4904 Sigillen
1665 4830 1719 4886 tro
1739 4823 1929 4888 frantanne.
