4398 5958
1075 423 1484 502 -562-

402 666 492 727 suas
525 634 689 716 clericos
720 636 874 742 suscipi
914 653 983 714 aut
1025 637 1255 743 peregrinos
1295 639 1463 717 manime
1504 633 1776 729 theutonicos,
1814 635 1978 731 frisones,
2012 645 2092 750 augy.

399 774 469 830 cos
496 750 537 826 a
563 740 684 822 dacos
714 744 786 850 qui
813 743 1070 824 cauteriatam
1100 761 1143 824 vt
1169 745 1301 850 sepius
1328 744 1426 825 tales
1453 742 1605 822 habent
1644 744 1941 839 conscienciam,
1973 744 2094 832 dicente

399 883 441 940 se
469 879 552 938 esse
593 849 790 960 simplices
828 877 919 932 cum
953 853 1034 932 sint
1067 853 1246 932 austucia
1285 851 1491 958 dyabolica
1534 851 1695 958 repleti,
1735 858 1774 932 &
1814 852 1946 934 dicunt
1969 881 2003 932 se
2023 883 2094 939 sarrs

399 962 616 1046 ministerio
642 963 828 1056 insertos,
856 986 946 1040 cum
974 987 1057 1042 non
1083 962 1182 1054 sint,
1217 967 1254 1038 8(
1286 988 1361 1066 pro
1388 988 1508 1066 opere
1550 962 1725 1066 pietatis,
1758 961 1895 1040 dicunt
1919 989 1956 1040 se
1980 963 2019 1042 de
2037 968 2094 1060 loco

398 1073 449 1156 ad
476 1070 610 1150 locum
635 1068 816 1162 transire,
843 1095 933 1147 cum
955 1068 1034 1147 sint
1061 1067 1221 1174 fugitiui
1248 1095 1319 1146 sua
1355 1069 1507 1148 malicia
1531 1067 1744 1146 efficiente.
1780 1070 1830 1162 ¹Si
1857 1072 1922 1175 qui
1959 1096 2034 1150 rem
2050 1100 2094 1152 on·

395 1193 575 1261 satorum
603 1174 832 1255 huiusmodi
859 1175 1021 1254 clericos
1062 1176 1291 1282 peregrinos
1318 1174 1370 1253 ad
1397 1177 1693 1256 inofficiandum
1732 1177 1912 1255 ecclesias
1948 1205 2021 1258 suas
2039 1181 2094 1259 abs

393 1315 475 1398 que
501 1285 713 1393 dyocesani
741 1285 803 1362 sui
830 1281 993 1362 licencia
1021 1284 1203 1362 eciamsi
1237 1281 1477 1363 dimissorias
1518 1283 1692 1363 habeant
1736 1289 1775 1361 8(
1814 1282 1997 1380 formatas.
2029 1315 2093 1393 pem

393 1397 517 1498 trium
544 1391 794 1472 marcharum
820 1391 1024 1498 puniatur,
1056 1390 1186 1468 adhuc
1213 1392 1311 1496 quid
1340 1391 1473 1472 clerici
1501 1393 1551 1470 de
1579 1388 1811 1469 dimissoriis
1840 1395 1878 1467 &
1894 1392 2093 1472 formatanor

394 1515 580 1588 curantes
607 1501 777 1581 seruicio
804 1526 876 1605 per
917 1499 1145 1602 homagium
1172 1524 1213 1576 se
1242 1500 1466 1604 astringrmt
1504 1500 1709 1603 laycorum
1737 1499 1796 1575 De
1824 1527 1980 1604 quorum
1998 1520 2094 1607 poter

391 1615 454 1696 cia
482 1609 619 1691 confisi
650 1608 880 1714 vbicunque
914 1605 1092 1684 locorum
1122 1608 1304 1686 venerint
1331 1635 1371 1686 se
1398 1635 1560 1687 suorum
1590 1607 1855 1714 exequucioni
1881 1607 2036 1686 ordinun
2057 1612 2094 1686 ir·

391 1734 536 1829 gerunt
561 1714 815 1823 impudenter
842 1727 1072 1820 reputantes
1099 1739 1140 1792 se
1175 1743 1197 1792 a
1226 1714 1482 1795 iurisdicione
1517 1715 1833 1821 dyocesanorum
1876 1740 1942 1820 per
1965 1717 2094 1796 bursa

391 1827 500 1909 modi
527 1825 754 1932 homagium
783 1821 999 1902 liberos&
1026 1835 1241 1928 exemptos.

872 2012 935 2091 Nc
961 2014 1121 2093 clericos
1148 2016 1351 2116 omagium
1372 2017 1514 2114 socrot
1541 2015 1666 2114 loyce.

553 2151 671 2234 Vnde
697 2151 819 2230 huius
848 2151 958 2229 Sacri
985 2150 1141 2229 consilii
1168 2153 1426 2258 prouincialis
1445 2153 1742 2258 approbacione
1770 2159 1968 2233 statuimus
1991 2153 2092 2231 rtnul·

392 2265 454 2346 lus
479 2264 647 2344 clericus
674 2260 842 2339 maxime
871 2259 913 2334 in
937 2261 1057 2337 sacris
1085 2260 1255 2339 existens
1290 2259 1517 2365 homagium
1561 2259 1679 2339 faciat
1722 2263 1841 2366 layco
1880 2263 2090 2366 cuiuscunque

390 2371 512 2455 fuerit
539 2369 709 2451 nominis
735 2366 798 2447 rel
826 2364 974 2472 gradus
1009 2367 1212 2471 dignitatis
1246 2383 1410 2472 excepta
1453 2394 1623 2473 persona
1651 2368 1805 2449 domini
1833 2372 1931 2475 regis
1954 2375 1986 2446 8(
2008 2367 2090 2457 ducis

373 2481 468 2562 'nisi
495 2477 547 2560 de
573 2479 635 2557 sui
676 2472 819 2584 prelati
854 2474 1018 2552 licencia
1061 2475 1222 2581 speciali
1264 2474 1306 2555 Si
1347 2476 1438 2582 quis
1477 2502 1574 2555 vero
1615 2477 1851 2556 clericorum
1885 2480 1924 2556 in
1961 2476 2089 2554 illusione

387 2589 509 2672 buius
535 2584 673 2667 statuti
719 2585 963 2661 contrarium
1006 2579 1144 2660 fecerit
1185 2582 1234 2659 ab
1271 2581 1404 2660 officio
1433 2587 1472 2660 ssr
1499 2583 1701 2663 beneficio
1729 2586 1761 2663 si
1791 2584 1899 2692 quod
1924 2584 2020 2662 habet
2043 2605 2087 2658 no

389 2698 495 2777 uerit
522 2721 564 2772 se
591 2701 836 2797 suspensum,
862 2687 991 2770 donec
1019 2705 1172 2769 reatum
1199 2716 1312 2772 suum
1354 2689 1623 2769 emendauerit
1650 2699 1687 2768 8r
1716 2696 1888 2796 graciam
1913 2695 1966 2770 sui
1989 2691 2085 2794 dyoce

383 2805 477 2888 ‘sani
503 2811 624 2907 super
651 2797 728 2877 hoc
755 2799 956 2904 meuserit,
984 2800 1056 2903 qui
1084 2825 1179 2877 vero
1208 2813 1371 2902 optenta
1401 2799 1574 2891 licencia,
1610 2801 1731 2902 laycis
1759 2801 1892 2880 taliter
1916 2828 1978 2906 per
1998 2799 2083 2876 hona·

387 2915 498 3024 gium
526 2907 674 2992 fiterint
701 2903 866 3008 obligati
893 2902 1121 2982 nullatenus
1143 2903 1194 2982 ad
1222 2905 1522 2985 inofficiandum
1550 2908 1732 2984 ecclesias
1760 2912 2017 3012 permittantur
2042 2899 2083 2980 sel

387 3023 564 3130 priuatas
590 3027 746 3090 tantum
781 3016 913 3090 missas
941 3013 983 3089 in
1010 3011 1096 3090 aliis
1124 3011 1361 3116 dyocesibus
1401 3014 1511 3092 saluo
1539 3014 1625 3092 iure
1652 3015 1868 3096 sacerdotis
1893 3011 2082 3123 parochialis,

388 3121 561 3209 dominis
587 3118 668 3197 suis
695 3143 972 3220 eumlneccsse
1000 3117 1130 3212 fuerit,
1158 3116 1289 3198 dicere
1317 3125 1613 3226 permittantur,
1641 3127 1680 3200 8<
1708 3125 1740 3200 si
1769 3127 1993 3203 contrarium
2019 3119 2082 3196 lece

386 3236 469 3315 rint
497 3255 638 3336 penam
667 3228 874 3306 incurrant
900 3228 1082 3334 superius
1116 3242 1368 3320 annotatam,
1409 3231 1616 3307 statuimus
1644 3231 1765 3309 eciam
1798 3248 1841 3310 vt
1869 3233 1984 3311 nullus
2009 3225 2081 3305 cleri-

384 3365 524 3423 corum
551 3335 710 3414 calicem
737 3333 914 3413 tabulam
944 3335 1231 3428 intinerariam,
1260 3335 1395 3427 libros,
1424 3363 1492 3415 sen
1514 3339 1635 3416 eciam
1651 3339 1725 3417 alia
1740 3359 1961 3419 ornamenta
1973 3332 2081 3418 ecclesie

387 3447 440 3529 ad
468 3446 625 3553 priuata
659 3440 867 3549 prophana
901 3441 985 3520 loca
1027 3442 1185 3522 deferre
1212 3441 1273 3520 vel
1298 3445 1340 3521 in
1368 3444 1516 3523 eisdem
1556 3446 1754 3526 celebrare
1796 3464 1995 3554 presumat,
2022 3442 2080 3518 alu·

384 3581 466 3665 que
498 3550 713 3658 dyocesani
741 3551 802 3626 sui
832 3549 994 3628 licencia
1022 3550 1181 3656 speciali
1210 3553 1291 3652 Qui
1320 3579 1415 3630 vero
1443 3557 1685 3633 contrarium
1702 3553 1873 3637 fecerint
1899 3585 1985 3665 pena
2001 3554 2078 3632 trinu

384 3661 629 3746 marcharum
656 3655 892 3765 puniantur·
942 3701 947 3708 ·

859 3905 865 3919 ,
907 3915 910 3924 .
952 3851 1014 3927 De
1041 3853 1308 3956 copthsocione
1337 3853 1571 3932 clericorum.

547 3995 594 4074 lh
620 3992 789 4098 maligna
818 3987 991 4068 mundus
1019 3991 1172 4095 positus
1201 3991 1367 4086 malicia,
1397 3991 1490 4071 dum
1517 3995 1731 4100 impunitas
1745 3997 1930 4077 scelernm
1945 4007 2077 4100 perenn

412 4133 478 4188 um
521 4103 720 4183 liberrime
790 4098 945 4178 uodam.
987 4095 1107 4176 modo
1149 4096 1335 4178 discurrit
1375 4097 1559 4196 effrenis,
1597 4101 1748 4194 aditum
1790 4103 1924 4210 pandit
1959 4091 2077 4178 iniuriis

383 4137 508 4322 ligem
546 4208 738 4314 dampnat
806 4206 951 4315 onesti,
998 4202 1252 4313 priuilegium
1294 4209 1489 4312 permittit
1530 4212 1673 4305 errori,
1697 4215 1751 4312 ,⁸1
1794 4209 1887 4289 dum
1933 4233 2021 4314 spem
2046 4193 2076 4274 tl

381 4323 480 4404 alios
508 4330 719 4426 prorogat,
746 4310 798 4390 ad
826 4311 984 4418 culpam
1011 4312 1225 4393 nonnullos
1266 4314 1426 4410 inuitat,
1469 4319 1603 4426 sicque
1640 4335 1716 4423 ¹per
1755 4313 1974 4397 facilitatem
2005 4305 2075 4387 veni

382 4424 553 4512 nocendi
592 4433 787 4532 potestate
834 4419 884 4500 ad
924 4421 1084 4528 iniquos
1130 4417 1347 4515 transfusa,
1396 4451 1516 4536 super
1556 4441 1702 4505 sortem
1743 4428 1931 4533 iustorum
1967 4426 2074 4524 inpune

381 4534 607 4618 extenditur
654 4531 767 4634 virga
809 4541 1075 4632 peccatorum,
1122 4541 1288 4635 propter
1320 4531 1431 4638 quod
1474 4533 1574 4614 ordo
1616 4535 1816 4614 clericalis.
1858 4561 1933 4614 non
1970 4539 2073 4610 tanna

379 4639 669 4726 tumoribus
696 4633 766 4715 sed
807 4635 933 4714 eciam
964 4639 1007 4715 in
1044 4636 1258 4719 maioribus
1287 4643 1544 4750 vcontemptui
1584 4645 1798 4752 exponitur
1837 4661 1953 4752 atque
1990 4625 2074 4716 nortl

382 4763 648 4835 conteruntur
674 4740 793 4825 velud
821 4767 912 4824 vasa
951 4759 1075 4824 testea
1101 4745 1172 4825 filii
1199 4745 1326 4828 incliti
1352 4777 1474 4855 syon,
1504 4754 1545 4829 δι
1570 4754 1674 4834 siout
1699 4779 1794 4834 oues
1822 4753 1872 4834 ad
1898 4747 2073 4832 occisionem
