4362 5946
788 487 844 511 -
955 448 1035 554 329
1144 487 1200 508 -
1696 521 1700 528 .

124 624 270 824 ³57ss
500 646 519 788 ζ
691 676 1012 836 nasas
1065 673 1382 824 (annon.
1616 679 1920 840 unua&

186 894 264 962 Pto
285 897 431 978 Legaten,
453 896 532 958 Bisk.
553 897 720 959 anus
742 896 779 957 af
801 893 917 957 Sabina
944 891 1147 979 siyddshref
1171 895 1221 959 sor
1241 899 1409 973 Nunnorua
1428 897 1440 958 i
1460 897 1625 982 Risabergs
1655 903 1771 966 kloster
1796 905 1892 967 aaut

98 1033 101 1042 ,
236 979 320 1042 hvad
341 979 388 1041 dit
407 978 506 1041 hdrde
526 978 604 1041 elles·
623 976 789 1041 framdeles
807 979 981 1043 ffirvortvas
1000 978 1113 1049 knede.
1313 1023 1316 1030 ·
1601 1017 1605 1028 .

1574 1095 1760 1170 huda
1837 1113 1840 1129 ¹

273 1232 528 1311 thunnnws
557 1227 810 1310 miseratione
839 1228 979 1309 diuina
1008 1228 1238 1310 Sabinensis
1278 1227 1504 1338 Episcopus
1540 1233 1761 1338 apostolice
1788 1235 1894 1318 sedis

118 1345 263 1450 legatus
290 1340 503 1448 Religiosis
531 1339 758 1419 Sororibus.
790 1340 1004 1421 Abbatisse
1035 1345 1074 1420 &
1109 1335 1353 1420 Monialibus
1387 1338 1601 1422 Monostcri
1604 1371 1619 1448 J
1650 1341 1700 1424 de
1735 1345 1892 1426 Risiber

118 1453 381 1549 Cisterciensis
408 1446 565 1531 ordinis
593 1451 898 1559 strengenensis
927 1449 1096 1562 diocesis
1111 1450 1301 1546 Salutem
1332 1449 1375 1528 in
1405 1450 1566 1530 nomine
1599 1454 1712 1534 ihesu
1741 1455 1892 1538 christi.

117 1565 208 1645 Cum
239 1591 263 1642 a
291 1556 409 1642 nobis
438 1562 592 1668 petitur
619 1561 732 1669 quod
762 1563 913 1640 iustum
942 1579 1000 1641 est
1028 1563 1068 1638 &
1096 1559 1419 1655 honestu1n‚tam
1434 1563 1588 1668 uigore
1620 1564 1756 1644 uitatis
1771 1579 1892 1674 quam

114 1674 208 1756 ordo
239 1672 571 1780 erigit'rutionis¹
588 1687 635 1751 ut
663 1671 705 1754 id
734 1699 807 1780 per
835 1669 1145 1750 sollicitudinem
1161 1671 1285 1779 officij
1313 1671 1441 1751 nostri
1469 1669 1522 1748 ad
1550 1589 1732 1752 ddlritum
1746 1677 1894 1783 perdu-

115 1801 221 1866 catur
251 1781 442 1862 ellectum
484 1782 709 1892 Eapropter
738 1781 883 1863 dilecte
911 1784 955 1862 in
983 1780 1136 1860 christo
1179 1809 1336 1861 sorores
1379 1782 1522 1878 uestris
1550 1783 1664 1864 iustis
1707 1785 1895 1892 precibus
2004 1765 2013 1787 ⁴

113 1894 290 1976 inclinati
318 1919 510 2004 personas
538 1909 692 1973 uestras
721 1897 761 1972 &
789 1893 921 1973 locum
951 1893 1106 2001 inquo
1136 1890 1275 1973 diuino
1291 1891 1383 1972 estis
1397 1888 1532 1974 officio
1553 1895 1788 2002 mancipate,
1804 1925 1896 1976 curn

114 2004 297 2086 omnibus
327 2007 444 2085 bonis
471 2028 553 2113 que
580 2005 928 2112 impresentiarum
971 2001 1265 2085 rationabiliter
1293 2003 1482 2110 possidet,
1518 2005 1661 2084 autin
1710 2005 1895 2086 futurum

111 2118 221 2198 iustis
253 2112 381 2197 modis
412 2129 616 2223 prestante
634 2116 810 2195 'domino
840 2114 989 2222 poterit
1013 2113 1185 2224 adipisci
1213 2113 1289 2193 sub
1306 2112 1413 2194 beati
1436 2115 1541 2222 petri
1563 2115 1610 2214 5&
1638 2133 1774 2196 nostra
1802 2146 1897 2225 pro-

23 2262 25 2268 ·
111 2227 295 2310 tectione»
312 2237 399 2336 ‘qua
428 2224 641 2332 fungimur
663 2228 901 2315 auctoritate
928 2225 1176 2332 srrscipimus.
1205 2223 1440 2332 Specialiter
1460 2241 1593 2306 autem
1609 2225 1809 2334 Grangias
1825 2227 1899 2308 do·

111 2364 193 2418 mos
221 2353 353 2416 terras
381 2335 511 2415 Siluas
541 2356 688 2444 pascua
730 2337 919 2444 piscarias
962 2341 1003 2414 Se
1037 2335 1115 2413 alia
1143 2335 1253 2418 bona
1281 2353 1414 2416 uestra
1431 2336 1547 2416 sicut
1563 2363 1610 2415 ea
1638 2340 1770 2417 omnia
1794 2340 1897 2417 iuste

79 2455 146 2529 ’ἃ
173 2446 342 2559 pacifice
369 2444 601 2554 possidetis,
630 2446 815 2552 uobis&
844 2474 917 2554 per
945 2474 1019 2526 uos
1048 2447 1291 2526 Monosterio
1320 2463 1456 2528 uestro
1485 2447 1724 2528 auctoritate
1752 2448 1899 2526 confir·

110 2585 264 2640 mamus
292 2555 430 2638 eadem
460 2557 722 2664 &presentis
765 2558 906 2665 scripti
947 2557 1173 2664 patrocinio
1215 2558 1518 2657 communimus.
1560 2556 1672 2638 Nulli
1694 2583 1796 2668 ergo
1825 2563 1898 2650 &c

108 2688 246 2750 nostre
277 2667 608 2775 protectionis&
637 2667 952 2753 confirmationis
981 2671 1052 2745 &c
1083 2668 1230 2752 Datum
1249 2667 1416 2747 indicto
1431 2667 1673 2750 Monasterio
1708 2669 1757 2750 V.
1805 2695 1898 2750 non.

105 2779 224 2876 Febr.
242 2777 505 2858 Pontificatus
520 2778 648 2890 nostri
661 2778 891 2885 Jnnocentij
920 2803 1035 2892 pape.
1068 2773 1155 2858 1111.
1184 2769 1306 2858 Anno
1335 2779 1502 2883 Quinto
1714 2789 1718 2796 '

854 2918 978 2999 sigillet
995 2917 1168 2988 tortialtet.

107 3287 248 3393 358.
472 3342 475 3351 ·
730 3281 881 3408 1248
929 3281 977 3390 d.
1030 3275 1099 3390 18
1146 3278 1294 3386 Febr.
1357 3424 1360 3430 Ι
1628 3279 1901 3426 Skeninge.

185 3503 274 3570 Pfill
297 3502 443 3582 Legsten,
465 3500 544 3560 Bisl.
565 3454 732 3568 Wriuruus
753 3501 791 3562 af
804 3501 923 3564 Sabina
939 3499 1140 3582 suadiaistelse,
1161 3503 1202 3586 pt
1222 3499 1320 3578 nigra
1337 3496 1415 3562 ais.
1435 3498 1466 3559 d.
1486 3498 1567 3562 Bru.
1588 3500 1712 3564 Tuom
1733 3501 1745 3562 i
1770 3491 1837 3565 lun
1853 3499 1905 3562 till

245 3582 785 3692 Smmsswwffimffiffln
1076 3586 1080 3594 '
1386 3677 1390 3687 Ι
1518 3663 1770 3732 nnuma

217 3877 220 3882 .
284 3800 536 3880 Wnnsuuus
564 3797 817 3878 miseratione
846 3795 982 3878 divina
1007 3797 1243 3881 Sabinensis
1272 3799 1494 3908 Episcopus
1523 3798 1765 3907 Apostolicae
1791 3797 1906 3882 Sedis

98 3917 275 4024 legatus
305 3912 402 3992 viris
431 3907 624 4015 religiosis
653 3908 846 3990 fratribus
874 3908 1017 3990 domus
1049 3906 1100 3989 de
1129 3909 1307 3994 Sictunia
1322 3904 1475 3992 ordinis
1497 3907 1805 4022 predicatorum
1820 3907 1905 4017 Up-

93 4025 284 4108 salensis
301 4019 481 4102 dioecesis
509 4018 678 4098 salutem
708 4020 749 4096 in
778 4019 940 4101 nomine
968 4021 1062 4098 Jesu
1089 4018 1252 4104 Christi.
1283 4019 1386 4099 Cum
1413 4047 1439 4098 a
1465 4019 1583 4101 nobis
1613 4023 1765 4127 petitur
1793 4017 1906 4129 quod

92 4139 269 4246 justum
302 4146 382 4226 est,
410 4127 501 4207 tam'
518 4130 634 4238 vigor
664 4129 862 4237 aequitatis
891 4153 1012 4238 quam
1041 4125 1143 4210 o'rdo
1172 4131 1296 4236 exigit
1324 4130 1504 4227 rationis,
1529 4145 1575 4210 ut
1604 4130 1645 4211 id
1674 4158 1747 4240 per
1761 4129 1908 4212 sollici·

90 4248 306 4330 tudinem
334 4239 454 4321 oflicii
483 4241 612 4319 nostri
641 4239 692 4319 ad
721 4238 900 4320 debitum
929 4236 1174 4347 perducatur
1203 4237 1404 4324 effectum.
1476 4239 1579 4323 Cum
1621 4241 1763 4349 igitur,
1804 4241 1907 4320 sicut

91 4387 147 4440 ex
178 4372 318 4468 parte
346 4367 477 4431 vestra
506 4352 759 4457 propositum
787 4349 920 4431 extitit
948 4374 1083 4430 coram
1111 4350 1249 4446 nobis,
1277 4347 1514 4434 venerabilis
1543 4341 1669 4431 frater
1697 4345 1745 4430 Τ.
1774 4377 1908 4458 quon·

87 4469 196 4552 dam
230 4460 523 4547 Finlandensis
552 4461 793 4567 Episcopus,
823 4456 1017 4568 quosdam
1047 4458 1171 4539 libros
1200 4459 1448 4566 pertinentes
1461 4457 1513 4540 ad
1541 4488 1583 4540 se
1611 4460 1749 4541 domui
1766 4479 1906 4541 vestrae

84 4571 183 4692 pro*
211 4599 396 4658 suorum
425 4566 600 4650 remedio
630 4570 848 4654 contulerit
876 4585 1153 4680 peccatorum,
1181 4595 1256 4648 nos
1284 4568 1397 4678 quod
1425 4571 1476 4651 ab
1503 4597 1551 4650 eo
1571 4565 1915 4682 providclac'tiirn'

83 4707 175 4788 est,
211 4690 264 4768 in
303 4683 377 4766 hac
406 4695 521 4790 parte
550 4695 683 4772 ratum
710 4678 923 4776 habentes,
952 4677 1052 4760 illud
1082 4679 1322 4762 auctoritate
1336 4707 1415 4788 qua
1439 4678 1647 4788 fungimur
1675 4681 1906 4790 Apostolica

79 4799 423 4887 confirmamus,
451 4805 493 4873 et
522 4791 727 4900 praesentis
753 4791 896 4900 scripti
923 4790 1150 4898 patrocinio
1178 4791 1478 4872 communimus.
1506 4791 1617 4874 Nulli
1627 4816 1730 4900 ergo
1743 4798 1817 4872 &c
1833 4818 1907 4872 no·

98 5034 105 5046 “
128 5045 159 5120 ·)
187 5039 273 5098 Der
300 5033 383 5093 alter
403 5031 576 5112 Originslet
596 5030 667 5092 med
689 5031 929 5112 antecinngen:
950 5031 1211 5095 ''Collationeradt
1233 5032 1304 5094 med
1325 4989 1467 5113 original
1487 5032 1727 5207 PermebreZ’vet.

250 5147 315 5202 Su.
333 5145 458 5217 Dr'plona
1679 5141 1697 5186 2
1760 5146 1762 5152 '
