4384 5946
918 524 1393 604 ⁸-56-

268 743 447 854 pendere
482 743 558 825 sibi
595 728 765 850 possunt
799 741 983 824 absentes
1020 743 1155 830 amici,
1192 754 1294 852 puto
1323 762 1364 824 et
1392 771 1454 825 me
1493 739 1641 822 debere
1669 738 1763 834 tibi,
1792 755 1832 818 et
1860 735 1959 815 mihi
1974 733 2054 851 ,de‘

269 858 357 937 beri
396 873 497 936 ate.
557 852 703 933 Audax
729 880 838 946 sum,
867 852 1048 934 sednon
1076 851 1269 949 mendax,
1298 859 1403 935 etin
1432 855 1536 933 hanc
1564 851 1770 932 audaciam
1799 877 1861 929 me
1891 874 2069 961 compuj'

271 969 316 1047 lit
343 984 421 1054 tuae
450 965 702 1046 sublimitatis
732 962 920 1069 dignatio.
979 963 1154 1066 Quando
1182 968 1288 1044 enim
1317 963 1357 1044 id
1382 990 1659 1074 praesumerem
1676 961 1776 1068 egoi
1792 957 1957 1067 quando
1973 978 2059 1039 tan«

269 1097 350 1158 tam
386 1076 582 1170 tantillus,
612 1092 653 1156 et
679 1101 701 1152 a
729 1091 842 1156 tanto
872 1077 1038 1182 gratiam
1067 1103 1227 1182 sperare
1256 1074 1467 1156 auderem?
1496 1075 1547 1156 Et
1572 1075 1608 1153 si
1637 1101 1711 1180 ego
1740 1070 1962 1150 retribuere
1977 1098 2094 1182 ηοῐι11
2177 1075 2179 1114 ³

269 1205 451 1296 potero,
473 1214 556 1266 non
591 1201 649 1265 est
685 1202 865 1264 mortuus
900 1187 1120 1266 retributor
1155 1213 1282 1281 meus,
1311 1189 1406 1294 quia
1436 1186 1630 1266 Dominus
1658 1181 1854 1263 retribuet
1881 1208 1959 1308 pro
1989 1181 2059 1260 me.

152 1397 155 1404 Ι
272 1299 485 1390 Dominus,
514 1298 693 1402 inquam,
718 1297 760 1373 in
789 1325 873 1403 quo
902 1315 942 1376 et
968 1324 1044 1404 pro
1073 1325 1156 1404 quo
1186 1313 1295 1376 tanta
1324 1305 1400 1378 nos¹
1428 1297 1643 1377 deuotione
1672 1291 1957 1401 complectens,
1973 1307 2059 1368 tan-

271 1428 311 1489 ta
347 1409 510 1513 stringis
539 1404 759 1484 affectione.
817 1407 1054 1490 benedictus
1083 1424 1241 1487 sanctus
1270 1407 1434 1515 angelus
1463 1405 1576 1500 tuus,
1606 1407 1677 1512 qui
1705 1405 1774 1511 pio
1804 1402 1959 1510 pectori
1989 1417 2060 1479 tuo

272 1518 314 1598 id
343 1519 547 1622 suggessit.
605 1515 841 1596 Benedictus
871 1519 980 1597 Deus
1009 1534 1142 1597 noster
1172 1520 1242 1625 qui
1271 1519 1477 1625 persuasit.
1535 1515 1699 1596 Glorior
1722 1513 1935 1621 priuilegio
1951 1515 2064 1590 amo?

272 1629 327 1707 ris
362 1627 430 1706 tui.
496 1624 680 1707 Reiectus
715 1655 802 1706 sum
837 1656 909 1735 per
947 1630 1219 1709 charissimum
1255 1629 1416 1708 fratrem
1454 1643 1635 1707 nostrum
1664 1625 1787 1704 lilium
1816 1639 1930 1702 tuum
1961 1623 2062 1701 Gui-

274 1739 447 1818 lielmum
487 1735 537 1815 de
580 1737 839 1818 abundantiaw
868 1741 1075 1819 suauitatis
1111 1742 1285 1847 pectoris
1314 1743 1385 1820 tui.
1440 1737 1623 1817 Reiectus
1652 1764 1741 1814 sum
1769 1736 2062 1842 pernuncium

206 1881 210 1888 ·
273 1869 405 1942 tuum,
434 1845 604 1926 refectus
634 1875 719 1929 sum
748 1875 823 1956 per
850 1848 999 1929 litteras
1028 1867 1134 1943 tuas,
1163 1846 1334 1932 relectus
1363 1877 1449 1928 sum
1479 1876 1553 1955 per
1581 1874 1735 1942 omnes,
1762 1846 1833 1955 qui
1849 1863 1922 1924 ate
1936 1851 2065 1952 usque

275 1958 440 2040 ad'nos-
456 1956 519 2036 vel
549 1985 621 2064 per
650 1985 722 2038 nos
752 1956 921 2038 euadere
952 1977 1132 2066 possunt.
1170 1960 1348 2039 -Vtinam
1376 1959 1471 2038 mihi
1501 1957 1637 2039 datum
1666 1972 1766 2037 esset
1794 1954 1966 2063 desuper
1980 1954 2064 2034 haee

171 2119 174 2124 ·
275 2071 427 2163 dicere,
465 2096 547 2148 non
582 2068 750 2163 dictare,
786 2085 830 2149 vt
865 2065 926 2148 me
962 2072 1097 2178 potius
1133 2070 1300 2178 loquens
1335 2099 1463 2178 quam
1487 2069 1663 2149 scribens
1691 2069 1846 2175 aperire
1881 2066 2063 2146 valerem.
2153 2083 2156 2092 '

275 2185 354 2261 Pro
384 2197 494 2259 certo
523 2181 725 2287 acceptior
754 2194 856 2259 esset
884 2207 1014 2261 sermo
1042 2183 1177 2276 viuuS,
1207 2209 1327 2290 quam
1357 2183 1546 2287 scriptus:
1568 2178 1765 2258 efficacior
1781 2178 1928 2284 lingua,
1944 2205 2063 2285 quam

43 2275 54 2284 ⁸
106 2337 112 2350 ·
226 2325 234 2334 ’
277 2293 400 2373 litera.
459 2291 586 2380 Oculi,
610 2292 763 2399 quippe
793 2289 996 2399 loquentis
1024 2291 1142 2372 fidem
1170 2288 1345 2390 facerent
1372 2291 1505 2386 dictis,
1534 2307 1574 2370 et
1603 2289 1742 2368 melius
1771 2287 1957 2366 allectum
1977 2289 2063 2367 vul·

276 2422 341 2491 tus
364 2402 609 2508 exprimeret
636 2428 757 2510 quam
787 2400 946 2508 digitus.
1005 2401 1082 2481 Sed
1113 2403 1208 2510 quia
1237 2402 1337 2482 illud
1366 2403 1506 2482 absens
1534 2429 1608 2508 per
1629 2427 1788 2480 menon
1804 2425 1978 2507 possum,
1994 2427 2064 2507 per

277 2514 425 2594 literas
469 2541 532 2593 uae
562 2511 781 2620 secundum
811 2513 853 2589 in
882 2511 1110 2591 huiusmodi
1140 2512 1274 2591 locum
1303 2513 1505 2606 obtinent,
1536 2511 1732 2591 satisfacio
1762 2529 1957 2618 quantum
1972 2539 2091 2618 pos·-

278 2635 392 2704 sum.'
440 2542 649 2703 ¹iluncium
691 2638 806 2700 tuum
851 2649 941 2700 cum
978 2648 1120 2728 magna
1156 2623 1398 2703 exultatione
1425 2621 1615 2717 vidimus,
1643 2640 1684 2702 et
1711 2623 1923 2729 negocium
1952 2639 2065 2701 tuum

279 2730 637 2843 quantumcunque
679 2731 884 2839 potuimus
927 2733 1169 2811 muniuimus
1205 2732 1255 2812 ad
1292 2733 1508 2812 Dominum
1546 2735 1693 2840 Papam
1721 2730 1762 2844 ¹).
1811 2733 1887 2812 >De
1916 2743 2066 2812 secreto

280 2863 411 2928 autem
446 2843 573 2927 verbo
609 2841 678 2921 illo
707 2839 820 2949 quod
849 2859 929 2920 tam
959 2841 1144 2922 ardenter
1174 2842 1350 2923 ascendit
1378 2845 1420 2922 in
1448 2870 1518 2924 cor
1546 2861 1678 2940 tuum,
1707 2841 1966 2951 respondebit
1993 2843 2065 2922 tibi

280 2985 330 3035 ex
358 2973 474 3064 parte
501 2970 638 3033 nostra
668 2949 907 3037 Guillelmus
935 2970 1047 3050 tuus,
1076 2970 1170 3034 tuus
1199 2958 1382 3062 inquam,
1411 2971 1450 3034 et
1478 2955 1701 3061 specialiter
1729 2972 1823 3034 tuus
1851 2955 1893 3034 in
1908 2955 2066 3033 visceri·
2178 2971 2179 3046 ἕ

281 3067 358 3146 bus
393 3065 488 3144 Jesu
522 3063 680 3143 Christi.
745 3063 865 3144 Posui
894 3065 998 3143 enim
1028 3065 1150 3144 verba
1178 3093 1264 3144 mea
1290 3067 1334 3144 in
1362 3093 1432 3172 ore
1460 3066 1561 3160 eius,
1590 3082 1630 3144 et
1657 3068 1789 3173 ipsum
1817 3062 1952 3144 audies
1981 3080 2075 3160 tan·¹

313 3204 404 3254 uam
433 3204 494 3256 me
522 3177 564 3253 in
593 3178 761 3281 negocio
791 3177 877 3253 isto.
930 3173 1044 3270 Heu,
1074 3176 1244 3272 auellor,
1274 3178 1470 3283 abripior,
1499 3202 1582 3270 non
1610 3177 1703 3259 licet
1728 3174 1872 3257 vltra.⁴
1914 3177 2069 3253 Auocat

283 3204 363 3365 diei
408 3285 572 3380 malitia,
618 3300 780 3374 reuocat
814 3284 933 3364 turba
967 3287 1352 3392 superuenientium,
1389 3303 1429 3365 et
1462 3286 1670 3393 epistolam
1706 3288 1842 3394 potius
1876 3301 2068 3392 rumpunt

284 3424 405 3503 quam
434 3395 589 3475 finiunt.
647 3395 726 3474 Sed
755 3393 940 3502 nunquid
969 3397 1066 3505 quia
1094 3394 1245 3476 faciunt
1272 3415 1316 3477 vt
1343 3399 1480 3504 paucis
1509 3397 1690 3492 scribam,
1720 3396 1848 3476 facere
1877 3412 2068 3504 poterunt

285 3522 328 3584 vt
362 3533 505 3614 parum
535 3505 722 3610 diligam?
752 3507 895 3584 Actum
925 3504 1144 3586 excludunt
1173 3535 1197 3586 a
1221 3509 1287 3586 ¹me
1316 3535 1400 3589 non
1428 3506 1630 3586 affectum:
1660 3507 1726 3586 ille
1754 3533 1909 3614 semper
1937 3526 2067 3588 tecum

156 3699 168 3720 ‚
219 3703 224 3711 .
285 3634 361 3712 est,
404 3617 477 3724 qui
512 3618 573 3696 sui
603 3617 698 3694 iuris
728 3633 802 3695 est:
831 3631 870 3695 et
899 3630 1030 3701 tecum
1060 3617 1136 3697 erit
1164 3618 1345 3732 quandiu
1377 3617 1515 3714 fuerit,
1543 3620 1652 3698 omni
1681 3616 1776 3700 mihi
1805 3618 1988 3698 amicitia
2003 3645 2068 3697 co·

285 3725 418 3823 lende,
447 3729 529 3834 pie,
559 3754 603 3804 ac
632 3724 956 3812 reuerendissime
984 3745 1109 3839 pater,
1750 3767 1752 3775 ·

292 3914 391 4021 aa
907 3915 1058 4027 1153
1105 3915 1153 4020 a.
1201 3841 1274 4026 es
1321 3917 1449 4024 mv.

368 4103 462 4166 Ptfv.
485 4105 672 4171 Aristonus
693 4101 765 4166 1V2s
786 4103 1021 4172 skriirelsetill
1042 4074 1176 4188 liouung
1197 4105 1329 4168 Sverlrer
1350 4110 1365 4168 1
1386 4106 1446 4169 och
1465 4104 1613 4249 Sveriges
1632 4107 1796 4170 ffirmmste
1817 4117 1886 4170 mtto
1907 4108 2012 4172 medo
2032 4132 2069 4193 p·

408 4189 545 4268 'maning
573 4195 621 4247 att
642 4185 794 4247 iiirblifva
816 4184 871 4246 vid
883 4184 1197 4270 Romerskakyrlans
1210 4189 1290 4266 lira,
1303 4188 1552 4269 iakttagadesta
1575 4188 1830 4270 garCardinalen
1840 4193 1996 4255 Nicotaus
2051 4223 2071 4237 ·

423 4291 558 4332 numus
587 4268 686 4330 under
716 4270 770 4329 sitt
807 4267 947 4329 vistande
969 4271 980 4329 i
1001 4268 1131 4351 Suerige
1150 4272 1245 4352 gifvit
1264 4291 1316 4334 om
1327 4271 1462 4354 kyrkem
1472 4269 1585 4349 frihet,
1599 4273 1811 4356 titenskepet,
1823 4294 1959 4357 repuens
1974 4273 2071 4356 alitg-

424 4351 533 4496 gande.
556 4372 658 4412 mm.
680 4359 760 4412 sumt
783 4348 963 4412 frambtirda
982 4353 992 4412 i
1015 4351 1075 4412 den
1096 4351 1303 4433 gudaltighet
1323 4353 1363 4415 de
1387 4352 1507 4438 begynt
1526 4353 1586 4416 och
1607 4355 1657 4416 till
1680 4353 1769 4417 bevis
1789 4356 1830 4439 pt
1842 4359 1888 4418 sin
1900 4357 2074 4439 tillgil‘teu-

449 4447 479 4497 et
506 4434 632 4514 erlagga
654 4433 691 4496 ai
706 4433 753 4493 sin
774 4431 843 4514 jord
869 4431 916 4493 δεῖ
937 4434 1232 4518 Peterspenniugen,
1256 4435 1597 4518 hvilkenrssmopame
1618 4437 1668 4500 till
1689 4438 1809 4528 Piiven
1830 4440 2020 4532 diverstndt.

456 4620 709 4698 Amsnsrus
748 4617 959 4722 episcopus
995 4643 1133 4695 seruus
1169 4643 1378 4721 seruorum
1407 4615 1480 4697 dei.
1537 4549 1841 4700 CarissimisBiri
1859 4553 2008 4704 ²ciliisto
2028 4623 2076 4702 li·

291 4730 364 4809 liis.
421 4724 458 4804 S.
488 4727 587 4832 Regi
616 4743 655 4806 et
683 4725 877 4808 uniuersis
905 4728 1141 4832 proceribus
1169 4727 1350 4807 swechie.
1380 4728 1544 4808 salutem
1559 4746 1599 4809 et
1613 4731 1870 4837 apostolicam
1887 4731 2076 4814 benedic-

1723 4868 1877 4920 cronem
1905 4887 1908 4895 ·

293 4965 565 4986 ῳ*

380 5011 407 5086 ι)
428 5007 457 5068 5.
478 5009 628 5071 Bernardi
646 4974 745 5093 Epist.
766 5011 949 5074 CCLXXX.
970 5011 1021 5074 till
1042 5007 1415 5092 PiivenffluommslV)
1432 5013 1617 5091 innehiller,
1637 5013 1732 5078 bland
1743 5016 1983 5098 myrtetamat,
1993 5017 2081 5084 blo'tt

262 5167 266 5174 Ι
377 5088 514 5173 ibljcnde
544 5091 602 5152 ord
629 5113 681 5154 om
708 5092 886 5158 irie-Risi.
908 5093 1020 5158 Estne
1041 5093 1229 5159 amodes...
1252 5097 1300 5157 De
1318 5098 1445 5177 negocio
1465 5095 1581 5159 domini
1603 5097 1771 5160 Lundensis
1792 5098 1967 5164 reducimus
1988 5098 2081 5162 robis

381 5171 422 5232 ad
454 5176 641 5237 memoriam.
684 5175 785 5238 Causa
811 5177 966 5241 dilationis
992 5177 1117 5240 sublata
1144 5177 1184 5240 de
1205 5177 1321 5258 medio,
1341 5199 1402 5241 nou
1422 5189 1467 5243 est
1486 5181 1544 5242 uiri
1566 5189 1606 5272 vt¹
1621 5180 1676 5243 liat
1697 5179 1781 5263 quod
1804 5181 1980 5250 fauentum
1999 5193 2082 5246 eret.
