4398 5958
1051 519 1142 585 ω,
1220 471 1296 568 sta
1409 515 1464 550 «-

366 685 570 824 pertinebit
589 705 650 788 ‘ad
669 695 912 818 'episcopum
937 709 1100 814 preesse
1113 705 1250 786 ualeat·
1273 709 1312 786 8t
1339 690 1557 814 prodesse.
1573 706 1736 816 Nissque
1764 697 1988 788 &alii‘sibi
2009 735 2084 791 cou-

260 873 261 876 .
365 821 475 906 missi
487 819 576 902 'sub
603 820 688 899 eiiis
716 843 831 898 sacro
858 817 1066 924 regimine·
1081 816 1278 925 possimus
1305 842 1440 896 coram
1466 817 1545 899 'deo
1572 817 1785 900 salubriter
1818 818 1971 898 militare
1993 817 2085 901 nau·

364 929 654 1014 tem-omnium·
682 942 866 1010 nostrum
893 941 988 1008 vota
1017 928 1059 1007 in
1089 925 1282 1038 predictis
1309 928 1495 1008 omnibus
1524 933 1564 1009 &
1589 928 1760 1036 singulis
1788 929 2044 1010 consensisse&
2058 934 2097 1019 in¹

251 1037 257 1047 ⁶
362 1043 472 1126 hauc
499 1041 740 1124 eleccionem
769 1043 809 1120 &
837 1039 1078 1148 peticionem
1107 1038 1324 1118 conuenire
1346 1039 1536 1119 noscatis.
1565 1040 1798 1147 paternitati
1827 1039 2022 1119 uestrehoc
2042 1067 2086 1120 n·

362 1151 790 1242 uonioum·de''cretum'
812 1151 1003 1232 mittimus
1030 1148 1276 1230 roboratum·
1292 1150 1469 1256 propriis
1499 1150 1683 1229 manibus
1711 1155 1754 1228 ὃς
1777 1148 2091 1256 subscripcionibus·

361 1263 415 1346 ad
442 1265 641 1346 maiorem
662 1262 859 1344 cautelam
886 1259 1018 1369 sigillo
1045 1257 1213 1367 capituli
1241 1260 1369 1338 nostri
1386 1265 1424 1338 &
1440 1258 1579 1364 sigillis
1603 1261 1779 1368 propriis
1793 1259 2000 1368 sigillatum.
2022 1261 2087 1368 lgc

359 1377 404 1458 B.
431 1375 662 1485 prepositus
690 1371 903 1454 subscribo
919 1373 1018 1478 Ego
1044 1369 1224 1449 matheus
1244 1368 1455 1448 subscribo
1484 1371 1571 1477 Ego
1591 1369 1794 1476 Signiatus
1808 1369 2008 1451 subscribo.
2030 1372 2090 1478 liga
2143 1367 2144 1374 '

361 1487 501 1570 thusto
529 1485 751 1568 subscribo.
807 1485 901 1592 Ego·
922 1479 1159 1561 benedictus
1200 1481 1423 1561 subscribo.
1459 1482 1546 1586 Ego
1574 1479 1754 1560 tborirus
1797 1480 2000 1560 subscribo.
2032 1481 2088 1588 llgo

318 1669 327 1676 .
360 1596 583 1680 Nicholaus
610 1593 831 1678 subscribo.
867 1595 954 1700 Ego
983 1591 1212 1672 laurencius
1241 1589 1464 1673 subscribo.
1497 1591 1584 1698 Ego
1615 1609 1754 1700 petrus
1767 1591 1892 1700 algoti
1918 1590 2087 1672 subscribo.
2142 1639 2144 1700 }

360 1709 450 1818 Ego
475 1707 686 1790 nicholaus
717 1705 842 1814 algoti
869 1702 1089 1783 subscribo.

611 1847 738 1930 Sigillen
759 1849 819 1910 Neo
844 1868 870 1926 r,
893 1847 921 1924 a,
943 1843 973 1924 8,
995 1843 1193 1924 bibehtllue,
1215 1842 1254 1910 de
1274 1845 1374 1928 iifl-ige
1396 1843 1417 1906 8
1437 1863 1504 1906 mer
1525 1843 1585 1906 och
1613 1843 1732 1905 mindre
1754 1843 1895 1906 sladade.

361 2205 495 2319 651..
579 2224 583 2231 ’
644 2181 648 2189 ’
700 2341 708 2359 .
983 2207 1133 2348 1278
1179 2203 1228 2310 d.
1276 2242 1347 2312 22
1396 2207 1529 2351 Aug.
1769 2315 1777 2330 ,
1824 2202 2092 2314 Stoclholn
2141 2073 2144 2220 ⁴

440 2423 523 2492 Kon.
544 2429 673 2490 Macros
695 2427 734 2488 la
755 2423 921 2505 Fb‘rltining
942 2425 980 2485 al
995 2424 1057 2486 alla
1077 2423 1191 2507 Kongl.
1211 2425 1371 2510 utskylder
1391 2423 1452 2487 och
1472 2425 1600 2490 eussler
1620 2425 1657 2488 al
1672 2426 1809 2509 lysiam
1830 2428 1904 2510 gods
1923 2425 2044 2506 illusaby
2057 2420 2090 2481 vil

492 2509 697 2593 Laggablrud
718 2509 765 2570 till
785 2505 904 2590 Upsala
925 2507 1118 2590 Domlyrlre.
1806 2595 1874 2662 Μ
1900 2609 1915 2644 t
1943 2608 1952 2644 ι
1976 2591 1989 2643 5

421 2815 424 2822 ,
524 2726 723 2832 Omnibus
751 2749 913 2834 presens
941 2725 1136 2832 scriptum
1164 2725 1420 2806 cernentibus
1446 2723 1613 2832 Magnus
1630 2727 1704 2807 Dei
1735 2729 1873 2836 gracia
1888 2729 2088 2808 Rexsweue
2143 2805 2144 2810 Ν

356 2865 448 2920 rum
475 2838 643 2932 salutern
672 2839 713 2918 in
742 2835 907 2918 domino
935 2837 1234 2943 sempiternam,
1262 2835 1421 2917 Tenore
1451 2839 1701 2944 presencium
1717 2856 1860 2918 notum
1878 2834 2022 2918 lacinus
2032 2832 2089 2912 mi·
2128 2831 2130 2842 ⁴

329 2949 482 3031 'uersis
511 2948 624 3058 quod
658 2947 846 3027 Coloniae
880 2972 1018 3028 omnes
1066 2947 1162 3025 sitas
1204 2948 1317 3026 iuxta
1352 2945 1556 3026 ecclesiam
1599 2947 1873 3058 laggerreddi
1911 2951 1950 3028 in
1988 2942 2087 3038 esebi,

355 3085 458 3168 quas
488 3056 657 3141 dilectus
686 3056 809 3138 frater
838 3073 975 3139 noster
1004 3055 1191 3137 dominus
1227 3055 1481 3139 valdemarus
1521 3058 1729 3166 quondam
1771 3086 1850 3141 nex
1896 3079 2087 3142 sweuornm

355 3170 397 3249 iu
425 3195 574 3277 corpus
601 3167 718 3249 vnius
744 3169 913 3250 canonic
943 3169 1086 3251 liberas
1115 3167 1168 3247 ab
1196 3167 1305 3248 omni
1334 3166 1483 3249 honere
1511 3186 1551 3248 et
1579 3170 1813 3278 grauamine
1856 3187 1932 3251 tarn
1960 3164 2087 3277 neglig·

355 3275 455 3360 lium
490 3301 612 3386 quam
655 3279 812 3387 aegium
855 3306 1064 3359 causarum
1098 3294 1224 3387 prout
1251 3306 1276 3358 a
1303 3275 1516 3386 fidedi'gnis
1552 3279 1825 3363 intelleximus
1867 3281 2014 3362 ecclesie
2042 3299 2087 3378 ur

353 3387 502 3468 salensi
529 3387 712 3497 legaliter
740 3390 976 3496 assignauit‚
1006 3417 1029 3468 a
1059 3388 1244 3497 predicto
1270 3387 1422 3468 honere
1450 3389 1709 3497 uectigalium
1735 3417 1809 3472 nec
1826 3418 1909 3472 non
1923 3408 1960 3471 et
1978 3387 2086 3494 aegium
2143 3431 2144 3434 κ

353 3525 577 3596 causarum,
606 3499 731 3578 eciam
760 3502 955 3580 maiorum
984 3527 1063 3609 que
1092 3496 1264 3580 Ensakir
1290 3499 1510 3606 uulgariter
1532 3500 1803 3609 appellantur,
1836 3502 2026 3584 autoritate
2043 3517 2085 3570 te

220 3653 222 3662 ·
355 3611 421 3719 gia
450 3611 492 3690 in
522 3625 764 3721 perpetuum
793 3609 941 3691 liberos
976 3608 1180 3692 reddimus
1208 3596 1369 3717 penitus
1397 3628 1437 3689 et
1465 3627 1683 3718 exemptos,
1706 3612 1764 3720 jta
1793 3613 1910 3725 quod
1936 3609 2017 3690 nulli
2036 3601 2086 3683 nisi

216 3785 218 3792 ,
354 3722 550 3827 canonico
578 3721 658 3831 qui,
679 3747 756 3828 pro
784 3736 964 3827 tempore
993 3720 1159 3801 eandcm'
1186 3721 1396 3800 canoniam
1425 3723 1600 3801 tenuerit
1639 3749 1762 3830 super
1802 3724 1993 3837 premissis
2013 3731 2087 3795 tera

352 3845 476 3920 antur
505 3831 761 3940 aliquatenus
793 3829 1020 3911 satisfacere
1056 3831 1121 3910 uel
1149 3831 1276 3910 eciam
1316 3829 1578 3937 respondere,
1607 3832 1719 3913 Nulli
1746 3862 1847 3944 ergo
1874 3833 2020 3914 omnino
2038 3825 2088 3902 bo·

339 3943 506 4023 minum
535 3941 653 4022 liceat
679 3940 784 4022 hanc
813 3959 950 4022 nostre
978 3940 1242 4049 exemptionis
1271 3941 1459 4048 paginam
1478 3940 1699 4050 infringere
1727 3945 1792 4024 uel
1824 3947 1864 4026 ei
1892 3971 1984 4025 ausu
2004 3955 2087 4018 unte

352 4052 463 4135 tario
491 4051 740 4147 contrabire‚
766 4053 800 4133 si
828 4053 917 4162 quis
946 4066 1081 4132 autem
1108 4052 1185 4131 hoc
1213 4065 1450 4158 attemptare
1486 4054 1773 4161 presumpserit
1815 4053 2086 4164 indignacionem

350 4161 420 4245 dei
447 4163 753 4271 omnipotentis,
786 4162 958 4270 gloriose
987 4163 1154 4270 uirginis
1182 4161 1324 4258 marie,
1360 4160 1469 4242 beati
1497 4162 1711 4272 lauremij,
1754 4165 1809 4246 ob
1843 4168 1957 4247 cuius
1992 4157 2086 4240 nerlu

352 4284 394 4356 ct
421 4271 680 4356 deuotionem
713 4271 821 4354 dicte
848 4274 1006 4354 colonie
1034 4271 1179 4354 collate
1207 4271 1373 4352 suerunt
1401 4301 1448 4352 ac
1476 4277 1601 4356 eciam
1630 4303 1651 4356 a
1680 4275 1798 4358 nobis
1830 4289 2022 4384 exenrpte,
2041 4288 2085 4344 stt

350 4413 436 4468 non
464 4399 504 4466 et
532 4385 710 4464 omnium
739 4395 984 4481 sanctoruni,
1013 4385 1091 4465 nisi
1117 4384 1304 4497 protinus
1333 4384 1563 4492 resipuerit,
1593 4411 1634 4464 se
1663 4388 1822 4470 nouerit
1862 4389 2084 4468 incursurus.

353 4495 504 4575 Datum
533 4491 736 4576 stokholm
772 4521 879 4577 anno
921 4493 1093 4595 domini,
1136 4493 1567 4594 M·,cc·.Lxxvur,
1597 4497 1637 4576 in
1666 4513 1811 4581 octaua
1854 4485 2085 4604 assumptioni·

350 4602 521 4714 uirginis
551 4604 738 4716 gloriose.

948 4735 951 4744 ’
1089 4713 1210 4798 sigillet
1229 4714 1399 4781 bortiallct
