4382 5964
939 535 1085 576 .-
1195 492 1275 601 594
1383 533 1441 554 -

118 755 123 767 ·
223 797 226 803 .
331 727 513 876 738(
597 655 603 664 ·
752 741 754 752 '
961 691 1108 832 1282
1158 722 1206 830 d.
1250 681 1330 832 ιῐο
1375 726 1524 831 Mars.
1924 725 2078 876 Upsala

412 946 613 1028 udaiuns
636 943 719 1008 enar
739 941 970 1008 nom-amun
991 945 1053 1007 oca
1072 944 1113 1007 ae
1133 945 1219 1009 arare
1240 948 1278 1008 ar
1300 921 1569 1034 nom-'oapinet‘t
1590 945 1708 1033 upote
1739 945 1871 1010 rer-anae
1890 968 1925 1008 u
1943 947 2080 1029 aranu,

464 1030 595 1101 buillon
615 1029 730 1096 Priora
750 1030 761 1090 i
780 1027 911 1112 Sigarra
932 1027 1149 1094 stercoranda
1169 1031 1219 1094 till
1240 1031 1378 1096 klostret
1777 1113 1849 1184 Μ
1881 1111 1973 1170 aar

497 1255 620 1330 Anno
648 1246 814 1330 domini.
843 1233 1232 1328 M⁰.CC⁰EXXXII⁶.
1261 1247 1362 1329 feria
1394 1251 1456 1331 3:a
1484 1261 1578 1354 post
1606 1245 1730 1327 letare
1757 1247 1961 1328 ierusalem
1985 1274 2084 1332 cornu

211 1410 216 1418 ·
331 1357 454 1444 uobis
466 1359 679 1470 preposito
687 1359 888 1470 vpsaleusi
902 1364 944 1440 &
957 1357 1186 1454 senioribus
1201 1360 1506 1467 capitulinostri
1521 1357 1698 1440 eiusdem
1711 1360 1934 1466 comperuit
1953 1387 1998 1438 en
2019 1389 2086 1470 par-

330 1488 372 1556 te
394 1499 476 1556 uua
507 1467 694 1554 dominus
720 1471 835 1581 prior
863 1468 1036 1550 fratrum
1065 1469 1367 1580 predicatorum
1381 1487 1608 1568 conuentus
1622 1466 1881 1550 silttoniensis
1907 1475 1944 1550 tn
1967 1497 2011 1550 en
2033 1471 2086 1551 alia

329 1598 449 1696 parte
477 1579 666 1666 dominans
689 1607 836 1665 swcno
864 1580 1062 1690 plebanus
1090 1581 1255 1664 ecclesie
1277 1581 1328 1664 de
1343 1582 1610 1691 tigblismoru.
1639 1582 1858 1690 Proposuit
1873 1578 2086 1689 dietusprior

329 1691 786 1780 concanonicum.
816 1691 929 1803 quod
956 1692 1095 1802 aliquo
1123 1707 1305 1802 ternpore
1333 1694 1457 1776 frater
1485 1692 1690 1802 professus
1718 1695 1762 1773 in
1790 1696 1966 1800 ipsorum
1980 1693 2086 1774 ordine

316 1806 507 1904 steterit,
536 1809 577 1898 ,dn
605 1833 678 1914 per
706 1805 865 1914 aliquos
893 1831 1020 1884 annos
1049 1820 1313 1884 conuersatus
1341 1832 1470 1916 quare
1500 1805 1617 1913 petiit
1645 1805 1778 1911 ipsum
1807 1803 1886 1884 sibi
1913 1804 2048 1883 restitui
2058 1822 2086 1884 nt

328 1917 563 2028 fugitiuum.
593 1917 655 1998 Ex
682 1911 855 1998 aduerso
884 1913 1027 1996 dietus.
1051 1943 1086 1996 s.
1115 1916 1320 1997 confessus
1348 1932 1409 1997 est
1437 1943 1479 1996 se
1512 1917 1555 1996 in
1583 1912 1728 1996 ordine
1750 1913 1873 1994 finisse
1887 1914 2086 2023 supradicto,

316 2055 417 2136 ¹non
443 2043 580 2110 tamen
599 2025 846 2138 professum.
877 2027 929 2108 Et
958 2042 1141 2134 preterea
1170 2053 1210 2108 se
1246 2028 1415 2135 asseruit
1443 2056 1466 2106 a
1495 2024 1661 2108 domino
1703 2025 1909 2107 Gwidone
1934 2023 2086 2106 cardinali

329 2168 407 2251 per
435 2140 590 2222 litteras
616 2165 690 2220 acu
717 2141 1030 2220 instrumentum
1058 2136 1268 2246 puplicum
1296 2137 1540 2220 absolutum.
1571 2136 1635 2220 Ad
1665 2135 1772 2219 idem
1800 2140 1926 2218 ceiam
1952 2135 2086 2245 proban·

327 2249 430 2336 dum
457 2248 634 2360 protulit
674 2248 827 2332 litteras
870 2248 1111 2330 venerabilis
1154 2251 1282 2357 patris
1325 2248 1491 2330 domini.
1528 2250 1572 2329 F.
1603 2245 1810 2358 quondam
1841 2247 2087 2354 archiepiscopi

328 2361 564 2473 upsalensis.
592 2363 733 2466 Quare
762 2387 847 2441 non
877 2357 1044 2442 dixisset
1071 2385 1113 2441 se
1142 2359 1270 2440 dietas
1284 2359 1439 2440 litteras
1460 2358 1678 2440 cardinalis
1692 2385 1777 2439 non
1791 2385 1911 2466 posse
1924 2358 2086 2466 porrigere

328 2473 375 2558 in
402 2473 522 2556 breui
550 2492 743 2585 tanquam
758 2499 782 2552 a
797 2470 918 2580 longe
945 2485 1127 2553 seruatas
1154 2472 1446 2581 assignauimus
1460 2474 1498 2552 ei
1519 2469 1624 2552 diem
1639 2465 2013 2580 peremptoriumad
2025 2495 2086 2578 pre

328 2586 553 2670 stacionem
580 2583 781 2666 dictarum
800 2583 1055 2680 litterarum,
1084 2580 1190 2664 diem
1217 2584 1283 2662 szti
1312 2581 1433 2692 egidii
1469 2585 1546 2664 iam
1573 2598 1802 2664 uenturum
1833 2581 1885 2664 ad
1914 2581 1984 2660 iter
2018 2605 2086 2659 uero

229 2789 235 2794 ,
328 2695 609 2808 arripiendum
637 2691 881 2776 dominicam
910 2721 991 2804 qua
1006 2708 1206 2776 cantatur.
1236 2695 1408 2774 Caritate
1424 2693 1602 2777 domino.
1632 2695 1740 2798 Quia
1760 2695 1891 2774 eciam
1918 2689 2086 2797 confiteba-

330 2823 402 2895 tur
429 2835 472 2891 se
487 2807 627 2889 lilium
655 2805 878 2890 sacerdotis
906 2811 946 2886 8<
974 2805 1078 2888 dixit
1107 2833 1148 2887 se
1175 2805 1327 2887 habere
1355 2803 1701 2913 dispensacionem
1729 2832 1854 2912 super
1898 2805 2086 2910 recepeime

328 2917 522 3004 ordinum
550 2923 592 3000 &
619 2917 805 3002 beneficii
830 2942 925 2998 eum
954 2944 1053 2998 cura
1079 2933 1164 2997 tam
1180 2915 1332 2998 domini
1358 2915 1572 2998 cardinalis
1586 2912 1828 3026 supradicti,
1858 2941 1975 3026 qrram
1999 2913 2085 2992 eebn

329 3028 489 3116 domini
515 3030 700 3112 Takonis
727 3026 934 3140 quondam
964 3029 1178 3115 arusiensis
1207 3030 1398 3138 episcopi.
1434 3028 1822 3138 supranominatum
1865 3027 1967 3108 diem
1993 3017 2085 3131 egidi

330 3143 410 3224 assi
439 3141 624 3222 cauimus
657 3141 735 3223 sibi
763 3138 817 3221 ad
845 3138 1136 3249 proferendum
1179 3139 1358 3247 prefatas
1402 3138 1727 3248 dispensaciones
1769 3140 1879 3218 Jtem
1906 3139 1995 3247 quia
2017 3131 2085 3215 dixit

330 3277 374 3334 ac
405 3253 414 3268 ’
446 3253 460 3331 i
488 3269 719 3361 promotum
747 3247 799 3332 ad
834 3250 1018 3335 ordinem
1060 3248 1391 3344 subdiaconatus,
1436 3254 1476 3330 &
1504 3276 1628 3358 super
1654 3247 1734 3330 hoc
1775 3247 1935 3329 litteras
1970 3245 2085 3326 babere.

319 3361 511 3446 eiusdem
538 3359 699 3444 easdem
725 3361 844 3444 nobis
871 3361 1151 3444 mandauimus
1178 3362 1507 3470 supranominato
1536 3377 1719 3468 tempore
1746 3361 1954 3468 assignari.
1993 3359 2086 3436 Prote

192 3484 201 3512 '
258 3491 261 3498 '
331 3499 402 3556 rea
430 3473 526 3583 quia
554 3472 662 3554 illius
690 3472 859 3554 diocesis
888 3472 1057 3554 clericus
1086 3475 1337 3582 precepimus
1366 3472 1485 3552 nobis
1515 3473 1667 3553 litteras
1687 3469 1934 3552 dimissorias
1961 3461 2087 3554 ostendi.

330 3610 434 3697 quas
457 3582 579 3776 tiidem.
607 3611 639 3668 a.
666 3582 875 3666 confessus
901 3600 962 3666 est
993 3586 1118 3668 eciam
1146 3611 1188 3666 se
1222 3585 1381 3689 babere.
1411 3589 1557 3706 Actum
1586 3587 1627 3662 δι’
1654 3579 1795 3665 datum
1825 3579 1977 3692 vpsalie
2011 3597 2087 3659 anno

329 3721 455 3804 supra
486 3710 579 3776 reto.
1920 3729 1923 3738 λ

331 3835 532 3933 Μεάρῑιιιαη
552 3833 649 3902 band:
671 3833 703 3900 Si
724 3855 890 3900 sueaouem
910 3855 964 3899 seu
984 3813 1144 3920 spmouem
1176 3837 1281 3899 mium
1302 3835 1419 3920 antiqui
1438 3833 1568 3918 dyabuli
1597 3833 1775 3898 membrum
1796 3836 1894 3920 capiti
1915 3831 2050 3895 dimittitis
2063 3823 2088 3886 dt

471 3954 536 4018 filio
556 3963 662 4019 umen
681 3973 737 4018 sao
757 3950 877 4040 aliquid
898 3971 969 4015 etun
991 3951 1141 4015 fratribus
1160 3953 1339 4038 loepramini.
1411 3948 1499 4034 Sigill
1520 3949 1580 4015 bar
1600 3948 1758 4016 denudet·
1777 3951 1848 4014 icke
1868 3949 1988 4013 funuits

338 4319 470 4472 739·
852 4431 855 4438 Δ
960 4311 1107 4431 rada
1126 4441 1130 4454 ,
1152 4297 1216 4428 ¹d.-
1255 4319 1326 4426 28
1373 4257 1520 4428 Mars.
1731 4305 2090 4461 Kooungsberg.

413 4541 496 4610 Koa.
516 4545 648 4611 Macros
669 4541 711 4608 Its
729 4541 859 4607 Fir-bad
879 4533 930 4609 rai·
951 4501 1153 4609 amoenata
1173 4541 1234 4608 oeh
1254 4540 1431 4630 spennmals
1451 4537 1684 4629 uppbiirdsmlin
1719 4547 1763 4602 att
1783 4539 1822 4602 al
1836 4533 2013 4624 kyr·kogods
2036 4547 2091 4615 apt

464 4629 542 4694 blaa
561 4631 664 4714 rigon
684 4627 856 4715 spanumtl.
1873 4699 1899 4760 B
1926 4700 1994 4757 Μ

497 4843 672 4926 Maenas
701 4841 767 4926 dei
795 4843 932 4954 gracia
959 4868 1161 4926 sweornm
1189 4844 1487 4954 gothorumque
1516 4843 1603 4924 Rex
1632 4837 1818 4921 omnibus
1832 4829 2093 4920 officialibus&

328 4957 393 5040 sui
420 4954 683 5067 spannamala
709 4953 996 5038 collectoribus
1022 4955 1067 5034 in
1095 4955 1280 5062 Osgoeia.
1310 4951 1569 5038 dileccioncm
1613 4977 1707 5033 cum
1745 4949 1875 5034 salute
1932 4945 2092 5030 Nolumus

330 5093 467 5176 ymmo
494 5067 622 5154 eciam
650 5063 913 5179 prohibemns
940 5091 993 5148 ne
1020 5063 1276 5177 aliquatenus
1312 5061 1364 5148 de
1406 5067 1599 5179 episcopo
1626 5059 1694 5145 uel
1721 5061 1925 5148 canonicis
1964 5069 2029 5142 ant
2049 5074 2092 5134 sa·
