4406 5966
830 409 1250 515 ..705-

27 651 41 716 ’·
151 642 280 752 853.
687 563 1404 790 1255-1261d.9rlan.
1508 641 1510 650 ’

146 886 150 892 ·
220 859 312 924 Pto.
332 859 516 924 mutum
537 855 609 924 [Vas
628 857 707 921 Brel
722 857 772 919 till
791 857 1023 946 Presteralapet
1042 860 1053 924 i
1074 859 1193 1006 Upsala
1212 859 1278 924 utin
1298 857 1772 946 alfrarsamligenldrehdllande
1792 859 1864 927 dem
1877 863 1936 928 de-
2021 902 2024 909 ·

276 963 328 1005 ras
347 943 516 1026 oskickliga
535 939 689 1020 lebetae,
719 939 951 1088 dryclenslap‚
982 941 1099 1028 ol'ydna
1152 951 1219 1008 mot
1238 946 1284 1006 sin
1305 947 1434 1032 Bistop,
1455 967 1497 1008 m.
1517 966 1576 1024 m.,
1597 943 1669 1007 med
1699 939 1937 1029 belallningatt

276 1025 399 1108 sttrdigt
419 1035 575 1169 emottaga
595 1021 862 1108 lule-Bnkopen‚
893 1025 913 1086 d
955 1024 1018 1088 han
1044 1024 1153 1109 hvarje
1173 1027 1210 1090 dr
1229 1027 1377 1092 kommer
1403 1027 1476 1092 med
1508 1047 1544 1093 12
1564 1048 1712 1115 personer
1732 1031 1743 1092 i
1763 1031 1937 1111 visitation,

274 1111 340 1171 vi„
360 1107 477 1174 houm„
497 1107 531 1194 17
554 1106 616 1170 uad
636 1103 697 1172 och
712 1106 746 1187 ,ej
767 1107 951 1172 underkasta
972 1110 1019 1192 sig
1039 1109 1185 1195 verldtlig
1204 1107 1348 1196 domant,
1369 1132 1411 1176 m·
1431 1133 1473 1177 m·
1616 1188 1652 1247 Α.
1672 1209 1730 1250 Μ
1757 1193 1791 1248 36

98 1387 103 1410 .
309 1332 552 1412 Ataxtrtnnn
581 1332 795 1439 episcopus
830 1355 971 1412 seruus
1013 1357 1223 1413 seruorum
1266 1329 1345 1442 dej.
1389 1329 1545 1415 dilectis
1587 1331 1678 1414 filiis
1707 1328 1935 1412 Sacerdoti·

145 1437 220 1519 bus
248 1455 289 1522 et
317 1441 406 1522 aliis
434 1441 589 1523 clericis
617 1445 661 1522 in
692 1441 937 1552 Vpssallensi
951 1440 1300 1552 archiepiscopatu
1320 1445 1558 1525 constitutis.
1587 1445 1765 1526 Salutem
1780 1457 1821 1528 et
1835 1469 1935 1549 apo·

145 1549 324 1633 Stolicam
353 1550 686 1635 benedictionem.
722 1555 825 1634 Cum
854 1550 1004 1633 diuinis
1032 1554 1118 1633 sitis
1147 1553 1332 1662 deputati
1364 1552 1567 1664 obsequiis
1580 1572 1621 1638 et
1636 1555 1734 1636 alios
1755 1552 1934 1640 debeatis

145 1689 166 1740 a
195 1664 277 1742 suis
305 1665 532 1747 excessibus
567 1691 773 1746 reuocare.
811 1665 922 1746 etin
952 1663 1108 1746 actibus
1137 1683 1178 1748 et
1206 1665 1399 1773 operibus
1440 1665 1584 1749 uestris
1626 1664 1936 1776 temperantiam

141 1771 184 1880 et
211 1771 446 1856 modestiam
474 1774 687 1857 custodire.
726 1778 907 1886 grauiter
948 1775 1155 1869 excedatis
1199 1793 1240 1856 et
1268 1776 1408 1858 diuine
1451 1773 1658 1856 offenditis
1684 1775 1824 1858 oculos
1852 1802 1934 1854 ma·

144 1884 304 1968 iestatis.
334 1915 425 1968 cum
453 1886 609 1995 populo
638 1887 756 1968 uobis
785 1887 941 1969 credito
971 1886 1151 1995 exempla
1172 1887 1276 1967 male
1298 1885 1498 1996 operandj
1513 1886 1733 1972 ostenditis.
1748 1906 1788 1968 et
1802 1889 1935 1996 ipsum

143 2021 215 2104 per
244 2023 291 2080 ea
320 2025 400 2108 quc
429 1999 548 2107 agitis
577 1999 720 2105 cogitis
748 2001 790 2079 in
820 1999 1009 2108 abyssum
1039 2003 1297 2109 peccatorum
1327 1997 1517 2107 demergi.
1553 1996 1670 2078 Vnde
1698 1999 1795 2110 quia
1824 1995 1935 2077 nulla

142 2125 321 2190 remanet
363 2109 480 2190 uobis
527 2110 731 2190 excusatio
770 2110 878 2218 apud
908 2108 1126 2192 dominum.
1163 2111 1241 2190 nisi
1270 2109 1454 2190 celeriter
1496 2108 1623 2218 ujtam
1650 2125 1691 2190 et
1719 2128 1936 2218 conuersa·

122 2219 295 2302 ¹tionem
324 2235 499 2300 uestram
529 2222 570 2300 in
598 2217 740 2300 melius
768 2217 1089 2300 emendaueritis.
1120 2247 1194 2301 nec
1224 2222 1410 2328 poteritis
1439 2217 1628 2330 perpetuj
1655 2218 1853 2300 flammam
1872 2224 1936 2299 in·
2013 2217 2016 2224 ’

142 2328 278 2437 c'endij
306 2328 497 2439 effugere.
531 2332 607 2410 nisi
637 2332 812 2439 creatorj
841 2347 977 2411 uestro
1005 2323 1241 2414 studueritis
1283 2333 1403 2414 bonis
1441 2330 1632 2441 operibns
1674 2330 1936 2439 complacere.

143 2467 216 2550 per
244 2442 464 2549 apostolica
494 2441 612 2523 uobis
640 2444 789 2550 scripta
819 2442 895 2521 sub
927 2467 1030 2548 pena
1060 2440 1215 2522 ordinis
1244 2459 1284 2522 et
1312 2443 1496 2551 beneficij
1523 2441 1651 2549 nestrj
1680 2442 1935 2551 precipimus.

84 2635 92 2650 ,
143 2567 189 2632 ut
216 2580 240 2631 a
270 2553 601 2634 commessatione
631 2568 671 2632 et
703 2555 909 2661 potatione
938 2549 1143 2659 indecentj
1178 2555 1344 2635 omnino
1387 2553 1638 2634 contineatis.
1667 2569 1708 2634 et
1736 2553 1936 2662 episcopis

84 2737 87 2743 .
142 2663 287 2744 uestris
315 2661 550 2761 obedientes
578 2679 618 2744 et
644 2679 927 2772 cooperatores
943 2659 995 2742 ad
1021 2662 1302 2771 corrigendam
1330 2681 1372 2743 et
1399 2663 1653 2774 dirigendam
1680 2662 1841 2772 plebem
1855 2661 1936 2771 sibj
1965 2747 1969 2760 ⁸

56 2843 63 2848 .
141 2775 401 2856 commissam.
431 2791 556 2883 prout
569 2777 762 2855 conuenit
790 2775 986 2854 existatis.'
1011 2774 1199 2856 Preterea
1241 2774 1511 2856 venerabilem
1547 2773 1713 2856 fratrem
1748 2789 1935 2856 nostrum

141 2883 490 2994 archiepiscopum
520 2901 695 2966 uestrum
725 2885 892 2994 singulis
921 2886 1034 2966 annis
1069 2912 1160 2966 cnm
1204 2883 1417 2977 duodecim
1447 2886 1629 2996 personis
1671 2913 1764 2966 cum
1791 2883 1843 2965 ad
1866 2911 1935 2984 ee·
2035 2983 2042 2998 ι

140 2997 279 3078 clesias
307 3015 462 3078 uestras
491 3023 609 3076 causa
642 2997 884 3077 uisitationis
920 2996 986 3076 uel
1015 2995 1092 3078 alia
1120 2999 1356 3078 necessitate
1386 3013 1555 3106 urgente
1570 2995 1790 3104 accesserit.
1819 3019 1934 3074 reue·

140 3122 280 3188 renter
306 3124 347 3187 et
377 3106 526 3190 denote
555 3105 768 3216 recipiatis.
807 3124 847 3188 et
876 3107 1054 3187 salubria
1083 3108 1169 3188 eius
1210 3110 1362 3196 monita
1382 3123 1432 3190 et
1474 3104 1662 3189 mandata
1704 3107 1933 3188 cumomni
1985 3157 1992 3164 ·

141 3217 360 3300 deuotione
388 3235 428 3298 et
456 3216 680 3298 humilitate
708 3219 934 3328 suscipiatis
975 3234 1016 3298 et
1061 3217 1294 3301 obseructis.
1319 3234 1359 3299 et
1388 3221 1431 3298 in
1463 3217 1653 3299 omnibus
1696 3244 1788 3298 eum
1829 3217 1934 3300 sicut

140 3330 499 3438 archiepiscopum·
517 3343 696 3410 nestrum
732 3331 909 3412 reuereri
937 3343 978 3408 et
1005 3329 1210 3412 honorare
1251 3330 1410 3418 curetis.
1450 3331 1547 3448 quia
1589 3328 1708 3410 sisic
1748 3329 1931 3437 ageretis.

140 3439 295 3521 ordinis
311 3435 449 3548 'uestrj
477 3435 686 3521 incurrere
713 3441 883 3551 possetis
910 3439 1148 3548 periculum.
1184 3456 1225 3521 et
1242 3456 1328 3522 'nos
1356 3456 1488 3524 ratum
1517 3440 1755 3524 haberemus
1783 3454 1823 3522 et
1863 3440 1932 3520 fir·

138 3580 259 3634 mum.
293 3549 405 3672 quod
434 3551 477 3631 in
506 3569 761 3636 contumaces
789 3568 830 3631 et
858 3549 1028 3632 rebelles
1058 3554 1252 3632 canonice
1282 3550 1448 3632 duceret
1467 3548 1736 3638 statuendum.
1766 3547 1832 3631 Ad
1845 3549 1930 3631 bec.

138 3663 258 3746 nobis
286 3663 362 3754 sub
392 3688 496 3775 pena
525 3660 680 3743 ordinis
708 3678 749 3741 et
778 3661 962 3771 beneficij
1006 3663 1133 3770 uestrj
1175 3661 1364 3743 duximus
1405 3658 1719 3771 prohibendum.
1748 3687 1813 3744 ne
1841 3663 1933 3852 <pris

140 3771 327 3870 sacerdos
356 3772 532 3853 seculare
559 3770 756 3888 judicium
784 3771 937 3855 subeat.
966 3799 1040 3860 nec
1068 3801 1092 3852 a
1120 3801 1192 3854 sua
1236 3773 1400 3858 ecclesia
1430 3773 1481 3855 ad
1510 3773 1628 3856 aliam
1668 3771 1821 3852 nisiex
1884 3773 1892 3791 '

139 3883 465 4000 pensationequ
493 3883 673 4004 episcopi
703 3885 874 3993 migrare
902 3900 1117 3993 presumat.
1145 3911 1221 3966 nec
1250 3884 1449 3996 baptisma
1478 3883 1562 3964 sine
1591 3906 1701 3963 nouo
1745 3883 1949 3964 crismate.

138 3997 342 4088 celebrare
387 4009 610 4103 attemptet.
648 4020 776 4075 neca
805 3993 991 4104 quolibet
1025 3995 1232 4077 ecclesiam
1260 4012 1368 4079 emat
1393 4020 1526 4110 neque
1552 3993 1756 4103 suscipere
1784 3992 1933 4076 audeat

140 4111 225 4198 sine
253 4135 416 4201 assensu
446 4105 625 4218 episcopl
655 4101 707 4194 ad
736 4105 851 4186 euius
879 4103 1183 4214 dispositionem
1212 4123 1252 4188 et
1281 4098 1466 4187 ordinem
1493 4103 1632 4185 eadem
1661 4103 1827 4186 ecclesia
1855 4132 1932 4188 no·

139 4219 265 4314 scitur
284 4220 502 4328 pertinere.
530 4215 572 4297 Si
601 4218 692 4328 quis
722 4232 855 4297 antem
891 4231 1072 4298 uestrum
1100 4236 1241 4302 contra
1282 4215 1599 4326 prohibitionem
1640 4232 1821 4296 nostram
1855 4211 1932 4306 du·

139 4331 245 4412 xerit
289 4327 545 4418 ueniendum.
593 4327 778 4444 predicto
819 4327 1135 4438 Archiepiscopo
1177 4327 1337 4439 plenam
1372 4327 1652 4410 auctoritatem
1693 4324 1931 4409 indulsimus

84 4525 89 4530 ,
139 4467 232 4521 eum
261 4439 312 4521 ab
341 4437 476 4520 officio
503 4464 577 4519 suo
605 4431 891 4549 suspendendi.
920 4455 961 4520 et
989 4435 1247 4549 postmodum
1290 4435 1533 4548 deponendj.
1568 4438 1601 4519 si
1629 4465 1746 4520 snum
1788 4433 1930 4518 nolue-

139 4552 194 4634 rit
221 4557 382 4631 reatum
405 4547 573 4632 celerius
602 4551 825 4634 emendare.
855 4553 1002 4632 Datum
1031 4551 1212 4660 Anagnia
1244 4551 1294 4630 V.
1324 4547 1424 4631 Jdus
1451 4547 1646 4656 lanuarij.

877 4667 987 4764 llullan
1015 4691 1191 4764 bortlallen.
1226 4689 1229 4694 ’

1881 3799 2017 3854 ts··
