4406 5966
1800 9 2153 269 *Ἴ

1032 509 1090 548 ι.-
1198 467 1283 594 Βθβ
1366 443 1450 552 ’έ-

340 700 476 834 844.
1043 691 1447 830 mas-1266.
1557 823 1561 832 ,

416 912 862 1008 mimilefflstdw
880 913 1312 1006 ll.F?¹b“stin1Weretd
1331 919 1426 1006 silva
1445 917 1485 986 al
1498 939 1538 988 en
1558 916 1669 1006 glrdi
1688 917 1765 1008 livd-
1780 919 1829 992 ull
1848 919 1967 1008 Hydata
1981 925 2078 996 um

1632 1052 1706 1124 ⁴*
1772 1025 1999 1138 Kanum

482 1172 555 1289 Β.
573 1161 811 1283 ‚deisgracia
838 1173 934 1258 Dvx
959 1169 1190 1256 sueborum.
1222 1174 1433 1257 Vniuersis
1460 1189 1664 1286 presentes
1689 1173 1864 1257 Litteras
1902 1177 2035 1259 vistula
2048 1180 2088 1260 vel

333 1281 547 1372 audituris.
575 1281 749 1370 salutem
775 1291 816 1371 &
841 1284 1027 1395 graciam.
1070 1285 1315 1370 Audiuimus
1342 1285 1451 1369 bone
1478 1284 1668 1369 memorie
1702 1287 1835 1370 virum
1861 1283 1915 1368 de
1942 1286 2089 1371 verendi

333 1395 585 1484 Fulchonem
611 1399 788 1483 nominc.
819 1397 952 1480 tocius
966 1395 1103 1508 predij
1130 1401 1194 1483 sui
1221 1398 1514 1510 possessionem
1541 1403 1586 1481 in
1612 1396 1708 1482 villa
1736 1425 1817 1514 que
1844 1395 1995 1480 dicitur
2017 1397 2093 1499 utu

334 1509 543 1596 Monachi's
566 1508 625 1598 de
652 1512 773 1595 Noua
799 1508 906 1593 valle
933 1508 1099 1620 publica
1127 1517 1168 1595 a
1196 1526 1393 1624 perpetua
1438 1508 1665 1593 donacione
1701 1510 1779 1594 sibi
1805 1509 1850 1593 in
1878 1509 2094 1593 elemosimn

333 1622 565 1708 contulisse.
592 1625 677 1706 Nos
704 1621 830 1734 igitur
858 1623 988 1732 ipsam
1015 1621 1186 1706 eandem
1213 1621 1493 1707 donacionem.
1549 1623 1797 1709 Litterarum
1836 1623 2096 1705 nostrarum&

365 1735 495 1844 roprii
520 1732 644 1846 sigilli
672 1734 892 1830 munilblne
908 1734 1161 1821 roborantes.
1192 1737 1437 1850 precipimus
1450 1735 1648 1818 vniuersis
1676 1739 1717 1817 8<
1744 1733 2004 1847 precipiendo
2015 1733 2093 1814 blau·

266 1841 270 1942 ᾗ
334 1757 490 1943 dautes.
518 1845 710 1960 quatinus
736 1845 841 1928 nulli
867 1843 989 1928 liceat
1015 1849 1060 1930 iu
1087 1843 1298 1960 posterum
1325 1850 1444 1933 istam
1471 1873 1625 1932 cassare
1646 1841 1924 1932 donacionem.
1955 1843 2012 1926 vel
2034 1843 2092 1926 llo

299 2055 302 2062 Δ
332 1957 491 2042 nadbis·
507 1953 750 2070 supradictis
792 1959 1063 2072 calumpniam
1091 1959 1143 2044 de
1187 1960 1370 2074 predicta
1412 1961 1662 2072 possessione
1702 1958 1847 2043 facere.
1884 1984 1966 2069 que
2003 1956 2093 2038 ecbn

332 2071 378 2152 iri
403 2069 611 2186 communi
621 2069 776 2184 placito
803 2071 1006 2158 verendis.
1034 2073 1090 2158 eis
1120 2089 1181 2158 est
1206 2074 1388 2158 totaliter
1402 2071 1634 2160 adiudicata
1651 2087 1849 2188 perpetuo
1878 2063 2093 2181 possidenda

333 2171 497 2300 Siquis
524 2185 624 2292 uero
651 2180 795 2268 contra
823 2184 902 2267 boc
930 2187 1051 2296 prece
1082 2201 1170 2268 tum
1198 2204 1383 2272 nostrum
1397 2185 1552 2270 fecerit.
1580 2187 1640 2269 ire
1664 2177 2096 2295 omnipotentis'dei&

336 2309 476 2378 nostre
502 2291 683 2378 vindicte
697 2297 855 2380 merito
885 2214 1123 2380 subiacebit.
1154 2299 1308 2381 Valete.

516 2435 571 2504 Eu
589 2437 697 2526 stycke
716 2437 754 2502 al
768 2437 881 2522 sigillet
900 2437 1018 2523 banger
1037 2439 1080 2527 pt
1099 2459 1139 2506 en
1159 2439 1231 2505 irin
1257 2440 1448 2527 bandliugen
1468 2441 1518 2506 till
1537 2461 1577 2506 en
1596 2439 1648 2506 del
1669 2401 1829 2504 ldssluren
1854 2453 1965 2500 remea

339 2785 472 2933 345·
976 2813 1127 2923 1250
1173 2805 1223 2914 d.
1278 2847 1343 2952 17
1393 2805 1512 2914 Oct·
1640 2815 1652 2830 '
1909 2792 2097 2916 Roskild

414 3021 498 3089 Kon.
518 3025 613 3090 Anam
632 3027 644 3088 i
665 3027 828 3092 Daumark
848 3031 953 3118 ilppna
975 3029 1053 3094 aret
1071 2977 1231 3114 angiende
1252 3025 1396 3092 Friheter
1416 3027 1467 3090 ttr
1486 3027 1642 3110 borgenne
1663 3027 1674 3088 i
1696 3025 1769 3090 Wt.
1907 3103 1912 3118 ·

855 3128 859 3144 ’
1763 3136 1799 3196 la·
1827 3152 1879 3195 rot
1897 3137 1958 3210 9672
1973 3133 2003 3204 *)

380 3263 385 3272 ’
499 3273 621 3374 Abel,
650 3273 727 3358 D'ei
761 3277 891 3388 gratia
934 3280 1144 3362 Danorum
1172 3276 1467 3388 Slavorumque
1503 3277 1609 3374 Rex,
1639 3277 1733 3356 Dux
1768 3275 1912 3369 lutiae,
1954 3265 2098 3351 omnibus

331 3385 411 3480 boc
438 3387 635 3494 scriptum
663 3389 925 3472 cernentibus
951 3392 997 3472 in
1025 3391 1202 3475 Domino
1230 3388 1409 3473 salutem.
1466 3387 1748 3498 significamus
1787 3383 2031 3468 universitati
2050 3402 2097 3458 re

331 3514 426 3596 strae
453 3495 566 3608 quod
593 3497 765 3582 villanos
795 3500 847 3582 de
876 3503 967 3584 Wae
1007 3531 1030 3583 a
1058 3499 1199 3586 debito
1227 3499 1496 3608 expeditionis
1520 3499 1672 3584 liberos
1685 3499 1913 3582 dimisimus
1942 3507 1980 3577 et
2000 3515 2097 3572 ereu-

331 3627 445 3722 ptos,
472 3625 614 3692 eorum
642 3613 955 3720 paupertatibus
982 3613 1264 3705 condolentes,
1291 3626 1335 3692 et
1360 3629 1577 3720 propterea
1607 3610 1864 3708 mandamus,
1904 3635 1957 3688 ne
1980 3602 2021 3684 ab
2041 3599 2096 3680 eis·

330 3719 425 3806 dem
452 3739 670 3833 praesumat
695 3722 912 3834 quisquam
939 3723 1173 3832 hujusmodi
1214 3720 1351 3804 debita
1380 3739 1644 3831 extorquere,
1688 3737 1731 3803 et
1773 3722 1881 3803 hanc
1913 3717 2099 3801 libertatem

219 3865 222 3870 ·
311 3833 431 3944 ‘ipsis
458 3830 734 3932 concedimus,
777 3835 874 3946 quia
902 3835 1060 3920 adhoc
1101 3834 1285 3916 debitum
1328 3832 1642 3941 persolvendum
1683 3837 1794 3942 ipsos
1836 3831 2018 3914 sufficere
2040 3850 2103 3906 non

219 3941 223 3947 ’
330 3943 517 4030 videmus
542 3946 628 4030 sine
656 3945 779 4026 nimia
808 3948 1041 4056 gravamine
1068 3943 1303 4029 eorundem.
1332 3945 1528 4028 Praeterea
1557 3947 1669 4054 ipsos
1695 3944 1871 4026 villanos
1917 3937 2102 4024 dimisimus

329 4054 483 4149 liberos
511 4085 585 4166 per
611 4073 743 4138 totum
770 4086 942 4168 regnum
968 4074 1153 4140 nostrum
1182 4085 1206 4136 a
1234 4055 1374 4139 telonii
1400 4054 1624 4157 solutiona;
1662 4057 1828 4140 interim
1856 4054 2051 4147 volumus,
2072 4063 2104 4126 ut

237 4183 243 4194 '
330 4167 473 4258 coloni-
495 4169 623 4252 nostri
650 4167 803 4250 ibidem
830 4169 882 4252 de
914 4169 1084 4278 singulis
1111 4170 1195 4252 suis
1222 4168 1465 4276 fiarfflingin,
1495 4197 1598 4276 quae.
1613 4183 1775 4264 tenent,
1813 4167 1977 4248 solvant
2015 4157 2105 4242 nobis

330 4279 540 4370 anausim
567 4280 769 4368 marcham
803 4279 1082 4380 denariorum,
1126 4278 1230 4363 festo
1272 4277 1532 4364 sanctiOlai.
1588 4281 1654 4360 lta
1694 4277 1810 4388 quod
1839 4278 1963 4361 nobis
1990 4288 2106 4384 preter

98 4410 108 4422 ·
223 4429 226 4442 ¹
329 4390 535 4498 praemissa
562 4391 605 4472 in
631 4389 748 4472 nullo
775 4391 927 4476 servire
955 4407 1173 4475 teneantur
1199 4391 1277 4472 nisi
1305 4391 1348 4474 in
1377 4389 1647 4499 assignatione
1661 4389 1927 4500 vectigalium
1956 4401 2107 4470 cunnos

194 4583 198 4592 ,
329 4499 602 4610 personaliter
627 4499 882 4600 affuerimus,
911 4503 979 4584 vel
1006 4502 1195 4586 dilectam
1222 4527 1390 4582 uxorem
1417 4515 1597 4584 nostram
1625 4499 2022 4611 contigerit'adcsse.
2048 4495 2105 4574 Dt-
2146 4563 2147 4568 κ

327 4625 417 4803 {pm
444 4609 654 4803 ibbsc'hssb
666 4615 789 4696 Anno
816 4615 979 4696 Domini
1007 4614 1219 4701 millesimo
1244 4610 1518 4695 ducentesimo
1554 4614 1920 4726 quinquagesimo,
1962 4601 2106 4695 calendi
2146 4621 2147 4660 l

271 4799 277 4810 ,
370 4745 446 4802 ove
517 4747 573 4802 rrs
606 4749 621 4804 1
657 4779 667 4800 .

193 5007 196 5014 .
371 4961 397 5038 .,
418 4959 493 5026 aaa
512 4961 755 5058 mannua...
774 4971 821 5030 aa
839 4963 1006 5052 nugam
1025 4961 1153 5030 amm
1173 4959 1225 5028 m
1248 4959 1329 5048 17⁵4
1347 4963 1386 5028 u
1400 4961 1449 5029 m
1469 4943 1624 5032 raama
1644 4963 1842 5066 smmum.
1872 4973 1875 4978 ·
1937 5038 1943 5062 ,
