4368 5950
801 517 857 538 -
973 475 1047 582 ‘193
1158 483 1358 540 -’·

133 743 252 844 171.
671 745 883 859 =1217
934 707 982 809 d.
1032 705 1104 810 28
1152 705 1299 813 Febr.
1452 761 1512 822 ,·
1675 693 1905 877 Laterari.
2026 765 2028 768 ·

198 924 292 986 Pssv.
320 915 479 1006 amount
500 927 554 988 111.
583 927 633 990 till
654 923 904 1008 fiske-Biskopen
926 929 937 987 i
959 875 1048 990 Limd
1064 880 1148 988 (saint
1169 927 1245 988 hans
1267 875 1504 1011 Lyd-Biskopar
1524 931 1657 994 rdrande
1678 936 1829 1022 uppbb'rd-
1842 939 1905 1001 och

248 1006 411 1088 utdelning
431 1009 470 1073 ef
485 1006 526 1070 de
545 1007 623 1072 flere
644 1006 903 1074 sammaoskotten
923 1010 975 1072 till
998 1009 1109 1092 Heliga
1131 1007 1266 1072 Landets
1285 1009 1457 1074 belriande.
1711 1092 1715 1100 Ι
1782 1091 1786 1100 Ι
1824 1077 1828 1089 ,
1888 1086 1894 1128 t

283 1199 484 1350 Honorius
516 1257 744 1370 Episcopus
768 1198 922 1340 Seram
951 1259 1173 1340 Sermonem
1201 1191 1282 1340 Dei
1307 1155 1850 1350 Vlidrdlzttliis'dialllbm

314 1370 614 1482 Arcltt‘epircopo
641 1372 858 1466 Lundenm,
890 1391 928 1451 et
955 1370 1250 1477 Suffraganeis
1278 1374 1379 1466 eius,
1411 1371 1590 1454 Salutem
1614 1379 1685 1454 &n

287 1510 554 1621 Approbante
597 1511 774 1618 generali
817 1511 999 1591 Concilio
1042 1511 1178 1590 extitit
1220 1510 1467 1610 ordinatum,
1503 1530 1549 1593 ut
1576 1541 1714 1595 omnes
1743 1519 1907 1602 omnino
2003 1553 2007 1566 ¹

122 1623 264 1706 Clerici
306 1636 390 1701 tam
419 1616 604 1719 subditi,
639 1640 763 1732 qu'am
791 1623 939 1702 Prelati
986 1622 1213 1702 vicesimam
1249 1622 1610 1706 ecclesiasticorum
1638 1645 1919 1733 proventuum

122 1761 248 1846 usque
285 1731 336 1812 ad
366 1733 584 1814 triennium
614 1734 769 1842 integre
799 1733 1012 1813 conferant
1039 1737 1082 1812 in
1111 1731 1333 1813 subsidium
1361 1752 1468 1813 terre
1496 1734 1643 1824 Sancte
1671 1733 1745 1847 per
1772 1743 1913 1820 manns

120 1874 276 1940 eorum,
305 1845 378 1952 qui
408 1843 566 1924 adhoc
596 1841 746 1924 fuerint
774 1843 995 1952 apostolica
1026 1842 1279 1952 providentia
1307 1844 1505 1953 deputati,
1534 1847 1776 1956 quibusdam
1792 1849 1909 1930 dum'·

119 1973 232 2038 taxat
274 1956 470 2062 religiosis
513 1956 703 2063 exceptis,
732 1954 784 2034 ab
813 1955 887 2035 hac
916 1955 1162 2084 prestatione
1190 1951 1335 2034 merito
1365 1955 1633 2053 exhimendis,
1662 1975 1702 2037 et
1732 1959 1912 2070 illisqui

119 2084 324 2177 assumpto
358 2065 422 2147 vel
458 2064 697 2147 assumendo
732 2067 863 2146 crucis
897 2060 1106 2173 signaculo
1135 2063 1231 2145 illuc
1260 2083 1353 2146 sunt
1381 2067 1646 2174 personaliter
1674 2069 1911 2177 profecturi.

116 2181 221 2260 Sane
268 2191 394 2294 super
430 2176 552 2257 modo
595 2176 855 2284 dispensandi
882 2176 1117 2282 hujusmodi
1145 2177 1372 2255 vicesimam
1401 2176 1626 2259 audivimus
1654 2181 1823 2262 consilia
1851 2181 1913 2264 di·
1972 2273 1979 2292 Ι

119 2298 349 2384 versorum,
385 2287 533 2399 quibus
575 2288 681 2366 inter
716 2315 757 2366 se
785 2286 1004 2394 plurimum
1033 2287 1304 2383 variantibus,
1334 2286 1436 2368 illud
1464 2287 1515 2368 de
1535 2291 1710 2371 oonsilio
1724 2290 1913 2380 {fratrum

121 2420 353 2482 nostrornm
389 2397 639 2507 providimus
669 2396 917 2506 eligendum,
937 2396 1160 2478 secundum
1188 2397 1300 2507 qnod
1329 2396 1501 2490 vidimus
1529 2401 1655 2508 ipsam
1683 2402 1937 2485 vicesimam-

119 2508 441 2618 distribuendam
477 2508 634 2606 utilius,
669 2525 818 2588 ettam
854 2508 904 2587 ab
940 2509 1017 2587 hiis
1051 2509 1124 2617 qui
1152 2506 1377 2604 conferent,
1407 2537 1530 2618 quarn
1558 2510 1610 2590 ab
1639 2511 1734 2610 illis,
1763 2516 1927 2623 quibus·

50 2622 58 2628 ’
113 2619 241 2706 ¹fuerit
271 2620 489 2702 distributa
518 2620 724 2699 materiam
752 2621 1009 2730 suspitionis,¹
1030 2636 1072 2697 et
1100 2619 1333 2715 murmuriS,
1363 2619 1504 2700 melius
1532 2622 1836 2729 amputandam,
1865 2643 1914 2708 ut
1953 2722 1957 2730 ‚

118 2733 307 2814 videlicet
335 2731 521 2811 vicesima
549 2730 747 2838 cujusque
776 2731 956 2810 Diocesis
970 2729 1135 2810 redacta
1150 2728 1321 2810 fideliter
1336 2730 1378 2809 in
1393 2733 1604 2838 pecuniam
1618 2732 1701 2812 sub‘
1709 2752 1820 2815 certo
1836 2765 1912 2819 nu·

118 2870 231 2928 mero
247 2835 648 2952 comprehendendO,
665 2843 707 2921 in
722 2841 1018 2922 autenticorum
1033 2843 1225 2937 virorum,
1241 2856 1282 2919 et
1296 2843 1508 2949 presertim
1535 2842 1708 2944 illorum,
1730 2849 1912 2956 qniseam
2038 2913 2043 2921 ,

118 2955 357 3062 collegerint
385 2952 717 3033 testimonialibus
747 2947 909 3049 litteris,
937 2972 977 3035 ct
1005 2951 1122 3032 nobis
1150 2949 1268 3033 etiarn
1297 2950 1537 3060 explicando
1570 2953 1678 3034 ultra
1692 2983 1800 3036 mare
1814 2983 1912 3066 por·

117 3083 247 3162 tetur,
278 3092 353 3173 per
380 3079 569 3174 quatuor
586 3063 650 3143 vel
678 3065 872 3172 quinque,
901 3091 972 3142 seu
1000 3063 1138 3171 plnres
1166 3064 1274 3142 viros
1303 3061 1525 3168 prudentes
1541 3064 1717 3148 Clericos
1732 3084 1773 3147 et
1786 3065 1910 3151 laicos

118 3178 433 3284 Crucesignatos
476 3173 583 3254 illius
620 3174 802 3254 Civitatis
831 3190 872 3254 et
901 3175 1096 3270 Diocesis,
1125 3175 1197 3282 qui
1225 3189 1321 3254 note
1350 3172 1443 3252 fidei
1472 3173 1725 3258 discretionis
1753 3197 1795 3262 et
1821 3182 1913 3287 opi·

117 3291 254 3370 nionis
282 3285 474 3382 existant,
502 3312 678 3395 quorum
707 3311 812 3365 unus
825 3281 828 3290 ’
841 3285 893 3364 sit
924 3285 1149 3392 Episcopus
1178 3282 1274 3381 loci,
1303 3280 1502 3394 siquidem
1516 3285 1827 3396 Crucesignatus
1841 3317 1911 3371 ex·

116 3400 267 3494 titerit,
302 3396 482 3506 reliquus
516 3395 569 3475 ab
605 3397 806 3503 Episcopo
842 3395 1063 3476 Diocesano
1091 3411 1132 3474 et
1159 3395 1284 3502 ipsius
1312 3395 1496 3474 vicesime
1524 3395 1810 3480 collectoribus
1839 3401 1910 3480 eli·

6 3519 11 3556 ³
115 3508 286 3620 gendis,
321 3523 363 3589 et
398 3533 472 3616 per
487 3521 643 3589 “manus
677 3507 858 3616 ipsorum
893 3504 943 3584 de
971 3505 1216 3585 conscientia
1246 3521 1380 3585 tamen
1408 3502 1651 3604 Cardinalis,
1681 3511 1754 3620 qui
1788 3510 1911 3594 fuerit

116 3623 175 3702 ibi
205 3619 385 3726 Legatus
414 3617 682 3700 distribuatur
710 3613 880 3698 fideliter
908 3631 948 3700 et
977 3614 1168 3711 discrete,
1197 3618 1482 3722 crucesignatis
1510 3618 1743 3726 egentibus,
1773 3638 1813 3701 et
1828 3623 1909 3702 uti·

114 3732 227 3816 libus
258 3729 422 3837 negotio
451 3727 577 3810 Terre
607 3729 751 3808 Sancte
779 3755 827 3806 ac
849 3730 1061 3837 presertim
1090 3722 1140 3804 de
1169 3725 1237 3805 illa
1267 3727 1426 3806 Diocesi
1454 3726 1526 3807 ubi
1546 3729 1731 3810 vicesima
1745 3731 1813 3812 illa
1827 3732 1911 3812 col-

53 3858 58 3866 “
115 3842 222 3922 lecta
252 3837 375 3920 fuerit
402 3836 604 3932 oriundis,
633 3834 836 3946 iidemque
864 3836 1143 3918 distributores
1173 3838 1249 3945 ipsi
1277 3837 1448 3945 Legato,
1477 3853 1517 3915 et
1545 3832 1743 3947 Magistris
1763 3841 1911 3950 Hospi-

115 3952 211 4032 talis
238 3962 284 4028 et
312 3949 471 4058 Templi
498 3945 673 4028 reddant
703 3945 1002 4056 diligentissime
1031 3949 1245 4042 rationem,
1276 3974 1349 4055 per
1376 3975 1499 4058 quarn
1532 3947 1735 4028 redactam
1769 3951 1913 4036 inseri·

118 4065 198 4173 ptis
236 4077 431 4168 appareat
459 4056 672 4138 evidenter
695 4060 927 4166 pecuniam,
956 4086 1077 4168 quarn
1106 4073 1152 4137 ut
1181 4059 1418 4166 premissum
1446 4075 1505 4136 est
1532 4060 1609 4140 sub
1637 4060 1938 4171 testimoniali-¹
1991 4091 2031 4170 ,¹

115 4175 193 4256 bus
224 4171 370 4252 litteris
399 4197 533 4250 secum
561 4169 770 4250 attulerint
798 4196 881 4248 esse
910 4171 1207 4276 Crucesignatis
1236 4166 1405 4249 fideliter
1433 4184 1474 4246 et
1501 4170 1653 4250 utiliter
1695 4168 1912 4256 disrtribu·

116 4301 223 4381 tam,
263 4297 303 4360 et
338 4299 420 4362 tarn
456 4278 742 4360 testimoniales
777 4279 910 4360 littere
940 4307 1061 4394 super
1090 4281 1316 4390 quantitate
1345 4280 1514 4387 pecunie
1542 4279 1747 4362 commisse
1772 4281 1912 4368 ‘distri-

117 4391 339 4476 bu'toribus
367 4391 480 4498 ipsis,
509 4418 629 4500 quam
658 4393 859 4501 scriptura
888 4387 1089 4472 ratiocinii
1116 4387 1232 4500 qnod
1256 4389 1463 4472 Cardinali
1491 4405 1531 4469 ct
1560 4389 1758 4496 Magistris
1772 4393 1909 4480 reddi·

88 4505 261 4598 derint
296 4499 506 4581 antedictis
542 4500 841 4608 diligentissime
869 4516 1178 4609 conserventur,
1215 4517 1262 4580 ut
1290 4519 1331 4580 et
1352 4498 1582 4580 eorumdem
1598 4497 1910 4590 distributorum

117 4618 220 4696 fides
259 4629 299 4692 et
326 4610 553 4718 diligentia,
583 4611 744 4692 illarum
771 4612 1001 4694 testimonio
1029 4628 1193 4720 pateant
1219 4627 1260 4690 et
1288 4613 1594 4718 suspitiosorum
1621 4615 1909 4725 conquiescant

117 4745 294 4819 mentes,
328 4738 369 4802 et
403 4721 509 4801 labia
536 4725 815 4807 conticescant.
873 4723 1075 4826 Quocirca
1116 4721 1375 4802 Fraternitati
1424 4735 1571 4803 vestre*
1583 4747 1658 4833 per
1685 4726 1909 4836 apostolica

116 4840 289 4947 scripta,
305 4830 559 4928 mandamns,
586 4847 784 4943 quatenus
811 4835 886 4915 hec
915 4832 1190 4943 sollempniter
1217 4857 1290 4940 per
1317 4846 1470 4912 vestras
1497 4828 1673 4914 dioceses
1694 4835 1908 4943 publican-

118 4947 199 5047 tes,
238 4939 533 5042 difficultatem,
567 4971 637 5026 seu
672 4971 825 5029 moram
853 4945 1030 5054 aliquam
1060 4941 1291 5038 nullatenus
1319 4942 1546 5044 innectatis,
1570 4943 1638 5031 vel
1665 4949 1907 5129 pprmittatis

124 5083 129 5094 '
264 5085 312 5142 Sat*
325 5085 447 5154 Dr'plont.
1545 5101 1547 5106 ·
1612 5077 1614 5084 '
1660 5077 1685 5130 2
1861 5068 1897 5151 Ἰ
