4384 5946
823 433 1182 512 ...9..

111 641 162 762 5(
711 623 850 782 ι849
896 643 915 742 i
956 638 1104 744 Mare.

176 844 290 927 'Pare'
307 860 372 929 Leo
393 835 578 928 lllzsllulla
598 858 610 922 i
629 877 747 921 samma
768 867 865 922 amne.
935 887 937 892 s

117 1069 143 1078 ·-
223 1016 311 1095 Lao
340 1015 575 1124 Episcopus,
603 1037 741 1091 servus
770 1036 975 1097 servornm
1004 1012 1099 1108 Dei,
1147 1011 1367 1114 Anschario
1397 1029 1540 1092 sanctae
1557 1011 1899 1120 Hammaburgen·

114 1125 168 1210 εἰς
197 1125 384 1207 Ecclesiae
413 1122 747 1230 Arobiepisoopo,
790 1138 946 1202 aeternae
988 1122 1080 1201 vitae
1109 1122 1395 1204 beatitudiuem
1451 1123 1652 1226 Quoniam
1696 1125 1900 1231 Apostoli·
2031 1183 2035 1192 .

112 1265 169 1320 cae
198 1233 404 1344 dignitatis
432 1253 511 1333 est,
539 1261 622 1314 non
650 1233 780 1313 solum
808 1231 1002 1312 Ecclesias
1026 1230 1213 1330 fundare,
1244 1233 1313 1315 sed
1342 1241 1381 1314 8(
1416 1234 1467 1312 ab
1512 1233 1597 1312 aliis
1637 1233 1902 1315 Ecclesiarum

113 1349 392 1459 spiritualibus
419 1345 644 1427 architectis
672 1341 857 1424 fundatas
885 1341 1109 1439 sublimare,
1139 1342 1305 1451 dignum
1334 1345 1547 1440 duximus,
1576 1342 1697 1424 frater
1720 1344 1903 1446 cbarissi-

112 1489 194 1557 me,
238 1461 309 1569 pio
355 1457 560 1567 petitionis
597 1474 676 1536 tuae
704 1471 802 1535 voto
830 1481 945 1538 aures
975 1453 1120 1534 debitae
1147 1454 1403 1562 benignitatis
1431 1471 1510 1533 tuae
1538 1455 1750 1534 inclinare.¹
1794 1456 1904 1551 Con·

114 1571 295 1670 cedimus
323 1571 447 1680 i'gitur
475 1569 568 1665 tibi,
597 1567 700 1648 sicut
743 1593 765 1642 a
802 1563 1094 1674 praedecessore
1129 1584 1268 1662 nostro
1297 1567 1415 1647 beato
1445 1566 1643 1672 Gregorio
1673 1592 1905 1646 concessum

114 1701 195 1780 est,
238 1681 409 1763 scilicet-
438 1698 486 1761 ut
528 1692 663 1787 gentes
698 1676 1015 1773 Wimodiorum,
1059 1675 1394 1783 Norblingorum,
1436 1678 1666 1773 Danorum,
1695 1676 1904 1778 Norveno-

111 1821 224 1892 rum,
254 1795 478 1875 Svenorum
505 1790 569 1870 vel
598 1805 856 1898 qvascunqve
883 1787 1251 1896 septentrionalium
1278 1790 1485 1870 nationum
1511 1787 1610 1895 jugo
1639 1783 1731 1868 fidei
1757 1777 1906 1896 prae‘di-
1948 1781 1954 1792 ’

115 1907 273 1986 catione
301 1923 371 1987 tua
398 1899 634 1989 subdideris.
1027 1895 1032 1907 '

259 2191 264 2199 .
291 2078 395 2190 Quae
422 2091 640 2186 sequuntur
667 2069 901 2156 verbotenus
928 2078 1227 2188 correspondent
1254 2079 1382 2159 Bulla
1406 2077 1540 2184 Sergii
1551 2104 1672 2186 usque
1685 2075 1743 2155 ad
1754 2076 1908 2159 uerba.-
1935 2095 1938 2104 ’
2042 2071 2045 2079 ’

219 2270 222 2279 ’
289 2252 477 2334 Ecclesiae
493 2245 864 2357 'Hammahurgensi
893 2249 1114 2334 satisfaciat.
1172 2256 1274 2336 Data
1302 2282 1375 2361 per
1403 2243 1565 2334 manum
1580 2253 1782 2363 'Stephani
1796 2251 1900 2335 Can-

117 2367 272 2456 cellarii
300 2380 449 2448 sanctae
478 2359 666 2442 Romanae
696 2361 881 2444 Ecclesiae
909 2389 1042 2449 mense
1070 2365 1213 2446 Martio
1243 2366 1467 2458 Indictione
1494 2362 1584 2446 XII.

89 2709 169 2816 ³s.
403 2653 459 2836 s
641 2693 890 2874 ¹*sss
936 2705 986 2812 a.
1034 2710 1102 2813 31
1154 2711 1273 2854 Maj.

1 2955 2 2986 ;
249 2925 518 2994 reseruemus
539 2929 581 3002 las
605 2893 703 2994 bulla*
717 2950 771 2994 om
791 2931 910 2994 l’drenin
952 2929 990 2991 al
1016 2929 1194 3013 Hamburgs
1225 2930 1285 2992 och
1319 2930 1486 2993 Brebmens
1516 2933 1658 2995 sdrskilta
1678 2932 1745 2994 stin
1766 2907 1822 2996 till
1839 2943 1902 3016 stt,

1 3042 2 3088 1
119 3012 265 3080 hvarvid
289 3004 511 3096 dria-Bislopc
531 3015 622 3076 titeln
644 3013 736 3076 alltid
755 3014 881 3098 dtldljer
902 2951 1080 3096 llamburg,
1108 3013 1167 3075 och
1198 3022 1232 3076 ar
1253 3014 1320 3076 dess
1341 3013 1545 3076 innehafvare
1563 3015 1666 3078 tillika
1686 3012 1902 3103 llr're-Biskop

1 3147 2 3186 3
120 3097 212 3162 diver
235 3097 381 3178 Sverige,
404 3095 565 3160 Danmark
590 3097 651 3159 och
670 3096 774 3180 dirige
794 3096 928 3160 Norden.
1862 3133 1865 3138 -

292 3247 499 3328 Nrcomus
529 3245 764 3355 Episcopus,
794 3274 932 3328 servus
960 3273 1168 3328 servorum
1183 3249 1269 3343 Dei,
1285 3247 1471 3328 omnibus
1486 3246 1669 3328 fidelibus
1684 3250 1912 3336 sancteDei

124 3358 311 3442 Ecclesiae
353 3357 559 3464 praesentis
602 3359 751 3438 scilicet
788 3359 978 3466 temporis
1008 3375 1047 3437 et
1076 3357 1201 3440 futuri
1217 3357 1265 3470 ⁵⁵)
1294 3359 1459 3438 salutem
1487 3376 1526 3438 et
1554 3360 1825 3468 Apostolicam
1839 3359 1913 3440 be·

124 3471 402 3554 nedictionem.
438 3466 634 3574 Quisquis
662 3470 880 3549 Dominum
907 3488 948 3550 et
975 3468 1252 3554 Redemtorem
1279 3467 1461 3551 nostrum
1489 3469 1623 3548 lesum
1634 3472 1837 3554 Christum
1859 3468 1915 3552 de

123 3585 214 3664 sinu
242 3579 383 3673 Patris,
413 3576 465 3658 ad
487 3583 644 3674 tetram,
674 3607 752 3688 pro
781 3577 1089 3666 demonstranda
1117 3579 1306 3660 cordibus
1334 3580 1540 3660 hominum
1568 3609 1662 3662 vera
1690 3589 1729 3662 &
1744 3599 1851 3662 certa
1865 3580 1912 3658 fi-

123 3693 174 3777 de
199 3687 454 3772 descendisse
483 3716 567 3768 non
605 3688 783 3786 dubitat,
813 3689 997 3798 profecto
1026 3717 1109 3770 non
1137 3693 1307 3798 ignorat,
1336 3719 1484 3785 omnes,
1513 3692 1585 3799 qui
1614 3692 1790 3800 ejusdem
1819 3688 1911 3771 lidei

1 3801 3 3821 '
121 3831 197 3914 per
240 3802 408 3911 gratiam
451 3800 578 3907 ipsius
620 3801 835 3908 participes
877 3799 970 3882 facti
999 3819 1093 3881 sunt
1128 3808 1167 3881 8(
1195 3803 1385 3910 precipue
1414 3803 1507 3900 Nos,
1537 3803 1610 3909 qui
1636 3831 1710 3910 per
1737 3803 1912 3911 primum

79 4010 83 4020 ,
122 3933 234 3998 tante
276 3910 437 3994 virtutis
481 3911 706 3992 Ministrum
735 3912 868 3992 locum
895 3912 1133 4019 precipuum
1163 3931 1340 3993 tenemus
1356 3907 1404 4022 ⁵⁶)
1433 3913 1661 3993 hominibus
1689 3914 1833 3995 debere
1849 3910 1912 3990 lu·

123 4022 286 4108 orandis
326 4021 506 4102 insistere
550 4027 589 4100 8(
615 4050 688 4129 per
717 4023 919 4102 universas
949 4042 1085 4130 gentes
1114 4025 1228 4118 verbi
1255 4025 1404 4103 semina
1426 4051 1555 4102 serere
1584 4030 1623 4103 8(
1648 4023 1788 4104 solatio
1803 4019 1835 4131 *)
1851 4048 1912 4100 se-

124 4136 311 4220 rentibus
339 4132 575 4212 ministrare.
632 4135 750 4213 Nunc
780 4151 922 4229 autem,
952 4135 1047 4241 quia
1065 4134 1307 4236 ¹Ludovi‘cus
1337 4133 1638 4215 sublimissimus
1653 4135 1739 4213 Rex
1754 4159 1824 4242 per
1841 4129 1912 4212 Sa-

124 4250 326 4338 lomonem
354 4239 620 4347 venerabilem
649 4237 897 4352 Episcopum
926 4245 1105 4352 Civitatis
1134 4247 1365 4346 Constantis
1394 4264 1532 4326 nostro
1561 4243 1714 4326 studuit
1737 4246 1913 4351 Aposto-
1991 4293 1994 4300 ·

1 4408 2 4414 κ
123 4359 227 4440 latui
256 4357 449 4456 intimare,
479 4350 591 4462 quod
620 4355 686 4461 pie
714 4355 901 4434 memorie
930 4354 1175 4436 Ludowicus
1203 4359 1424 4462 Imperator
1454 4359 1611 4465 genitor
1639 4381 1754 4450 suus,
1783 4381 1911 4462 quen-

122 4469 219 4550 dam
248 4465 499 4560 Monachum,
529 4467 689 4546 nomine
717 4465 983 4564 Anscharium
1012 4465 1061 4546 de
1089 4467 1330 4548 monasterio
1358 4465 1530 4575 Corbeja
1558 4466 1711 4546 tulisset
1727 4463 1912 4543 &collo-

36 4603 43 4613 ·
122 4596 254 4660 casset
283 4604 372 4656 eum
399 4571 513 4681 juxta
542 4575 700 4660 Albium
727 4573 895 4678 fiuvium
923 4577 967 4657 in
995 4577 1220 4666 confinibus
1248 4580 1457 4660 Danorum
1484 4583 1524 4658 &
1551 4575 1772 4673 Slavorum,
1789 4574 1913 4655 Saxo·

169 4819 220 4901 55)
255 4821 378 4883 Desunt
398 4779 484 4881 alibi}
526 4815 576 4898 56>
597 4821 774 4888 retinemus.
818 4820 843 4899 ⁶)
862 4819 984 4884 solatia.
1780 4873 1783 4886 .

260 4934 310 4989 Sa.
333 4929 416 5008 Dipl.
583 4939 588 4950 ⁸
850 4937 854 4948 “
1764 4927 1787 4974 ²
