4406 5966
145 2045 189 2058 ··
286 2017 356 2088 ro,

858 527 1044 556 ··-
1154 485 1266 594 rto·
1348 517 1404 554 *-

290 754 425 869 9⁰²·
967 717 1069 825 Vid
1126 717 1427 829 12802ulet.
1501 759 1505 763 ·

371 943 511 1008 Barnous
532 937 662 1004 finon
681 958 751 1005 sons
770 937 809 1006 al
824 936 962 1026 Fiskaby
982 937 1178 1007 Tesunente
1198 940 1236 1005 el
1252 938 1408 1026 tumniga
1429 939 1520 1008 uter
1540 940 1589 1006 till
1609 939 1733 1028 Nydela
1752 943 1872 1010 kloster
1893 940 1959 1008 ooli
1979 963 2079 1008 namn·

276 1071 279 1078 -
421 1026 504 1109 gisne
523 1043 679 1110 personer.

1723 1111 1758 1164 A.
1778 1112 1803 1165 3.
1820 1124 1849 1171 z.
1870 1123 1895 1164 ιε
1913 1107 1961 1190 115.

424 1210 477 1293 ln
490 1207 654 1314 nomine
668 1208 796 1316 patris
811 1211 885 1290 &c
915 1209 1023 1312 Quia
1038 1227 1167 1290 morte
1182 1207 1306 1291 nichil
1322 1211 1485 1308 certius,
1502 1204 1629 1290 nichil
1643 1209 1843 1292 incercius
1858 1209 1967 1291 hora
1986 1236 2065 1290 mor·

285 1323 338 1408 tis
352 1321 440 1431 Ego
452 1319 725 1430 bryniolphus
744 1319 886 1403 haroci
901 1317 1109 1431 quondam
1122 1319 1228 1400 lilius
1251 1319 1301 1401 de
1322 1319 1481 1419 liskabir
1497 1321 1684 1431 quamuis
1699 1347 1875 1431 corpore
1890 1319 2071 1403 debilis&

287 1432 483 1530 infirmus,
510 1432 633 1511 animi
661 1432 738 1514 mei
766 1451 901 1516 tamen
928 1457 1108 1541 compos,
1136 1447 1423 1514 testamentum
1437 1459 1570 1514 meum
1583 1433 1626 1512 in
1641 1433 1752 1512 hunc
1767 1430 1937 1514 modum
1951 1429 2074 1542 dispo-

286 1544 351 1654 suj
380 1541 673 1640 ordinandum,
702 1545 754 1624 Jn
784 1543 924 1653 primis
952 1543 1159 1632 monachis
1187 1543 1415 1627 noueuallis
1445 1541 1556 1654 apud
1584 1569 1688 1655 quos
1716 1542 1852 1626 locum
1890 1543 2001 1652 eligo
2026 1568 2079 1624 sc·

286 1655 471 1770 pulture,
500 1653 667 1736 confero
699 1654 903 1736 meliorem
930 1681 1080 1766 equum
1109 1682 1241 1736 meum
1270 1655 1377 1738 bene
1407 1655 1642 1751 faleratum,
1671 1657 1712 1734 dc
1747 1655 1917 1736 loricam
1958 1681 2079 1736 meam

286 1797 379 1851 cum
393 1767 523 1879 galea,
553 1764 793 1871 spaldenaer,
823 1765 958 1876 plato,
990 1765 1211 1864 lendenaer,
1240 1765 1469 1850 stikchatha
1496 1767 1622 1863 husu,
1651 1793 1728 1849 nec
1759 1793 1845 1848 non
1873 1772 1917 1848 &
1949 1763 2080 1874 predi-

286 1908 357 1962 um
385 1904 517 1960 meum
547 1877 590 1956 in
616 1875 844 1958 hellaculla'
861 1874 975 1989 quod
1003 1881 1111 1959 iusto
1139 1879 1360 1987 empcionis
1386 1878 1521 1988 tytulo
1552 1876 1700 1986 habuj,
1730 1875 1782 1960 de
1796 1876 1991 1960 nicholao
2005 1875 2080 1958 sli-

414 2015 462 2070 ro
488 1987 618 2067 salute
648 1990 780 2072 anime
808 2016 895 2070 mee
923 1987 1110 2072 videlicet
1139 1993 1181 2070 &
1208 1988 1355 2076 dilecte
1381 1992 1522 2072 matris
1549 2015 1636 2070 mee
1665 1988 1820 2100 delego.
1856 1991 1933 2070 ista
1949 2004 2081 2071 tamen

285 2018 524 2186 condicione
553 2097 771 2198 mediante,
799 2097 974 2211 quodsi
1003 2098 1173 2185 heredes
1200 2103 1278 2184 mei
1306 2102 1534 2213 predictum
1562 2100 1751 2210 predium
1785 2097 1894 2182 infra
1933 2127 2093 2202 annum,

263 2225 373 2326 ¹pro.
401 2211 452 2292 Χ.
484 2211 629 2290 mareis
658 2209 917 2293 denariorum
946 2209 998 2292 ad
1024 2239 1066 2294 se
1093 2211 1291 2296 redimere
1310 2215 1544 2310 noluerint,
1573 2211 1743 2294 liberam
1770 2209 1821 2295 ad
1850 2212 1929 2294 hoc
1958 2211 2081 2293 habe·

285 2339 356 2406 ant
385 2335 645 2433 potestatem,
672 2348 748 2430 syn
777 2338 908 2406 autem
936 2323 1014 2404 hoc
1041 2317 1172 2406 lacere
1201 2327 1452 2424 rennuerint,
1481 2339 1629 2406 extunc
1652 2321 1705 2404 ad
1731 2321 1959 2404 dominium
1987 2349 2078 2433 pre-

284 2434 487 2520 dictorum
530 2432 818 2514 monachorum
860 2435 949 2514 iure
990 2437 1235 2546 possessorio
1278 2434 1534 2518 dewoluatur
1562 2449 1762 2544 perpetuo
1790 2431 2083 2543 possidendum

285 2547 390 2628 ltem
417 2543 564 2625 Beocio
593 2544 723 2650 priori
751 2544 976 2628 noueuallia
1004 2545 1106 2630 duas
1134 2563 1271 2658 partes
1299 2549 1340 2630 in
1369 2546 1501 2631 tribus
1529 2544 1759 2628 aluearibus
1783 2573 1866 2655 que
1892 2543 2029 2626 habeo
2042 2545 2086 2626 in

135 2663 144 2670 '
189 2669 196 2678 '
283 2653 467 2753 coahult,
495 2656 616 2736 Petro
644 2652 763 2736 fratri
790 2683 879 2740 meo
908 2655 1073 2739 loricam
1099 2686 1222 2770 quam
1250 2659 1394 2742 habuit
1422 2673 1539 2770 pater
1566 2683 1697 2754 meus,
1725 2656 1903 2737 Domino
1929 2653 2085 2744 benoni

282 2765 506 2863 sacerdoti,
534 2791 660 2847 uuum
688 2765 835 2850 bouem
863 2772 903 2849 &
931 2796 1027 2878 apes
1055 2796 1164 2852 meas
1191 2772 1233 2852 in
1262 2769 1444 2870 lundbir,
1473 2765 1684 2854 Bruddoni
1712 2765 1796 2847 lilio
1824 2765 1963 2847 fratris
2006 2766 2088 2848 mei
2186 2807 2200 2818 ·

282 2879 464 2991 gladium
492 2904 643 2974 meum,
671 2878 836 2960 ecclesie
862 2880 1156 2990 swithnyarrtm
1191 2879 1397 2966 dimidiam
1427 2907 1618 2976 marcam,
1647 2876 1843 2959 fratribus
1878 2878 1923 2957 in
1958 2876 2088 2958 ¹iuna-

283 2991 433 3101 chopia
459 3015 585 3072 vnum
613 2987 773 3088 bouem,
802 2989 979 3098 Byrhere
1006 3009 1107 3074 stert
1134 3021 1259 3077 vnum
1289 3019 1430 3090 cornu,
1458 2993 1481 3070 J
1484 3008 1562 3072 tem
1591 2989 1806 3072 iohannem
1828 2985 1977 3068 ancille
1993 3015 2084 3070 mee

283 3100 413 3184 filium
441 3099 495 3184 do
525 3100 699 3183 liberum
726 3097 780 3181 ab
809 3102 918 3182 omni
947 3099 1186 3186 condicione
1214 3103 1372 3200 seruili,
1401 3103 1564 3184 ecclesie
1592 3127 1678 3182 mee
1710 3116 1851 3181 teneor
1872 3096 1973 3178 duas
1989 3125 2088 3180 oras

284 3219 323 3296 &
365 3212 428 3294 .X.
460 3208 660 3310 denarios,
688 3212 820 3293 sorori
861 3240 948 3296 mee
988 3207 1108 3304 vnam
1136 3241 1320 3312 vaccam,
1349 3213 1512 3323 ingeldo
1540 3213 1582 3291 in
1612 3208 1855 3320 iunachopia
1883 3227 1966 3292 tres
1990 3237 2088 3293 oras

283 3343 374 3406 cum
403 3320 574 3405 dimidio
601 3322 751 3422 solido,
779 3323 937 3433 siggoni
965 3327 1158 3434 magistro
1187 3326 1375 3413 sellarum
1403 3323 1553 3406 ibidem
1568 3321 1773 3406 dimidiam
1788 3318 1993 3403 marcham
2003 3349 2087 3432 pro

284 3461 367 3544 qua
395 3433 566 3516 fibulam
587 3460 716 3514 meam
744 3450 974 3544 argenteam
1002 3462 1128 3546 penes
1155 3463 1198 3519 se
1225 3436 1349 3517 habet
1376 3435 1697 3544 inpignoratam,
1727 3438 1767 3516 8<
1795 3448 1840 3514 vt
1866 3433 1944 3513 ista
1991 3450 2083 3514 rata

283 3546 366 3629 sint
413 3547 455 3626 &
495 3544 662 3626 omnino
703 3565 893 3628 maneant
919 3545 1143 3632 inconwlse
1170 3547 1327 3656 siggilla
1356 3544 1622 3629 discretorum
1664 3545 1857 3640 virorum,
1886 3542 2076 3625 videlicet

265 3653 486 3767 'sigmundi
501 3654 699 3766 prepositi
710 3652 761 3735 de
777 3656 1048 3757 vestrahaerat,
1067 3659 1215 3767 prioris
1229 3657 1465 3756 noueuallis,
1494 3656 1646 3740 domini
1664 3655 1839 3737 Bononis
1854 3653 1906 3738 de
1919 3655 2083 3755 swith-

284 3793 457 3878 nyarom
485 3766 665 3879 presenti
692 3765 845 3876 scripto
872 3766 972 3850 duxi
1011 3769 1272 3879 apponenda,
1314 3768 1451 3852 nullus
1491 3769 1618 3877 igitur
1657 3766 1852 3851 heredum
1894 3793 2093 3850 meorum

284 3881 594 3991 presumpcione
616 3879 828 3961 temeraria
851 3879 1057 3988 predictos
1085 3882 1301 3963 monachos
1329 3907 1451 3990 super
1482 3878 1705 3962 donacione
1734 3878 1821 3974 ista,
1854 3879 1898 3962 in
1944 3895 2098 3989 poste·

285 4017 378 4076 rum
404 3988 551 4078 audeat
580 3988 810 4087 molestare,
838 3990 917 4073 nisi
943 3992 1142 4075 offensam
1169 3991 1324 4075 domini
1351 3992 1559 4075 incurrere
1587 3988 1685 4071 velit
1713 3994 1753 4072 u
1781 3988 2022 4074 vindictam.

493 4133 636 4220 sigillent
657 4137 718 4204 Nto
743 4155 770 4216 1,
791 4133 940 4220 andeligt,
958 4133 1105 4215 sladadt3
1126 4155 1145 4200 2
1167 4134 1276 4216 borta3
1298 4133 1513 4215 thasualto,
1539 4154 1755 4214 menremaen
1779 4153 1868 4221 quar.

820 4485 1526 4526 w
