4370 5950
693 381 1230 540 ‘-,9a·-

143 649 342 746 cessurum·
360 677 540 734 meorum
568 659 609 734 &
636 649 973 761 predecessorum.
997 648 1232 731 donauerim
1260 651 1304 730 in
1332 662 1476 760 puram
1505 654 1545 730 &
1573 659 1811 757 perpetuam
1845 645 1926 730 ele·

142 773 346 852 clusinam:
370 764 447 847 deo
488 771 528 847 81
569 765 687 845 beate
714 763 839 848 marie
875 767 915 841 81
949 758 1155 841 monachis
1183 761 1462 859 cirsterciensis
1489 757 1646 842 ordinis
1674 755 1726 840 de
1754 755 1927 866 jolattlta

142 904 351 989 eorumque
386 878 625 988 posteris&
658 873 777 982 sigilli
808 873 885 952 mei
913 871 1162 981 inpressione
1191 871 1509 953 confirmauerim
1539 898 1588 952 ex
1617 871 1728 978 regia
1747 870 1926 952 auotori-
2068 933 2071 938 ,

139 1008 214 1087 tote
239 993 281 1070 in
319 984 540 1097 piscatione
578 988 622 1068 in
650 982 929 1093 eluekarlebuj
958 983 1060 1064 duas
1089 979 1587 1092 mansiunculas‚=integras
1615 1010 1695 1093 que
1722 998 1925 1063 uocantur

140 1101 203 1183 bol
238 1129 330 1180 curn
364 1099 554 1178 omnibns
587 1095 854 1208 -pertinentijs
887 1095 980 1176 suis.
1036 1093 1169 1175 Huius
1197 1121 1297 1176 uero
1327 1093 1557 1175 donationis
1585 1099 1624 1174 8ι
1652 1093 1925 1176 confirmatio·

140 1214 196 1293 nis
221 1229 336 1292 testes
363 1227 458 1290 sunt
485 1211 561 1292 isti.
620 1210 853 1290 strennuus
883 1204 1119 1313 vpsaliensis
1153 1206 1487 1314 archiepiscopus.
1546 1201 1777 1286 Willelmus
1796 1219 1856 1286 stu
1880 1235 1881 1238 ‘
1907 1249 1927 1268 -

120 1331 263 1404 ¹nensis
305 1322 528 1430 episeopus.
593 1319 796 1427 Birgerus
831 1315 914 1398 dux
949 1343 1119 1424 magnus
1162 1321 1203 1396 &
1244 1314 1407 1396 karolus
1442 1315 1587 1396 fratres
1619 1315 1717 1400 eius
1746 1232 1926 1414 finwids

138 1431 282 1513 strulrir
312 1434 432 1512 Swen
467 1432 589 1512 owin.
653 1429 817 1538 Sietrig
851 1427 985 1507 brune
1013 1434 1051 1509 &
1081 1426 1151 1536 alij
1180 1425 1336 1509 nobiles
1363 1443 1471 1506 terre
1499 1424 1761 1536 quamplures
1789 1425 1927 1508 clerici

136 1549 173 1625 ·&
198 1543 300 1652 laicj.
358 1548 398 1622 &
424 1542 672 1652 quicumque
694 1540 771 1620 ista
800 1538 865 1619 uel
894 1539 971 1618 alia
998 1567 1080 1648 que
1108 1536 1279 1646 prefatis
1307 1536 1514 1618 monacbis
1542 1537 1608 1616 uel
1659 1535 1749 1644 alijs
1789 1537 1927 1647 religi·

137 1654 209 1735 osis
242 1651 432 1734 dederim.
467 1653 626 1733 irritare
655 1650 721 1732 uel
755 1651 904 1731 iniuste
932 1677 1125 1731 reuocare
1154 1649 1452 1759 presumpserit.
1487 1645 1811 1728 maledictionem
1847 1673 1926 1758 pa·
1972 1734 1975 1744 ,
2007 1705 2011 1712 -

134 1765 202 1846 tris
242 1770 282 1867 ⁸5
325 1762 396 1872 filij
438 1769 478 1845 δι
519 1765 685 1871 spiritus
726 1763 854 1842 sancti
882 1760 1074 1843 incurrat.
1131 1767 1271 1842 Amen.
1558 1814 1561 1820 ,
1854 1806 1860 1822 ·

201 1937 259 2004 Etr
278 1939 387 2039 sigule
400 1937 445 2012 „af
460 1937 579 2046 Kongl.
595 1937 728 2021 sigillet,
750 1939 772 2042 ἰΝ
784 1936 853 2022 golt
873 1956 951 2016 arax„
966 1935 1084 2020 bingen
1103 1935 1146 2024 pd
1167 1947 1473 2022 pergamentsremsa.
1494 1934 1587 2001 Jeml'.
1605 1931 1687 2002 Tab.
1708 1953 1738 1997 a.
1754 1913 1864 2034 pto-3.

136 2299 219 2406 66.
309 2219 312 2226 Ι
789 2297 1249 2444 1167--1185

206 2520 347 2603 nonum
366 2517 476 2583 snm
566 2539 587 2603 ς
607 2529 655 2583 ae
675 2519 740 2584 un
759 2519 801 2606 pr
822 2516 944 2585 sarim
964 2519 1100 2606 mum
1119 2480 1193 2586 {nee
1213 2521 1290 2588 ures
1305 2523 1366 2587 om
1388 2521 1501 2605 Kongl.
1522 2523 1605 2606 sigili
1625 2519 1783 2585 samm
1802 2519 1920 2605 gum
2016 2507 2018 2510 ’
2108 2477 2112 2487 ‘

248 2605 289 2668 af
306 2625 344 2666 en
364 2602 443 2686 gdrd
464 2604 475 2666 i
497 2541 529 2666 ld
579 2603 701 2689 erleby.

620 2769 624 2772 ,
1574 2719 1788 2776 &dmum

291 2855 444 2934 Notum
472 2855 524 2935 sit
549 2853 738 2935 omnibus
757 2850 963 2936 'fidelibus
991 2856 1247 2963 presentibus
1275 2873 1315 2937 et
1344 2856 1491 2938 futuris
1514 2853 1626 2966 quod
1648 2882 1725 2963 ego
1735 2875 1922 2938 securus

127 2957 190 3041 dei
217 2967 358 3072 gracia
387 2991 458 3045 rex
486 2992 686 3045 swcorum
714 2980 836 3075 atque
864 2965 1093 3071 gothorum.
1124 2996 1202 3074 pro
1229 2966 1357 3049 salute
1387 2995 1473 3050 mea
1502 2986 1543 3048 et
1571 2993 1750 3047 meorum
1793 2967 1924 3047 omni·

51 3129 55 3142 .
124 3097 200 3153 um.
231 3073 473 3156 donauerim
499 3077 543 3154 in
570 3092 808 3184 perpetuam
837 3077 1127 3183 possessionem
1156 3076 1350 3159 fratribus
1378 3077 1659 3178 cisterciencis
1687 3072 1851 3157 ordinis.
1880 3091 1924 3158 et

124 3208 275 3264 eorum-
293 3185 591 3268 successoribus
619 3188 663 3266 in
692 3186 821 3272 wibui
851 3185 928 3266 deo
957 3187 1237 3275 seruientibus.
1266 3206 1305 3269 et
1333 3189 1453 3295 sigilli
1483 3188 1562 3268 mei
1591 3185 1852 3295 impressione
1869 3213 1923 3268 ex

122 3295 233 3401 regia
262 3299 504 3377 auctoritate
531 3295 853 3376 confirmauerim
874 3312 1021 3405 rogatu
1049 3293 1175 3379 ducis.
1205 3299 1255 3378 G.
1286 3298 1337 3380 de
1365 3299 1560 3381 beneficio
1588 3301 1713 3406 ipsius
1741 3293 1855 3406 quod
1883 3297 1932 3378 ci.
1984 3377 1988 3382 .

122 3430 402 3488 concesseram
429 3407 473 3486 in
501 3397 722 3514 piscatione
749 3406 795 3487 in
822 3405 1099 3488 eluelmrlebui
1126 3409 1445 3492 mansiunculam
1474 3410 1670 3518 integram
1699 3434 1778 3516 que
1800 3431 1936 3491 uoca··
2071 3501 2075 3508 ,

124 3530 191 3593 tur
219 3517 296 3598 hul
327 3543 418 3598 cum
445 3516 634 3598 omnibus
661 3517 911 3627 appendiciis
932 3520 1033 3598 suis.
1094 3575 1095 3580 Ν
1583 3563 1589 3574 .

168 3655 228 3722 Eu
248 3660 360 3744 stycke
373 3652 418 3724 ‘at
433 3657 546 3745 Kongl.
569 3659 705 3744 sigillet,
732 3663 743 3724 i
763 3661 833 3746 gult
854 3660 1056 3746 vanhfiugcr
1077 3662 1117 3748 pd
1138 3685 1177 3727 eu
1196 3651 1499 3749 pergameutmemsa.
1520 3663 1612 3729 Jeml'.
1631 3663 1712 3729 Tan
1735 3677 1826 3729 anto
1846 3679 1875 3728 α.

120 4019 213 4164 67.
808 4028 1225 4173 1,167--1.199.

200 4242 597 4394 Kopiquullletqurkslmpml
625 4197 770 4314 riirande
792 4216 948 4330 ilothmu,
984 4269 1050 4317 som
1073 4247 1207 4330 meatu,
1227 4245 1288 4312 och
1308 4245 1446 4334 En'glev,
1467 4268 1533 4312 som
1553 4247 1662 4332 gifrits
1682 4245 1719 4310 af
1747 4244 1917 4332 llonumen
1955 4317 1961 4329 Ι

538 4351 582 4396 α’.
1300 4367 1309 4378 η

1563 4442 1785 4500 mmmm&

289 4580 490 4662 miurus
533 4579 598 4663 dei
639 4584 776 4692 gracia
816 4610 1018 4665 sweorum
1060 4610 1132 4664 rex
1193 4581 1407 4664 eneraliter
1434 4581 1631 4661 uniuersis
1660 4577 1712 4660 ad
1744 4602 1920 4688 quorum
2033 4643 2070 4686 ·.

113 4687 370 4772 audientiam
392 4689 468 4774 hee
496 4711 635 4774 nostra
664 4695 925 4803 peruenerint
958 4693 1097 4776 uerba.
1127 4610 1293 4802 saiutem
1318 4701 1358 4774 &
1391 4719 1538 4802 pacem.
1595 4691 1708 4771 Licet
1729 4690 1919 4771 omnibus

108 4799 329 4908 regiminis
357 4801 476 4883 nobis
505 4805 662 4887 ratione
690 4807 908 4888 commissis
924 4805 1230 4914 ‚protectionem
1259 4803 1489 4915 impendere
1524 4815 1731 4882 teneamur
1765 4807 1804 4880 &
1846 4825 1916 4886 cu·

109 4935 209 4992 ram.
273 4912 469 5021 precipue
497 4929 628 4998 tamen
657 4917 744 5002 ueri
772 4914 839 5001 dei
865 4913 1091 5022 cultoribus
1121 4917 1238 4998 ueris.
1268 4915 1430 5024 dignam
1459 4910 1652 4996 debemus
1665 4909 1917 5020 diligentiam
