4368 5950
7 395 81 442 ’Μ
198 357 270 420 ””
402 399 407 407 ’
824 429 880 446 --
1003 384 1075 488 ¹87
1185 429 1269 463 -.

144 605 271 708 162.
810 615 1245 758 terti-4220.

156 871 172 884 „
217 825 333 909 Biskop
365 829 465 892 Grais
496 830 507 890 i
540 787 714 912 Linko'ping¹
741 830 933 892 stadustetse
965 783 1005 914 pi
1037 786 1167 914 Nym.
1182 833 1309 894 klosters
1329 831 1445 913 tguude
1466 843 1526 894 rttt
1547 836 1597 897 till
1620 835 1925 924 gindensunncrliyj

266 931 331 970 som
355 912 469 994 Biskop
490 913 583 972 Grec!
603 915 649 992 sig
671 910 793 994 tillbytt
815 913 850 976 af
867 912 1001 996 Konung
1022 917 1109 977 Cart.
1129 914 1188 976 och
1211 915 1386 976 sedermera
1406 915 1513 977 stankt
1535 919 1583 978 till
1608 919 1743 982 klostret.

1565 1029 1598 1080 A.
1617 1030 1641 1080 3.
1659 1047 1684 1084 x.
1707 1048 1730 1084 r:
1752 1034 1790 1085 15.

262 1213 266 1228 ·
299 1163 350 1240 K.
380 1161 447 1242 dei
477 1160 609 1268 gracia
638 1161 880 1274 lincopensis
909 1109 1072 1243 ecclesie
1101 1161 1325 1269 episcopus.
1351 1162 1603 1272 'Dominique
1633 1165 1752 1271 Regis
1766 1168 1924 1247 cancel·
2044 1157 2047 1168 ’

126 1274 271 1354 larius.
303 1272 469 1352 Dilectis
497 1273 540 1351 in
569 1270 719 1353 christo
747 1263 838 1352 filiis
866 1291 947 1356 tam
976 1275 1147 1354 clericis·
1168 1301 1291 1381 quam
1319 1271 1443 1370 laicis
1459 1273 1748 1358 Westrahercd
1763 1277 1923 1384 inhabi7
2046 1373 2049 1382 Ι

4 1387 81 1490 ,(ᾗῖ
129 1384 312 1468 tentibus
341 1411 509 1491 presens
538 1383 732 1492 scriptum
761 1384 1022 1467 intuentibus.
1067 1384 1254 1465 'Salutem
1289 1384 1333 1460 in
1366 1410 1467 1464 uero
1501 1385 1680 1493 salutari.
1739 1388 1923 1468 Vestram

38 1515 55 1546 v
128 1495 256 1576 latere
284 1521 369 1575 non
397 1493 597 1575 credimus
627 1496 930 1576 uniuersitatem
960 1509 1122 1605 quas'et
1138 1510 1308 1603 quantas
1324 1511 1414 1576 ante
1430 1497 1787 1578 commutacionem
1801 1527 1923 1608 quam

4 1597 6 1606 ’
129 1609 311 1687 inierunt
339 1606 403 1714 pie
438 1607 638 1688 memorie.
676 1606 852 1684 Karolus
888 1607 986 1688 Rex.
1015 1625 1055 1686 ct
1084 1605 1225 1704 Girslo·
1257 1607 1483 1713 episcopus.
1515 1605 1565 1687 dc
1592 1606 1687 1686 villa
1715 1635 1795 1718 que
1823 1608 1922 1690 dici·

128 1732 197 1796 tur
228 1714 445 1814 Sunderbir
475 1715 663 1797 habuerit
691 1711 937 1798 attinentias.
968 1723 1007 1796 &
1035 1733 1191 1824 quanto
1228 1717 1421 1824 temporis
1455 1716 1669 1806 interuallo
1704 1719 1921 1802 claustrum

124 1827 354 1908 nouevallis
405 1826 566 1908 easdem
608 1829 838 1906 attinentias
880 1857 903 1907 a
946 1843 1168 1907 memorato
1203 1843 1328 1935 patre.
1386 1827 1435 1907 G.
1480 1827 1647 1910 collatis.
1697 1829 1920 1926 excoluerit

124 1964 210 2018 non
242 1955 433 2018 causatas.
463 1940 545 2018 Nos
584 1938 709 2046 igitur
750 1938 901 2018 donum
938 1932 1230 2048 predecessoris
1271 1940 1397 2020 nostri
1439 1936 1726 2018 indiminutum
1772 1941 1919 2020 confir-

123 2077 235 2130 mare
270 2048 451 2132 volentes
480 2049 732 2140 vniuersitati
761 2068 889 2131 vestre
918 2048 1195 2156 significamus.
1225 2049 1337 2158 quod
1365 2047 1531 2131 eandem
1559 2048 1693 2138 villam
1714 2079 1805 2132 cum
1833 2063 1918 2130 om‘·
1977 2093 1981 2098 ·

123 2161 250 2241 nibus
278 2160 505 2240 attinenciis
532 2161 626 2240 suis.
655 2189 756 2270 quas
783 2161 928 2242 habuit
956 2177 1136 2268 tempore
1171 2158 1342 2269 predicti
1371 2160 1507 2268 patris.
1526 2175 1765 2268 {prenotato
1807 2161 1917 2242 clau-

122 2288 210 2350 stro
239 2270 465 2351 litterarum
494 2288 725 2350 nostrarum
752 2271 980 2352 testimonio
1009 2272 1299 2350 confirmamus.
1335 2272 1591 2380 Quicumque
1614 2273 1737 2380 igitur
1751 2272 1829 2355 hoc
1843 2273 1916 2352 do·
1946 2266 1949 2272 ’

123 2409 224 2461 num
263 2379 524 2461 diminuendo
566 2409 720 2462 cassare
764 2383 1061 2489 presumpserit.
1092 2380 1229 2463 diuine
1260 2380 1491 2489 maiestatjs.
1523 2387 1562 2460 Sc
1591 2380 1742 2463 domini
1785 2384 1913 2491 Regis.

121 2511 342 2602 nostreque
370 2493 621 2573 auctoritatis
651 2492 807 2572 vicione
836 2521 877 2572 se
907 2493 1077 2572 Nouerit
1106 2489 1449 2601 perplectendum.
1479 2491 1633 2574 Valete.

889 2632 1012 2714 sigillet
1036 2633 1153 2696 saluas.

127 3001 258 3106 163.
804 2997 1237 3103 Iulii—1220.
1334 3052 1338 3060 ·

206 3223 287 3282 Bisk.
307 3203 411 3328 'Quis
434 3223 443 3281 i
466 3222 636 3302 Linliipiug
660 3221 849 3281 stadfastelsc
873 3219 910 3301 pri
932 3219 1113 3299 e'godelning
1135 3219 1248 3280 mellan
1271 3217 1557 3300 Wrigstcdskyrka
1568 3218 1627 3278 och
1643 3219 1767 3300 Nydala
1781 3219 1904 3304 lloster.
2006 3241 2009 3249 ’

1540 3333 1574 3385 Α.
1593 3332 1616 3384 ³.
1635 3351 1662 3385 x.
1686 3349 1712 3385 r:
1737 3336 1773 3400 tl.

287 3473 340 3549 Κ.
370 3468 438 3548 dei
464 3473 598 3576 gracia
629 3468 870 3575 lincopensis
899 3469 1061 3546 ecclesie
1089 3469 1248 3546 humilis
1278 3469 1451 3545 antistes.
1484 3472 1523 3543 8<
1553 3464 1714 3548 domini.
1744 3471 1776 3544 J.
1802 3471 1906 3574 regis

108 3580 393 3666 cancellarius.
424 3581 461 3659 S.
492 3579 703 3686 Sacerdotj
743 3579 793 3658 de
837 3575 1060 3685 Wrigstad.
1097 3578 1321 3684 ceterisque
1354 3577 1608 3684 parochianis
1637 3576 1813 3657 eiusdem
1842 3605 1906 3658 ee·

106 3695 237 3776 clesie
267 3693 434 3770 salutem
463 3688 867 3772 &benediccionem
930 3687 1193 3794 Vniuersitatj
1223 3704 1354 3768 uestre
1384 3704 1525 3769 notum
1548 3687 1633 3768 fore
1647 3689 1794 3769 scimus
1822 3689 1905 3768 eui·

108 3805 266 3888 denter
293 3800 406 3912 quod
436 3801 601 3881 ecclesia
623 3820 764 3882 uestra
792 3803 831 3877 81
860 3799 1045 3906 monachj
1077 3795 1301 3878 noueuallis
1337 3797 1477 3906 predia
1507 3826 1578 3876 sua
1613 3798 1906 3878 comutauerint

108 3921 156 3998 in
189 3929 326 3996 uestra
357 3913 564 4021 presencia
592 3912 667 4018 talj
695 3930 835 3991 tenore
865 3910 1103 4018 interposito
1139 3909 1250 4017 quod
1292 3909 1457 3990 ecclesia
1499 3925 1634 3988 uestra
1665 3907 1806 4019 predia
1833 3935 1903 3987 sua

103 4029 284 4110 haberet
312 4022 430 4104 simul
459 4021 676 4128 conjuncta
705 4027 745 4104 &
772 4018 912 4101 eodem
940 4021 1062 4101 modo
1090 4021 1276 4100 monachi
1311 4048 1394 4102 sua.
1423 4025 1470 4099 81*
1490 4020 1551 4099 his
1579 4035 1682 4099 esset
1711 4019 1905 4099 terminus

104 4134 365 4252 prediorum.
397 4134 547 4214 scilicet
575 4131 689 4243 quod
717 4151 888 4240 utraque
916 4130 1081 4212 ecclesia
1111 4130 1190 4236 sibj
1220 4129 1454 4212 uendicaret
1468 4128 1581 4238 quod
1597 4128 1718 4211 modo
1733 4157 1802 4208 sua
1818 4130 1904 4235 sepi
2021 4176 2026 4196 ·
2078 4104 2083 4115 ¹
2170 4113 2178 4130 ’

101 4246 446 4334 circumdederat.
476 4260 591 4324 extra
619 4270 717 4324 uero
745 4270 879 4350 sepem
908 4243 1042 4322 omnia
1071 4245 1234 4351 utrique
1263 4241 1426 4322 ecclesie
1460 4240 1648 4321 cederent
1670 4241 1712 4320 in
1727 4267 1904 4329 commu·

100 4365 296 4444 nitatem.
326 4361 410 4438 Nos
437 4383 538 4435 uero
567 4357 787 4462 predictam
816 4355 1172 4434 commutacionem
1207 4354 1389 4433 uolentes
1417 4349 1504 4430 fore
1540 4370 1677 4431 notam
1706 4356 1745 4430 &
1774 4367 1904 4430 ratam

98 4493 197 4554 tam
231 4471 398 4578 posteris
432 4495 555 4575 quam
598 4465 851 4574 presentibus
894 4465 1118 4550 litterarum
1161 4478 1389 4544 nostrarum
1429 4463 1685 4542 attestacione
1715 4467 1755 4542 &
1782 4459 1903 4568 sigillj
1949 4518 1953 4526 =
2073 4559 2076 4580 Ι
2166 4475 2173 4488 ’

99 4584 337 4666 munimine
364 4579 645 4659 confirmantes
672 4595 910 4658 eternemus.

339 4721 386 4785 rt
403 4717 579 4782 frdnsidant
597 4715 770 4804 vrixatcpa.
1024 4780 1029 4789 ,

575 4835 698 4916 sigillet
719 4834 759 4921 pd
780 4842 1091 4918 pergamenuremm,
1117 4829 1158 4893 Sc
1178 4829 1258 4892 Tab.
1278 4827 1307 4890 3.
1328 4842 1378 4890 nto
1400 4827 1430 4902 4.
1478 4841 1481 4848 “
