4398 5958
119 970 140 1016 ,Ι
201 905 283 972 lion.
305 907 436 972 utimur
458 907 498 970 lta
517 907 692 992 Mullum
708 909 760 975 ntt
781 907 1007 986 mutuant·
1026 907 1562 1000 intimuitfflprotmrlffla
1579 906 1731 994 butun
1740 911 1913 998 uffilder.

543 1048 549 1054 ·
1624 1022 1656 1082 B.
1672 1025 1781 1085 alsait.

629 1161 841 1240 Institutio
860 1165 1111 1277 prepositure
1139 1167 1181 1244 iu
1207 1161 1404 1244 atturtdiu
1668 1149 1671 1159 ’

216 1291 219 1298 ’
284 1301 458 1383 Missos
487 1299 553 1382 dei
579 1302 715 1409 grauia
743 1328 817 1381 rex
858 1329 1061 1385 sweorum
1095 1303 1293 1386 vniuersis
1324 1301 1559 1386 Attundiatn
1593 1296 1915 1395 inhabitantibus

119 1411 296 1523 graciam
324 1439 416 1493 oum
444 1412 573 1494 salute
601 1412 707 1516 Quia
735 1412 947 1494 nobiseum
975 1430 1099 1523 prout
1127 1417 1170 1496 in
1197 1415 1285 1496 aliis
1312 1415 1429 1524 regni
1456 1414 1584 1494 nostri
1611 1415 1729 1496 terris
1754 1413 1914 1509 diuum

120 1523 346 1610 iuoleuerat
373 1525 669 1633 preposituram
690 1525 881 1605 constitui
909 1523 1122 1622 faciemus,
1153 1524 1382 1608 mandamus
1409 1524 1576 1606 firmiter
1588 1525 1786 1608 uniuersis
1800 1549 1914 1636 ,quta-
2051 1559 2053 1562 ·

123 1637 232 1734 tinus
261 1634 511 1716 instituendo
537 1634 653 1715 vobis
682 1637 906 1742 preposito·
927 1637 1092 1718 soluatis
1135 1636 1343 1734 beniuole,
1380 1650 1578 1745 quantum
1619 1636 1914 1737 inhabitatores

120 1763 319 1828 terrarum
348 1744 566 1829 confinium
594 1745 786 1828 exhibere
813 1765 1109 1830 consueuerant
1136 1748 1345 1832 annuaIIm
1374 1760 1496 1856 prout
1524 1746 1700 1853 graciam
1733 1765 1914 1832 nostram

123 1854 291 1966 diligitis
333 1856 584 1938 inoffensam.
640 1858 789 1936 Datum
815 1858 1093 1952 inostraarus
1120 1884 1229 1944 anno
1271 1857 1426 1942 domini
1468 1856 1678 1946 MillesImo
1718 1857 1915 1942 cem

117 1984 268 2050 octauo
294 1965 342 2076 jn
368 1986 515 2050 octaua
543 1967 834 2050 innocencium.
939 2011 947 2030 ι

119 2355 255 2464 638.
758 2359 907 2500 1278
955 2357 1003 2463 d·
1054 2360 1280 2464 anlon.
1690 2339 1911 2468 Orebro

199 2573 282 2639 Xon.
303 2577 435 2640 Manum
456 2576 496 2638 Its
516 2574 668 2638 salubres
682 2520 723 2660 pb
745 2587 788 2640 att
807 2571 1066 2642 Krnuohemmau
1087 2581 1097 2639 i
1118 2577 1335 2642 Gultabmuna
1355 2576 1404 2640 till
1425 2575 1601 2639 Eskilstnua
1620 2575 1746 2640 kloster.

1198 2697 1202 2704 ·
1567 2689 1603 2746 Λ.
1624 2690 1650 2747 3.
1667 2691 1687 2746 l.
1707 2707 1731 2746 it
1751 2707 1777 2748 a.

284 2825 494 2906 Vniuersis
522 2823 661 2906 christi
691 2824 876 2907 lidelibus
906 2793 1111 2936 presentes
1132 2828 1304 2909 Litteras
1332 2825 1606 2935 jntelleoturis.
1634 2823 1805 2934 Magnus
1834 2829 1910 2908 Dei
1976 2873 1980 2880 -

115 2935 255 3048 gracia
284 2934 370 3017 Rex
398 2927 597 3015 sueorum.
626 2937 795 3016 salutem
823 2939 961 3018 christi
991 2938 1176 3020 fidelibus
1204 2939 1495 3047 repromissam.
1568 2938 1772 3037 Quoniam
1813 2964 1910 3046 pro·

120 3065 210 3156 pter
238 3047 319 3128 vite
346 3045 501 3155 fragilis
531 3045 787 3127 breuitatem·
808 3047 1097 3161 hominumque
1128 3048 1287 3131 labilem
1301 3047 1541 3141 memoriam,
1570 3071 1651 3156 que
1679 3037 1938 3128 racionabi·'
2008 3137 2012 3144 ¹

117 3161 211 3241 liter
236 3175 327 3238 acta
355 3175 461 3251 sunt,
491 3184 682 3266 processu
713 3161 904 3266 temporis
934 3159 1168 3272 frequenter
1197 3159 1241 3268 jn
1271 3157 1440 3241 dubium
1475 3168 1731 3254 reuocantur,
1759 3155 1836 3237 nisi
1862 3151 1910 3266 jn

117 3270 278 3378 scriptis
306 3265 484 3363 redacta,
512 3269 736 3348 litterarum
769 3271 985 3353 uiuacitate
1014 3300 1060 3352 ac
1088 3272 1318 3352 testimonio
1353 3269 1505 3349 fuerint
1547 3283 1782 3376 perennata,
1824 3265 1908 3349 Nos

117 3383 261 3462 barum
277 3382 378 3459 serie
398 3376 450 3459 ad
470 3379 701 3487 pupplicam
731 3396 814 3458 tam
829 3399 1082 3489 posterorum
1111 3410 1230 3492 quam
1246 3381 1494 3489 presencium
1511 3375 1754 3486 proferimus
1770 3377 1907 3460 notio·
2025 3477 2027 3480 Ι
2064 3435 2072 3442 -

91 3521 209 3571 nem
239 3486 364 3593 Quod
408 3517 482 3569 nos
523 3505 683 3569 terram.
728 3491 837 3570 XVI.
874 3492 1094 3573 solidorum
1123 3493 1169 3599 jn
1197 3491 1533 3574 Gultubrunnum
1573 3516 1653 3598 que
1699 3487 1763 3572 ad.
1788 3513 1905 3571 noro·

115 3631 210 3683 nam
254 3598 482 3710 pertinebat
524 3626 614 3708 pro*
650 3603 753 3682 iusto
795 3604 935 3710 precio
962 3603 1161 3684 videlieet.
1225 3603 1391 3683 XXXII.
1440 3599 1584 3680 marcis
1631 3599 1778 3681 usualis
1820 3625 1905 3680 mo-

1 3798 8 3817 „
116 3730 210 3794 nete
253 3727 388 3792 sancte
431 3710 569 3792 domui
612 3709 818 3818 hospitalis
876 3713 985 3794 beati
1037 3712 1230 3794 iohannis
1258 3713 1433 3822 baptiste
1461 3711 1503 3820 jn
1532 3697 1808 3791 aeskilstunum
1844 3709 1904 3791 di·
1935 3805 1938 3817 1

32 3883 38 3890 -
116 3826 294 3906 misimus
332 3836 531 3930 perpetuo
561 3819 855 3931 possidendam,
894 3822 1190 3905 Transferendo
1218 3823 1264 3932 jn
1292 3822 1469 3910 eiusdem
1497 3817 1639 3903 domus
1669 3819 1810 3902 fratres
1831 3817 1904 3900 do-

115 3937 283 4016 minium
308 3949 349 4013 et
387 3934 543 4040 plenam
572 3935 861 4040 proprietatem
891 3933 1043 4015 dictum
1074 3933 1257 4042 predium
1286 3927 1469 4044 regendi,¹
1500 3930 1691 4028 donandi
1722 3927 1905 4012 uenden-

112 4047 169 4142 di
199 4043 418 4153 obligandi,
448 4046 532 4152 siue
561 4039 1171 4156 quocumquemddovoluerint
1198 4043 1415 4126 ordinandi
1449 4066 1524 4153 pro
1559 4043 1738 4150 ipsorum
1773 4030 1904 4123 ¹libito
2045 4124 2049 4132 ,

115 4157 357 4249 uoluntatis,
386 4154 542 4236 sublata
590 4155 706 4234 nobis
732 4170 776 4235 et
803 4159 952 4236 nostris
999 4146 1620 4241 suecessorib'us‘omnifacultate
1640 4151 1902 4260 sepedictum

117 4269 302 4377 predium
331 4266 468 4373 aliquo
496 4265 661 4372 jngenio
677 4266 894 4374 repetendi.
926 4267 1031 4370 Quia
1049 4295 1123 4374 pro
1139 4283 1251 4348 tanto
1265 4265 1496 4348 curabimus
1509 4260 1738 4343 omnimode
1753 4289 1904 4343 corone
2015 4313 2018 4318 -

114 4379 275 4488 plenam
298 4375 614 4459 satisfaccionem
643 4376 726 4457 lieri
756 4384 796 4458 ἃ
830 4376 1083 4486 uondignam.
1115 4377 1372 4484 Quicumque
1409 4375 1531 4483 igitur
1580 4371 1687 4453 hane
1730 4373 1904 4454 solario·

113 4515 206 4570 nem
235 4487 318 4568 siue
346 4489 702 4573 commutacionem
732 4485 964 4596 infringere
980 4488 1046 4568 uel
1068 4513 1260 4568 reuocare
1287 4481 1605 4593 attemptauerit‚
1632 4499 1790 4590 partem
1809 4511 1901 4566 eum

108 4598 269 4682 dathan
296 4601 334 4676 &
361 4597 519 4695 abiron
561 4626 603 4678 se
645 4601 808 4681 nouerit
849 4600 1084 4687 habiturum
1131 4595 1196 4677 Ad
1224 4595 1343 4676 huius
1384 4596 1509 4703 igitur
1550 4593 1609 4672 rei
1650 4593 1901 4675 euidentiam

117 4711 338 4818 pleniorem
367 4723 572 4814 presentes
601 4709 754 4800 litteras
782 4708 1252 4818 pleniusaueturouimus
1279 4733 1353 4815 per
1367 4704 1652 4814 appensionem
1666 4704 1901 4812 siggiIIInu·
2035 4793 2041 4802 ¹

114 4822 257 4904 stri&
285 4818 500 4904 munimen.
551 4817 698 4904 Datum
725 4819 770 4928 jn
797 4819 947 4911 erebro
972 4844 1084 4901 antro
1125 4815 1289 4924 domini.
1345 4811 1663 4897 M⁰.C⁰C⁰.LXX.
1693 4813 1823 4896 Vlll⁰.
1850 4815 1901 4892 lu
2076 4883 2080 4894 .

112 4933 181 5020 dir.
212 4927 411 5036 viucenoij
438 4926 622 5010 Martiris.
724 4929 726 4936 '
1011 5029 1014 5036 ἱ
1286 4926 1290 4934 ’
1954 4953 1957 4960 ·

225 5099 231 5110 ·
360 5067 473 5152 Xougl.
492 5065 616 5150 ¹sigillet
636 5071 647 5144 j
668 5071 759 5151 gru'ut
780 5089 846 5148 vax,
868 5070 961 5152 nigor
982 5067 1121 5154 skudndt,
1143 5067 1311 5151 vidhtnger
1332 5069 1342 5130 i
1361 5065 1437 5131 rdda
1457 5063 1662 5134 silkemtdu.

559 5203 565 5238 l
