4382 5964
811 507 1225 590 ...6οι-

52 831 55 836 ,
138 763 144 772 ·
191 715 217 752 ⁵
293 732 456 816 Summa
484 727 738 814 Summarum
765 724 1019 810 marcharum
1046 728 1204 841 argenti
1230 752 1324 840 qua
1344 737 1428 840 ‘pro
1455 704 1574 812 dictis
1594 729 1768 817 marchis
1795 707 1919 819 dena·

125 847 281 944 riorum
309 859 350 925 et
377 841 537 956 argenti
562 855 648 924 tam
678 839 828 923 Suetiae
854 851 976 949 quam
1018 842 1163 926 Dactae
1204 839 1353 937 h'abitee
1381 854 1476 924 sunt
1503 839 1606 924 vrff.
1635 843 1718 927 VC.
1759 847 1918 951 XXXII

124 956 317 1051 marchae,
345 963 414 1036 sex
442 952 573 1036 unciae
599 967 641 1034 et
668 977 698 1032 s.
758 966 797 1030 rt
824 951 983 1060 argenti
1010 948 1063 1033 ad
1123 949 1256 1033 ondus
1272 954 1430 1036 Truces.
1458 953 1501 1033 in
1523 956 1732 1055 universo,
1760 956 1812 1039 de
1826 959 1919 1069 qui·

123 1065 202 1148 bus
232 1060 579 1177 superintendens
604 979 789 1144 vendidit
817 1065 988 1145 Parisiis
1015 978 1121 1143 IIICII
1148 1061 1264 1143 LXII
1279 1062 1459 1145 marchas
1473 1069 1632 1174 argenti
1646 1095 1724 1177 pro
1753 1062 1918 1154 V11110.

122 1175 198 1256 LV
226 1176 318 1260 libr.
347 1176 503 1256 Turon.
531 1192 763 1285 computata
792 1173 974 1283 qualibet
999 1173 1161 1262 marcha
1190 1199 1268 1283 pro
1293 1172 1388 1254 LIII
1401 1171 1441 1256 fl.
1455 1191 1496 1256 et
1509 1178 1566 1258 IV
1579 1177 1757 1262 denarIIs
1771 1183 1811 1263 Τ
1806 1209 1917 1266 aron.

238 1373 245 1386 ,
291 1289 395 1370 Item
421 1280 565 1369 xlvfl.
592 1287 638 1368 C.
666 1283 937 1365 LXXXXVII
965 1280 1057 1364 libr.
1087 1297 1128 1364 et
1155 1284 1236 1366 XII
1261 1281 1302 1366 fl.
1329 1286 1370 1366 T
1364 1313 1475 1368 uror.

2 1491 14 1514 ,
93 1401 96 1408 ’
274 1400 390 1479 ‘Item
418 1395 568 1479 habitae
594 1410 688 1480 sunt
716 1394 768 1478 de
796 1397 842 1478 C.
874 1395 1066 1476 LXXVII
1098 1394 1270 1479 marchis
1310 1392 1571 1499 denariorum
1598 1398 1651 1483 de
1678 1404 1772 1484 Iino
1799 1417 1840 1485 et
1868 1404 1919 1488 de
2058 1471 2061 1478 .

124 1511 263 1592 Docr'o
288 1509 334 1591 C.
363 1509 455 1590 XX.
484 1507 576 1591 libr.
606 1510 754 1592 Toron.

137 1703 141 1716 ,
209 1646 212 1658 ·
291 1621 393 1701 Item
420 1619 575 1701 LXXV
603 1617 694 1700 libr.
722 1619 764 1702 T
758 1644 871 1701 aron.
890 1613 941 1698 de
958 1616 1088 1701 tribus
1104 1615 1278 1700 marchis
1291 1635 1333 1700 et
1344 1616 1445 1700 XIV
1459 1611 1575 1703 Sterl.
1591 1619 1642 1702 de
1656 1627 1758 1704 auio
1773 1624 1917 1708 Daciae.
1949 1677 1968 1704 ·.

289 1732 392 1812 nem
421 1726 568 1824 vanc
603 1728 717 1810 va
743 1729 832 1811 libr.
860 1730 1009 1810 Toron.
1039 1727 1090 1810 de
1128 1727 1616 1838 predictiscco.Lxl1
1656 1734 1827 1816 marens
1854 1764 1918 1818 as
1960 1717 1981 1726 ”
2084 1803 2086 1810 ,

119 1843 236 1953 genti
264 1840 317 1925 ad
346 1839 508 1972 pondus
537 1841 704 1923 Trecen.
735 1831 908 1922 venditis
937 1855 1061 1947 prout
1088 1855 1211 1948 supra
1240 1841 1490 2007 suprimimr.
1545 1844 1708 1926 Summa
1736 1847 1918 1928 marcha·

119 1981 215 2036 rum
244 1968 404 2062 argenta
430 1951 482 2036 ad
510 1949 672 2062 pondus
700 1950 866 2034 Trecen.
896 1977 989 2062 quae
1015 1965 1174 2033 exstant
1202 1951 1260 2036 VI
1294 2012 1306 2035 .
1333 1952 1481 2034 CLXX
1509 1953 1682 2037 marchae
1709 1953 1768 2037 VI
1789 1961 1918 2042 unciae
1968 1977 1971 1990 '

55 2115 60 2122 -
120 2067 390 2258 lqumltem
419 2175 589 2308 Summa¹
605 2173 788 2258 ‘omnium
818 2172 971 2287 Tmou.
1001 2169 1287 2294 predictorum
1315 2164 1656 2282 XVIICCCLVII
1672 2175 1763 2261 libr.
1779 2193 1820 2263 et
1839 2179 1918 2263 XII

117 2290 274 2371 Tmou·
292 2397 354 2480 De
382 2400 543 2482 Summa
570 2395 824 2482 marcharum
852 2393 1112 2480 denariorum
1140 2415 1396 2510 receptorum
1424 2371 1475 2483 ex
1503 2395 1658 2482 decima
1685 2402 1829 2487 Daciae
1856 2433 1920 2488 re·

118 2527 291 2594 manent
319 2510 469 2593 ibidem
497 2517 540 2592 in
567 2509 753 2620 deposito
781 2513 824 2592 in
853 2506 1022 2591 diuersis
1036 2508 1135 2592 locis
1164 2537 1286 2620 penes
1314 2510 1550 2595 collectores
1578 2529 1619 2594 et
1647 2514 1826 2623 capitula
1854 2544 1944 2600 ec··
1974 2591 1978 2598 .
2048 2517 2053 2530 ’

115 2619 337 2704 elesiarum
366 2623 496 2732 Re'gni
523 2624 668 2704 Dacica
697 2617 779 2704 11⁵¹.
808 2615 909 2703 VIC.
937 2622 1055 2701 VIIII
1084 2619 1256 2704 marchen
1284 2619 1543 2706 denariorum
1572 2650 1829 2735 cupreorum.
1955 2671 1960 2682 ·

290 2734 392 2816 Item
419 2732 472 2815 de
499 2737 670 2844 argento
698 2749 906 2814 remanent
932 2729 1083 2813 ibidem
1113 2734 1156 2815 in
1177 2732 1363 2843 deposito
1392 2735 1437 2817 C.
1467 2733 1720 2817 LXXXXVI
1749 2739 1919 2822 marchae

111 2846 285 2953 argenti
312 2848 354 2928 in
375 2843 557 2954 pondere
573 2847 736 2942 Dorice,
769 2859 893 2958 prout
907 2843 991 2940 hac
1005 2859 1194 2926 constant
1207 2873 1282 2962 per
1295 2845 1479 2954 publicas
1493 2845 1629 2928 literas
1643 2847 1916 2932 Praeletoruin.
2016 2879 2021 2888 ’

142 2997 147 3006 ·
292 2956 461 3039 Summa
482 2957 736 3038 Summarum
764 2957 946 3036 omnium
973 2953 1261 3063 praedictorum
1295 2955 1542 3053 solutorum,
1583 2983 1851 3066 expensarum
1878 2978 1920 3043 et

112 3067 400 3176 depositorum
428 3064 528 3148 Vlfl.
558 3069 637 3149 CC.
667 3067 839 3148 marchae
866 3081 908 3148 et
936 3066 986 3148 V.
1016 3068 1145 3149 unciae
1171 3069 1330 3178 argenti
1358 3065 1411 3150 ad
1438 3064 1601 3178 pondus
1629 3071 1787 3152 Trecen.
1975 3068 1979 3084 ⁸

271 3181 393 3260 'Item
420 3174 560 3260 xrvss.
589 3175 732 3259 vlssss.
761 3178 940 3259 XXXIV
968 3177 1059 3258 libr.
1088 3197 1130 3260 et
1156 3178 1275 3260 VIIII
1302 3175 1343 3260 lt
1374 3181 1522 3263 Toron.

290 3289 414 3371 Facta
445 3291 773 3400 compensatione
800 3289 1044 3387 solutorum,
1082 3315 1349 3399 expensarum
1377 3305 1417 3372 et
1447 3287 1725 3400 depositorum
1760 3297 1918 3404 argenti

115 3401 171 3485 ad
205 3401 408 3484 Summam
435 3429 526 3482 rece
556 3415 692 3496 torum
722 3395 900 3500 constat,
928 3398 1042 3531 quod
1070 3397 1249 3482 ostendit
1283 3400 1376 3509 plus
1418 3401 1655 3530 expendisse
1683 3417 1723 3483 et
1752 3405 1918 3488 soluisse

115 3529 160 3596 et
192 3509 425 3622 deposuisse
453 3511 531 3594 XX
600 3511 783 3595 marchas
810 3513 850 3592 V
875 3537 1013 3594 unctas
1041 3527 1082 3610 et
1109 3511 1229 3594 XVII
1257 3511 1375 3602 Sterl.
1403 3539 1476 3624 qur
1504 3495 1659 3596 valent'
1682 3511 1736 3596 ad
1753 3513 1920 3600 Turon.
1950 3603 1952 3608 ,

114 3623 239 3707 LXX
266 3623 356 3706 libr.
388 3623 469 3703 XV
497 3622 538 3706 fl.
565 3639 606 3704 et
634 3624 693 3704 III
721 3621 911 3720 denarios
939 3622 1093 3722 Turon.

291 3736 353 3816 Ita
381 3732 489 3818 facta
515 3737 842 3843 compensatione
870 3732 921 3815 de
949 3732 1104 3813 I'uron.
1133 3734 1304 3844 receptis
1331 3731 1386 3817 ad
1413 3733 1617 3816 Summam
1651 3760 1918 3844 expensarum
2053 3721 2056 3726 ’

89 3863 162 3930 'et
192 3843 470 4040 depositorum
498 3861 652 3928 restant
677 3839 760 3928 VS.
789 3845 941 3926 XXIII.
968 3842 1061 3926 libr.
1090 3860 1131 3927 et
1158 3844 1219 3925 ΙΙΙ
1246 3842 1469 3958 flsruron.
1498 3871 1601 3954 quos
1615 3843 1737 3930 debet
1766 3847 1918 3956 Super·

116 3959 237 4040 inten
268 3985 350 4040 ens.
1453 3973 1455 3978 ’
1759 3969 1797 4006 ”

37 4125 39 4130 .
120 4083 139 4180 J
291 4071 344 4157 Et
370 4070 427 4150 sic
454 4065 577 4166 debet
601 4064 743 4166 adhuc
767 4067 971 4176 assignare
999 4064 1346 4177 Superintendmm
1374 4060 1500 4164 1111c.
1529 4063 1616 4149 LII
1644 4063 1739 4148 libr.
1768 4065 1847 4150 VII
1875 4067 1915 4152 u.

114 4197 163 4262 et
192 4179 289 4262 VIII
317 4177 502 4262 denarios
531 4177 684 4262 Turnn.
1055 4185 1059 4192 '
1448 4188 1451 4196 '
1880 4275 1884 4284 ⁴
1959 4255 1962 4264 .

289 4291 486 4372 Dominus
518 4291 855 4400 hrebiepiscopus
883 4287 983 4379 dicit
1009 4315 1051 4370 se
1080 4315 1241 4396 vacasse
1269 4285 1405 4372 ollicio
1433 4288 1626 4370 continue
1653 4315 1729 4398 per
1743 4289 1826 4372 VII
1848 4317 1920 4374 an·

87 4425 199 4511 'nos
225 4417 266 4496 et
292 4401 391 4482 VIII
419 4427 592 4500 menses,
622 4399 852 4512 dequibus
880 4427 964 4482 non
992 4400 1094 4510 petit
1124 4423 1319 4508 expensas
1346 4399 1424 4478 nisi
1451 4423 1529 4516 pro
1550 4398 1629 4479 VII
1643 4401 1779 4498 annis,
1807 4399 1920 4498 dicit,

112 4508 238 4620 quod
265 4511 434 4620 siugulis
461 4509 623 4610 diebus·
645 4511 799 4612 inerint
826 4511 904 4593 sibi
937 4511 1116 4593 concessi
1165 4536 1240 4618 per
1288 4507 1444 4592 litteras
1485 4513 1518 4591 A
1552 4509 1740 4594 catolicae
1783 4512 1843 4594 Ill
1876 4511 1918 4594 fl.
1958 4573 1962 4582 .
2004 4541 2009 4549 ·

113 4618 241 4704 Sterl.
270 4647 354 4730 pro¹
376 4625 561 4730 expensis
587 4626 689 4721 anis,
731 4647 824 4735 que
864 4621 1089 4706 ascendunt
1120 4642 1204 4729 ¹per
1232 4643 1382 4704 mcum
1411 4620 1502 4702 ¹LII
1569 4620 1659 4705 libr.
1686 4637 1728 4704 et
1770 4621 1850 4702 XV
1877 4619 1918 4705 fl.

112 4731 323 4842 Sterling3
351 4757 450 4838 ergo
478 4747 630 4841 septem
659 4738 776 4836 anpis
802 4730 984 4838 gscepdit
1010 4757 1163 4814 summa
1191 4754 1457 4846 expensarum
1485 4728 1539 4832 ad
1566 4732 1677 4814 CCC.
1703 4732 1920 4854 LXXXIV
2068 4777 2073 4782 ·

115 4841 216 4940 libr,
245 4843 287 4925 'et
315 4842 354 4933 V
383 4839 533 4923 solidos
562 4841 875 4957 sterlingorum,
901 4840 1145 4955 computatis
1171 4842 1305 4924 tribus
1331 4841 1470 4923 solidis
1549 4853 1571 4921 'r
1598 4840 1715 4930 diem

288 4952 382 5062 Ipse
409 4975 508 5033 sero
534 4953 689 5064 recepit
715 4959 792 5062 pr'o
822 4959 1006 5062 err-pensis
1040 4953 1121 5037 suis
1149 4948 1252 5036 111³.
1281 4947 1425 5035 v1110.
1535 4951 1594 5034 IV
1634 4955 1823 5038 marchas
1851 4953 1921 5038 de·
1980 4939 1990 4960 ³
2119 4991 2122 5004 v

115 5064 332 5148 uariorum
373 5088 636 5173 capreorum,
680 5091 773 5188 quae
816 5064 953 5162 velent
980 5065 1032 5167 sd
1074 5079 1285 5182 argentum
1327 5063 1371 5145 in
1412 5064 1591 5176 pondere
1621 5067 1770 5251 Degia
1796 5059 1918 5148 v110.

255 5205 305 5276 thr
320 5205 447 5276 ,Diria
687 5267 690 5274 Δ
735 5215 739 5220 ·
1669 5197 1690 5282 7
1847 5249 1850 5255 .
