4368 5950
815 409 892 472 ··-.=.
1003 392 1082 514 137
1178 429 1252 478 ··-·-·-

112 709 114 714 ,
152 609 581 734 subsequente''diriua
607 609 747 735 gratia
765 609 842 706 niti
870 627 1010 730 animis
1039 625 1161 711 debet
1189 609 1490 725 adveniamet
1502 625 1678 711 remedia
1698 643 1857 740 semper
1876 627 1939 714 in·

135 731 335 842 inuuere,-
350 732 507 844 vquibus
529 735 745 817 ‘irruentes
779 737 1009 844 occasiones
1050 739 1192 820 mortis
1233 735 1367 821 valeat
1408 737 1653 822 declinare:
1676 741 1786 823 ¹Cum
1814 743 1940 850 igitur

152 845 303 926 Sancte-¹
321 833 612 928 recordationis
631 847 708 930 W.
737 849 890 930 notum
918 847 1085 931 Domini
1099 847 1381 931 Comanorem·
1410 850 1453 929 in
1481 829 1657 932 Ecclesia
1673 849 1812 935 Sancti
1823 853 1863 934 T
1864 851 1939 937 ho-

152 983 211 1037 me
239 955 291 1038 de
317 952 531 1063 paraclito,
558 959 674 1038 cuius
700 957 838 1041 Abbas
866 958 1002 1039 fuerat
1028 961 1300 1071 quiescentem
1328 960 1457 1058 nobis,
1486 971 1528 1040 et
1569 961 1762 1046 fratribus
1790 965 1939 1048 nostris

153 1065 199 1150 de
226 1067 354 1176 ipsius
381 1067 463 1146 vite
491 1065 755 1167 beatitudine,
783 1097 829 1151 ac
844 1070 1131 1154 miraculorum
1160 1071 1343 1182 insigniis
1371 1071 1476 1152 facta
1490 1069 1568 1152 fide
1598 1071 1648 1154 de
1663 1072 1844 1182 ipsorum
1858 1074 1940 1156 fra·

152 1194 257 1259 trum
285 1175 475 1275 consilio,
502 1190 545 1257 et
571 1178 793 1262 multorum
820 1181 1072 1264 Prelatorum
1102 1180 1212 1292 apud
1241 1179 1385 1262 Sedem
1413 1182 1687 1291 Apostolieam
1720 1187 1940 1268 consisten-

153 1293 248 1371 tium
271 1284 598 1391 ,canonizandum
630 1288 880 1393 duxerimus,
907 1308 949 1374 et
977 1294 1219 1394 Sanctorum
1240 1292 1465 1402 Cathalogo
1480 1294 1781 1392 ascribendum,
1809 1315 1939 1378 utro-

153 1400 213 1482 bis
239 1399 367 1492 iltius,
395 1415 437 1479 et
464 1396 637 1481 aliorum
665 1402 904 1486 Sanctorum
933 1405 990 1487 sit
1012 1399 1285 1515 patrocinium
1313 1420 1573 1514 oportunum.
1627 1406 1941 1489 Vniversitatcm
2064 1459 2076 1472 ·

151 1523 324 1596 vestram
351 1523 575 1614 monemus,
604 1529 645 1593 ct
671 1511 882 1606 hortamur
910 1528 1081 1613 attente,
1109 1531 1325 1626 ¹quatenus.
1366 1515 1658 1598 interveniente
1701 1516 1940 1600 Confessore

150 1621 333 1734 predicto
361 1647 436 1730 per
462 1647 583 1731 quem
598 1621 748 1732 leprosi
767 1623 1034 1722 mundantur,
1063 1643 1258 1708 sanantur
1277 1628 1430 1734 egroti,
1460 1625 1685 1708 liberantur
1701 1624 1939 1727 demoniaci,

125 1736 386 1842 -aperiuntur
420 1730 560 1841 lingue
589 1751 812 1832 mutorum,
842 1733 1004 1847 quidam
1034 1752 1130 1817 sunt
1157 1736 1310 1817 mortui
1338 1737 1518 1818 suscitati
1539 1736 1760 1847 propitium
1789 1737 1941 1822 habere
2021 1794 2024 1800 ,

149 1845 276 1928 Deum
304 1844 377 1954 qui
405 1858 468 1925 tot
495 1859 537 1924 et
554 1857 679 1926 'mum
707 1847 941 1956 peripsum
970 1845 1161 1955 dignatur
1197 1847 1359 1956 operari
1393 1846 1555 1956 possitis
1591 1846 1736 1930 devote
1764 1847 1817 1929 ad
1845 1875 1941 1931 ean·
2021 1857 2026 1868 '

9 1981 17 1988 ·
122 1953 238 2038 'dem
279 1954 496 2036 Ecclesiam
537 1953 663 2064 ipsius
704 1955 955 2039 confessoris
996 1957 1252 2067 imploraturi
1299 1958 1523 2041 subsidium
1571 1958 1778 2040 accedatis,
1857 1961 1942 2042 Nos

148 2053 253 2148 enim
281 2065 333 2148 de
361 2065 651 2175 ommpotentis
679 2067 763 2147 Dei·
783 2069 1074 2167 misericordia,
1102 2083 1144 2150 et
1172 2070 1385 2153 beatorum
1415 2069 1525 2149 Petri
1547 2076 1595 2149 et
1621 2069 1735 2150 Pauli
1764 2073 1941 2180 Aposto-

150 2175 282 2260 lorum
309 2177 394 2260 eius
419 2177 664 2259 auctoritate
696 2177 837 2262 confisi
867 2179 1054 2270 omuibus
1081 2179 1228 2264 devote
1256 2206 1334 2291 pro
1367 2177 1550 2278 eiusdem
1579 2183 1803 2276 reverentia
1831 2183 1940 2265 Con·

149 2287 306 2372 sessoris
335 2285 454 2369 adie
479 2285 794 2396 sollempnitatis
822 2317 893 2370 sue
922 2317 1052 2401 usque
1080 2288 1133 2372 ad
1160 2309 1347 2374 octavum
1374 2292 1501 2400 ipsius
1536 2288 1587 2371 ad
1623 2290 1772 2374 dietam
1801 2293 1941 2374 Eccle-

147 2403 244 2510 siam
272 2395 557 2484 accedentibus
584 2395 855 2511 quadraginta
882 2400 967 2483 dies
996 2400 1047 2483 de
1074 2401 1256 2484 iniuncta
1298 2402 1375 2485 sibi
1410 2403 1631 2511 penitentia¹
1649 2431 1653 2438 ·
1669 2402 1939 2488 misericordi·

149 2528 213 2596 ter
238 2511 473 2614 relaxamus.
493 2510 652 2612 ⁸Datum
683 2510 873 2596 Laterani
901 2512 996 2616 IIII.
1023 2509 1197 2596 Kalend.
1227 2513 1345 2597 Febr.
1374 2515 1496 2596 Auno
1526 2514 1695 2597 Octavo.

154 2909 285 3012 225.
578 3049 582 3060 ι
769 2881 1330 3038 racddtoFebr.
1560 2875 1574 3048 ’-
1670 2878 1939 3052 ‘Laterum

230 3125 322 3190 perv.
350 3105 512 3201 floremus
543 3126 612 3190 lllts
632 3127 806 3213 befallning
824 3131 873 3192 till
896 3130 1046 3214 Biskopen
1068 3133 1078 3193 i
1101 3129 1200 3193 Slara
1220 3131 1279 3192 och
1300 3127 1550 3210 irie-Rislopen
1571 3128 1583 3190 i
1604 3129 1693 3192 Lund
1712 3141 1760 3196 att
1776 3098 1873 3215 enligt
1884 3132 1938 3197 det

281 3209 397 3272 sledda
417 3212 502 3274 valet
522 3212 632 3274 imttta
652 3213 735 3276 Bisk.
755 3213 842 3278 Ocor
863 3213 934 3276 iren
955 3215 1119 3298 Strengnts
1141 3213 1191 3277 till
1214 3209 1426 3297 brie-Bistop
1449 3214 1460 3272 i
1483 3210 1612 3296 Upsala.

1631 3323 1667 3378 tt.
1689 3341 1705 3378 e
1733 3327 1789 3399 ¹24

281 3461 503 3588 ¹Honorius
529 3465 649 3576 Papo
676 3465 838 3548 Tertius
865 3463 1060 3577 Episcopo
1090 3462 1279 3550 Scaeas·
1304 3460 1410 3546 Et..
1427 3460 1565 3578 Electa
1594 3461 1806 3542 Lunensi.

314 3605 586 3688 Intelleximus
613 3605 727 3718 quod
754 3605 970 3716 Vpsalensi
998 3607 1175 3690 Ecclesia
1203 3606 1359 3689 dudum
1381 3605 1547 3687 viduata
1561 3622 1723 3714 pastore
1738 3606 1880 3686 Clerus
1901 3611 1942 3688 ἃ
1987 3695 1995 3704 ,
2068 3637 2073 3642 ·

1 3801 7 3808 ,
55 3699 60 3704 ’
142 3713 327 3828 Populus
355 3717 587 3800 Vbsa'lensis
613 3715 808 3830 praedicta
835 3717 1013 3799 Ecclesia
1027 3719 1257 3828 Capitulum
1272 3743 1357 3800 non
1376 3715 1548 3798 habente
1563 3715 1942 3800 sibiVenerabilem

141 3829 331 3913 Fratrem
357 3846 548 3922 nostrum⁴
641 3820 901 3936 'Stragensem
929 3831 1175 3939 Episcopum
1189 3832 1232 3911 in
1247 3831 1486 3910 executione
1498 3829 1740 3909 Pontificalis
1754 3827 1877 3935 officij
1896 3846 1943 3911 vt

143 3939 298 4024 dicitur
328 3937 622 4049 approbatum,
651 3941 716 4021 cui
744 3937 794 4020 de
823 3941 906 4021 vita
934 3945 975 4021 &
1003 3941 1181 4023 moribus
1209 3939 1413 4022 laudabile
1448 3941 1722 4020 testimonium
1750 3936 1940 4047 perhibe·
2036 4003 2039 4014 .

142 4067 228 4148 tur,
257 4049 300 4130 in
326 4049 684 4161 Archic'plscopum
710 4053 952 4132 vnanimiter
980 4058 1019 4133 se
1046 4052 1302 4135 concorditer
1316 4049 1588 4160 postularunt.
1610 4048 1942 4158 supplicantibus

142 4188 246 4271 ergo
261 4159 377 4241 nobis
392 4157 636 4243 Charissimo
651 4163 694 4241 in
709 4159 870 4243 Christo
883 4161 968 4242 filio
983 4180 1122 4244 nostro
1137 4223 1147 4243 .
1164 4224 1173 4243 .
1191 4225 1200 4244 .
1216 4163 1368 4244 Illustri
1378 4161 1492 4270 ,Rege
1508 4161 1675 4256 Sueciae,
1690 4167 1729 4240 8<
1743 4161 1942 4242 uniuersis

141 4271 325 4355 ciusdem
340 4271 525 4354 Ecclesiae
541 4271 823 4383 suffraganeis,
840 4299 885 4353 ac
900 4273 1021 4354 Clero
1036 4276 1155 4366 etiam
1170 4274 1381 4355 Vbsalensi
1395 4289 1439 4352 vt
1454 4299 1544 4351 cum
1554 4269 1942 4361 VbsalensisMetro·

139 4384 253 4495 polis
280 4399 450 4493 propter
465 4381 670 4466 indomitae
685 4385 939 4466 consistentis
953 4385 997 4464 in
1012 4413 1059 4466 ea
1073 4385 1205 4494 gentis
1220 4382 1460 4466 induriciam
1475 4380 1568 4464 talis
1582 4379 1853 4463 sollicitudine
1867 4411 1940 4490 pa·

138 4494 268 4580 storis
295 4494 495 4603 indigeat,
522 4495 595 4605 qui
623 4497 761 4578 vinum
790 4492 1045 4577 infundendo
1072 4502 1112 4579 &
1141 4496 1275 4580 oleum
1303 4490 1453 4576 mederi
1479 4493 1642 4572 nouerit
1670 4492 1867 4590 sauciatis,
1885 4491 1940 4576 ad

137 4603 262 4719 quod
290 4605 385 4686 satis
412 4603 603 4686 idoneum
631 4602 871 4716 praedictum
902 4607 1167 4716 Episcopum.
1195 4621 1446 4702 assederant,
1491 4601 1756 4711 postulationi
1798 4602 1940 4686 huius-

135 4713 258 4804 modi
287 4715 487 4798 a'ssensum
500 4706 743 4820 beneuolum
756 4701 941 4798 excausa
956 4735 1040 4799 tam
1052 4717 1274 4800 necessaria
1287 4715 1567 4827 praeberemus.
1602 4715 1686 4796 Nos
1701 4712 1826 4822 igitur
1839 4715 1940 4797 iuris

136 4855 270 4938 super
297 4826 375 4910 hoc
401 4827 578 4936 rigorem
605 4827 862 4938 prouidentia
878 4845 1182 4938 temperantes,
1219 4828 1453 4910 discretioni
1485 4841 1628 4907 vestrae
1661 4853 1734 4934 per
1762 4830 1937 4934 Aposto-

136 4941 223 5030 lica
251 4941 402 5051 scripta
442 4937 697 5041 mandamus,
739 4955 940 5051 quatenns
968 4942 1002 5024 si
1028 4941 1144 5028 vobis
1172 4939 1399 5023 constiterit
1427 4935 1478 5022 de
1505 4938 1736 5047 praemissis,
1763 4937 1937 5021 eundem
