4398 5958
819 455 1505 580 ‘'4⁸¹'' .

131 677 200 762 sia
213 671 462 782 Vpsallcnsis
477 671 761 783 assignandum
776 674 852 757 tibi
866 700 939 784 per
952 670 1124 754 eundem
1140 673 1398 758 Arusiensem
1409 673 1659 785 Episcopum
1674 676 1713 757 ei
1734 672 1923 761 duximus

131 783 438 884 destinandum,
470 802 516 864 vt
544 803 759 894 postquam
788 786 1130 867 consecrationem
1160 785 1288 892 ipsam
1317 785 1531 893 receperis,
1565 784 1680 872 illud·
1710 787 1786 874 tibi
1828 792 1926 874 assi·

130 912 230 1006 guet
257 895 334 977 sub
364 895 511 992 forma,
540 923 664 1005 quam
692 897 730 976 ei
757 896 834 977 sub
862 895 975 976 bulla
1002 911 1140 976 nostra
1169 896 1363 976 mittimus
1389 897 1667 997 interclusam,
1693 905 1732 979 u
1747 926 1771 978 a
1786 897 1826 980 tc
1849 925 1925 982 nc·

132 1022 219 1088 stro
247 1010 287 1085 u
318 1005 502 1087 Ecclesiae
531 1008 722 1089 Romanae
749 1008 912 1088 nomine
939 1005 1016 1087 sub
1046 1004 1175 1086 forma
1204 1004 1432 1114 quamsub
1469 1003 1609 1092 eadem
1650 1008 1764 1092 bulla
1793 1011 1924 1094 eidem

133 1116 343 1226 dirigimus
371 1113 574 1198 fidelitatis
602 1120 769 1228 recipiat
799 1121 1078 1199 iuramentum.
1109 1115 1307 1196 Volumus
1335 1136 1467 1197 autem
1489 1119 1602 1229 quod
1634 1147 1708 1231 per
1721 1121 1799 1204 hoc
1814 1122 1925 1203 Lun-

134 1227 249 1310 densi
277 1227 473 1323 Ecclesiae,
502 1230 569 1308 cui
598 1228 789 1337 praedicta
810 1228 1058 1337 Vpsallensis
1075 1226 1248 1307 Ecclesia
1269 1226 1430 1316 subesse
1459 1225 1608 1310 dicitur
1634 1229 1794 1313 nullum
1822 1261 1925 1343 prae·
2045 1233 2050 1246 '

134 1336 325 1422 iudicium
356 1354 582 1447 generetur.
613 1339 676 1420 Tu
704 1367 800 1420 vcro
828 1339 899 1419 illo
927 1341 1034 1419 intra
1063 1335 1280 1418 Ecclesiam
1308 1353 1419 1418 tuam
1437 1337 1514 1420 illis
1529 1339 1673 1423 diebus
1700 1344 1926 1455 utaris,·qui

46 1515 48 1518 .
133 1450 348 1557 expressim
379 1450 421 1527 iu
450 1450 576 1556 ipsius
605 1450 791 1532 Ecclesiae
817 1448 1046 1558 Priuilegijs
1083 1451 1356 1529 continentur.
1415 1449 1472 1527 Vt
1500 1449 1626 1556 igitur
1653 1454 1812 1560 signum
1841 1483 1925 1538 non

134 1560 333 1667 discrepet
361 1561 591 1666 asignato,
618 1558 690 1641 sed
718 1559 831 1670 quod
859 1562 965 1670 geris
999 1559 1174 1641 exterius
1217 1556 1321 1639 illud
1349 1583 1495 1639 scrues
1522 1561 1579 1640 in'
1599 1580 1744 1660 mente,
1773 1564 1924 1648 discre-

120 1674 283 1753 tionem
311 1690 422 1752 tuam
450 1678 726 1752 monemus&
754 1672 963 1751 hortamur
991 1685 1166 1770 attente,
1195 1697 1267 1777 per
1295 1669 1529 1777 Apostolica
1543 1672 1620 1754 tibi
1634 1674 1784 1781 scripta
1800 1703 1925 1757 man·

133 1781 291 1878 dantes,
321 1799 520 1890 quatenus
549 1781 813 1862 humilitatem
843 1787 882 1862 8<
914 1782 1103 1861 iustitiam
1134 1781 1256 1861 dante
1285 1780 1476 1877 Domine,
1504 1785 1577 1890 qui
1604 1782 1675 1864 dat
1703 1795 1957 1894 munera&

132 1893 296 2002 praemia
325 1889 528 1998 elargitur
547 1891 763 1974 obseruare
804 1893 978 1988 studeas,
1021 1921 1112 2002 quae
1145 1919 1259 1970 suum
1289 1895 1520 1971 seruant&
1549 1911 1790 2003 promouent
1833 1899 1925 1978 Ser.
2030 1953 2040 1964 .
2089 1953 2094 1962 ,

131 2017 334 2098 uatcrem,
386 2021 430 2082 vt
477 2002 752 2110 Vpsallensem
798 2003 1012 2083 Ecclesiam
1055 2029 1242 2111 sponsam
1270 2016 1380 2080 tuam
1411 2029 1526 2082 cures
1560 2005 1731 2089 sollicite
1757 2023 1923 2090 auctore

87 2213 89 2220 J
133 2116 307 2196 Domino
323 2111 586 2241 spiritualiter
607 2114 937 2224 &temporaliter
966 2131 1234 2222 augmentare.
1265 2113 1411 2223 Datum
1426 2113 1616 2236 Lugduni
1640 2117 1729 2199 XV.
1755 2117 1922 2201 *Caleud

130 2243 295 2335 septem.
325 2251 431 2305 anno
460 2240 589 2304 tertro.

135 2613 279 2722 581;Ι
762 2637 912 2764 1274
959 2621 1007 2727 d.
1064 2623 1129 2728 1‘8
1176 2621 1308 2766 Aug.
1529 2756 1532 2763 Ι
1756 2622 1920 2771 Lyou.

212 2835 301 2899 Ptfv.
322 2835 498 2902 &securus
519 2839 575 2903 th
595 2789 804 2931 lb'rcrduande
825 2841 875 2904 [δι’
895 2842 974 2904 Bisk.
995 2843 1102 2907 Isaras
1121 2844 1132 2903 i
1153 2841 1309 2914 Westerds
1330 2850 1376 2905 att
1396 2841 1500 2924 ¹naviga
1519 2839 1699 2913 tite-uisu
1720 2840 1837 2908 Eunus.

1310 2945 1311 2952 ¹
1893 2940 1898 2978 l

720 3027 868 3108 Israeli
892 3024 1088 3137 Episcopo
1116 3029 1333 3108 Arusicnsi.
1625 2953 1705 3040 M
1725 2955 1783 3022 '¹86⁹
1851 3041 1852 3046 '

297 3162 476 3244 Dilecto
503 3164 629 3247 Filius
657 3166 782 3251 Fulco
811 3167 1056 3275 Vpsallensis
1086 3167 1248 3254 Electus
1277 3165 1396 3257 uobis
1422 3165 1626 3256 humiliter
1654 3101 1921 3278 supplicabit,

126 3291 176 3356 vt
201 3273 278 3356 sibi
306 3301 427 3384 quem
455 3300 589 3385 nuper
617 3275 668 3358 de
697 3276 870 3368 fratrum
899 3276 1131 3362 nostrorum
1146 3259 1315 3370 consilio
1330 3273 1557 3395 Vpsallcnsi
1586 3275 1771 3369 Ecclesiae
1785 3279 1829 3369 in
1843 3281 1922 3374 Ar·
2048 3301 2052 3318 '
2101 3279 2134 3308 ”

126 3387 430 3494 chiepisccpum
458 3385 709 3495 praefecimus
737 3395 777 3496 δι
806 3390 1011 3481 Pastorem
1040 3389 1221 3500 impendi
1248 3415 1395 3479 munus
1428 3388 1742 3481 consecrationis
1765 3383 1828 3467 ‘in
1842 3371 1922 3480 illis
2030 3433 2037 3438 ·

123 3496 315 3605 partibus
343 3494 636 3592 marndareutus.
670 3499 752 3588 Nos
781 3501 905 3608 igitur
936 3501 1062 3594 Electi
1090 3497 1455 3609 supplicationibus
1469 3562 1473 3571 .
1486 3497 1687 3594 inclinati.
1710 3495 1921 3604 ,Fraterni-

125 3609 203 3686 tati
233 3623 311 3687 tuae
339 3633 412 3715 per
445 3608 680 3717 Apostolica
711 3613 861 3719 scripta
885 3610 1139 3707 mandamus,
1167 3625 1368 3720 quatenus
1403 3607 1533 3696 eidem
1561 3609 1722 3700 Electa.
1768 3613 1921 3714 asscitis

124 3717 206 3798 tibi
235 3715 395 3798 duobus
421 3718 485 3798 vel
514 3719 646 3818 tribus
675 3722 902 3832 Episcopis,
945 3720 1115 3816 sublato¹
1141 3720 1355 3817 cuiuslibet
1397 3717 1649 3817 difficultatis
1691 3720 1919 3818 obstaculo,

124 3827 366 3938 praedictum
395 3855 543 3909 munus
571 3833 881 3913 consecrationis
909 3829 1127 3941 impendas.
1158 3833 1220 3911 Ne
1246 3859 1346 3912 vero
1373 3829 1585 3940 praefatum
1601 3830 1782 3910 Electum
1797 3856 1920 3940 opor·

123 3953 210 4021 teat
238 3938 290 4034 ad
319 3937 452 4026 sedem
482 3941 754 4067 Apostolicam
784 3970 861 4049 pro
890 3941 1115 4023 obtinendo
1142 3940 1311 4049 abipsa
1343 3941 1494 4050 palleo,
1559 3938 1643 4021 uod
1671 3955 1731 4019 est
1759 3940 1918 4074 insigne

121 4048 374 4150 Pontificalis
399 4048 524 4158 olliciJ
553 4051 765 4150 accedere,
788 4081 864 4153 ¹seu
892 4055 1087 4148 Nuntium
1119 4049 1332 4146 destinare,
1363 4079 1411 4132 ac
1438 3968 1584 4131 exinde
1613 4049 1922 4152 laboribus‘seu

120 4160 327 4260 sumtibus
363 4159 535 4269 fatigari.
588 4163 673 4252 Nos
716 4165 842 4272 ipsius
883 4165 1009 4245 Electi
1052 4160 1416 4272 supplicationibus
1458 4177 1699 4259 annuentes,
1741 4161 1919 4271 palleum

114 4277 258 4382 ,ipsum
285 4283 360 4380 per
387 4272 478 4357 eum
508 4299 531 4350 a
561 4273 787 4372 nobiscum
818 4302 864 4356 ea
892 4303 975 4385 qua
999 4271 1141 4374 ‚decuit
1170 4273 1358 4369 instantia
1388 4269 1640 4380 postulatum¹
1661 4269 1715 4368 de
1743 4296 1917 4382 corpore

116 4386 240 4466 Beati
267 4383 377 4469 Petri
404 4397 622 4491 sumptum,
650 4414 725 4495 per
754 4387 972 4492 Rogerium
993 4385 1244 4465 &monicum
1273 4381 1459 4466 Ecclesia
1473 4380 1721 4490 Vpsalleusis
1750 4383 1826 4468 tibi
1854 4411 1917 4466 as·

116 4492 368 4605 signandum
390 4491 473 4573 sibi
503 4521 577 4603 per
604 4513 645 4577 te
673 4495 862 4578 duximus
892 4494 1194 4606 destinandum,
1228 4491 1272 4573 vt
1316 4510 1533 4602 postquam
1572 4494 1918 4577 consecrationem

108 4606 358 4719 praedictam
384 4608 603 4712 receperit,
625 4609 669 4705 ,ei
695 4607 797 4712 ,illud
821 4611 1001 4716 ¹assignes
1025 4606 1104 4712 sub
1126 4605 1272 4699 forma,
1300 4631 1423 4712 quam
1451 4603 1528 4684 tibi
1556 4602 1631 4694 sub
1646 4601 1760 4682 Bulla
1775 4619 1916 4687 nostra

117 4717 321 4800 mittimus
349 4713 636 4814 interclusam,
679 4724 720 4800 Et
748 4717 799 4802 ab
842 4721 933 4829 ipso
948 4713 1124 4810 'nomine
1156 4731 1296 4809 nostro
1325 4718 1364 4794 &
1394 4713 1579 4816 Ecclesiae
1622 4713 1810 4794 Romanae
1837 4716 1915 4798 sub

115 4831 273 4924 forma,
301 4851 423 4933 quam
451 4824 527 4914 tibi
554 4827 630 4906 sub
659 4827 797 4918 cadem
824 4829 938 4936 pulla
968 4827 1194 4936 dirigimus,
1223 4823 1424 4932 fidelitatis
1440 4825 1610 4932 recipias
1638 4825 1914 4911 iuramentum.

111 4939 324 5044 Volumus
353 4949 486 5015 autem
502 4935 615 5046 quod
630 4939 837 5046 Laudensli
866 4937 1061 5046 Ecclesiae,
1078 4939 1143 5032 cui
1159 4934 1348 5046 praedicta
1364 4933 1607 5046 Vpsallensis
1635 4935 1810 5118 Fijcclesia
1825 4937 1912 5024 iure

263 5074 451 5154 sommum
511 5057 516 5070 ’
806 5061 809 5068 ’
1156 5051 1160 5072 ’
1212 5055 1214 5062 ’
1402 5049 1408 5066 ’
1686 5066 1703 5158 ξ
1874 5079 1876 5086 “
