4362 5946
805 447 862 496 ...-
975 431 1054 527 343
1131 385 1221 494 ’..

122 650 206 731 latis
234 645 287 728 ad
309 672 413 837 quos
441 641 575 732 littere
603 649 679 731 iste
706 631 969 758 peruenerint
1002 650 1170 731 salutem
1205 651 1532 760 &apostolicam
1574 645 1909 735 benedictionem.

121 759 262 843 Dilecti
291 757 364 838 fiii
393 757 519 842 abbas
549 759 721 842 cistercii
749 762 916 870 eiusque
945 759 1162 842 coabbates
1192 764 1235 841 &-
1259 780 1481 845 conuentus
1524 762 1705 844 uniuersi
1721 764 1911 844 ‘cisterci-

120 871 220 953 ensis
254 869 409 964 ordinis
437 899 550 952 suam
578 870 632 953 ad
659 897 735 952 nos
777 873 1071 981 querimoniam
1118 869 1374 956 destinarunt
1416 870 1528 983 quod
1558 872 1651 955 licet
1679 874 1736 955 eis
1764 901 1788 954 a
1816 871 1912 956 sede

77 1073 84 1078 ,
118 977 337 1092 apostolica
367 981 419 1062 sit
447 983 650 1066 indultum
680 997 726 1063 ut
755 1011 778 1067 a
805 979 1053 1068 forensibus·
1076 985 1344 1065 conuentibus
1380 985 1463 1064 sint
1490 983 1684 1067 immunes
1726 983 1911 1095 nullique

116 1093 235 1173 liceat
260 1092 303 1172 in
333 1119 402 1173 eos
430 1093 496 1173 uel
524 1093 766 1176 monasteria
802 1121 874 1175 seu
908 1093 1133 1177 confratres
1168 1093 1272 1178 inibi
1313 1108 1606 1176 commorantes
1636 1097 1912 1177 excommuni-

116 1203 290 1286 cacionis
312 1205 594 1312 ‘suspencionis
622 1223 696 1287 aut
726 1201 933 1286 interdicti
961 1222 1101 1287 contra
1129 1205 1170 1287 id
1200 1203 1315 1316 quod
1359 1206 1410 1288 ab
1453 1204 1610 1311 origine
1653 1203 1808 1288 ordinis
1837 1206 1915 1288 ob·

114 1329 321 1400 seruatum
347 1313 469 1395 lui‘sse
498 1315 724 1398 dinoscitur
752 1317 976 1397 sentencias
1005 1315 1265 1424 promulgare
1294 1344 1374 1428 que
1403 1316 1437 1396 si
1465 1313 1719 1424 promulgate
1761 1316 1914 1398 suerint

113 1427 393 1510 decernuntur
420 1452 493 1535 per
522 1425 753 1509 huiusmodi
781 1426 1082 1535 indulgenciam
1110 1428 1222 1509 irrite
1250 1456 1297 1508 ac
1327 1429 1477 1508 inanes.
1506 1453 1578 1505 vos
1606 1443 1742 1507 tamen
1770 1454 1913 1510 eorum

112 1538 244 1649 quieti
273 1535 595 1618 &libertatibus
622 1538 674 1619 de
704 1565 788 1649 quo
818 1541 1009 1619 miramur
1036 1566 1123 1636 non
1146 1538 1350 1619 modicum
1378 1534 1617 1618 inuidentes.
1633 1564 1680 1618 ac
1702 1539 1912 1620 molientes

112 1649 338 1756 infringere
367 1647 663 1756 indulgenciam
690 1648 964 1758 supradictam
992 1649 1033 1727 in
1063 1675 1131 1729 eos
1167 1667 1310 1732 contra
1353 1649 1555 1732 indultum
1597 1647 1830 1731 huiusmodi
1859 1649 1912 1732 de
2015 1649 2023 1660 '

109 1761 222 1841 facto
253 1756 454 1869 predictas
482 1761 704 1842 sentencias
733 1759 1016 1868 promulgatis,
1044 1787 1148 1870 quos
1177 1778 1223 1840 ut
1252 1760 1427 1868 fatigetis
1456 1756 1664 1841 laboribus
1693 1753 1732 1838 a
1762 1787 1914 1868 expen-

106 1871 179 1968 sis,
211 1866 433 1951 interdum·
449 1869 500 1950 ad
530 1870 711 1953 forenses
739 1887 966 1952 conuentus
995 1871 1196 1952 accedere.
1246 1868 1493 1980 quandoque
1520 1871 1816 1953 sentenciamm
1844 1897 1913 1950 ve-

104 1995 287 2064 strarum
317 1982 593 2079 executiones,
621 2009 878 2094 quacumque
921 1984 1000 2064 sint
1044 1983 1283 2063 auctoritate
1323 1981 1480 2092 prolate
1521 1982 1724 2088 suscipere
1764 1978 1915 2062 inuitos

103 2093 363 2202 compelletis
391 2119 481 2202 pro,
496 2110 629 2173 vestre
662 2093 833 2176 arbitrio
862 2093 1103 2189 voluntatis,
1133 2120 1378 2202 quamquam
1407 2119 1457 2172 ex
1485 2091 1663 2201 generali
1685 2090 1800 2201 quod
1827 2119 1915 2173 sus·

102 2203 269 2318 cepisse
285 2201 474 2284 'dicimini
506 2202 851 2316 apostolicaesedis
881 2202 1073 2287 mandato
1101 2205 1319 2285 teneamini
1348 2202 1509 2284 eosdem
1537 2204 1581 2282 in
1608 2205 1691 2282 suis
1718 2203 1915 2285 libertati·

99 2319 183 2400 bu's
216 2321 262 2396 8(
288 2315 514 2424 priuilegiis
543 2331 685 2396 contra
717 2341 940 2424 prauorum
969 2313 1175 2426 pressuras
1203 2321 1242 2396 tc
1267 2314 1471 2396 molestias
1514 2311 1735 2396 defensare.
1775 2317 1914 2426 sicque
1947 2353 1951 2360 >

100 2429 148 2510 fit
180 2447 240 2510 ut
264 2424 522 2533 indulgencia
553 2453 740 2508 concessa
766 2429 823 2509 eis
852 2456 969 2508 causa
1000 2425 1140 2509 solacii
1167 2434 1215 2512 &1
1235 2427 1403 2534 quietis,
1433 2425 1484 2504 sit
1508 2422 1610 2532 ipsis
1624 2425 1742 2506 vobis
1770 2445 1913 2508 contra

19 2587 26 2616 t
101 2561 198 2620 eam
230 2539 354 2649 quasi
381 2537 707 2646 conspirantibus
735 2565 855 2620 causa
883 2537 1084 2648 dispendii
1114 2541 1153 2618 &
1182 2536 1345 2627 laboris,
1376 2539 1477 2617 Cum
1499 2536 1624 2649 igitur
1638 2539 1743 2617 sicut
1765 2538 1810 2618 in
1826 2537 1915 2646 lege

98 2649 265 2733 dicitur
295 2673 439 2760 parum
467 2651 518 2729 sit
546 2650 591 2729 in
618 2650 782 2732 ciuitate
811 2651 874 2729 ius
902 2676 986 2730 esse
1015 2650 1090 2730 nisi
1119 2649 1191 2761 qui
1220 2647 1321 2730 illud
1350 2662 1512 2729 tueatur
1553 2649 1697 2728 existat
1725 2647 1914 2758 dignum·

98 2789 188 2872 que
222 2790 276 2841 ac
305 2761 550 2841 conueniens
578 2759 764 2843 videatur
792 2777 839 2840 ut
867 2760 1122 2868 indulgencie
1151 2787 1198 2840 ac
1225 2759 1438 2868 priuilegia
1461 2773 1541 2871 qu'e
1570 2757 1748 2858 deuotis,
1776 2765 1818 2841 &¹
1843 2759 1914 2841 be·

4 2927 5 2932 Ν
95 2873 321 2955 nemeritis
350 2869 633 2980 indulgentur,
663 2883 806 2954 contra
834 2874 1170 2980 presumptorum'
1204 2870 1410 2953 audaciam
1441 2897 1532 2951 cum
1561 2867 1740 2978 expedit¹
1777 2868 1914 2951 delam

95 2983 268 3066 dantur
305 2985 607 3064 uniuersitatem
635 3004 807 3066 vestram
836 3011 1042 3092 rogamus,
1073 3009 1296 3079 monemus,
1336 2981 1617 3061 &hortantur
1659 2997 1810 3064 attente
1840 2989 1914 3089 pec

92 3095 339 3206 apostolica
372 3094 488 3174 vobis
516 3097 665 3204 scripta
694 3097 736 3176 in
764 3097 916 3174 virtute
946 3093 1180 3175 obediencie
1210 3091 1389 3173 districte
1426 3091 1688 3201 precipiendo
1721 3090 1914 3171 mandau-

93 3225 179 3306 tes,
214 3206 419 3316 quatinus
446 3205 679 3315 priuilegia,
709 3202 1006 3312 indulgencias,
1036 3213 1077 3286 8<
1106 3204 1311 3284 libertates
1345 3202 1497 3284 eisdem·
1523 3204 1575 3283 ab
1602 3203 1825 3311 apostolica
1854 3230 1914 3282 se-

89 3319 147 3400 de
181 3343 398 3412 concessa,
440 3319 480 3395 bt
509 3343 650 3396 eorum
678 3313 1288 3412 consuetudines.racionabiles
1317 3320 1357 3403 δι
1386 3316 1587 3424 antiquas,
1617 3315 1806 3394 firmas&
1835 3313 1914 3394 illi·
2027 3315 2030 3320 ’

86 3427 225 3512 batas
256 3423 319 3508 'eis
349 3425 400 3506 de
428 3442 563 3507 cetero
591 3456 668 3538 pro
703 3426 923 3537 apostolice
966 3426 1136 3510 sedis&
1173 3425 1311 3505 nostra
1356 3425 1590 3505 reuerencia
1631 3425 1912 3521 obseruantes,
2114 3429 2121 3444 '

86 3543 146 3624 ab
182 3545 533 3651 ipsorumsdper
561 3539 762 3648 premissis
790 3539 1000 3630 coactione
1026 3566 1073 3619 ao
1101 3538 1288 3631 molestia·
1298 3538 1458 3644 penitus
1473 3536 1706 3644 quiescatis,
1731 3537 1787 3620 ita
1801 3535 1913 3644 quod

82 3656 173 3766 ipsi
210 3677 413 3760 concessa
441 3651 497 3732 eis
525 3649 687 3738 valeant
715 3649 1007 3758 tranquillitate
1037 3646 1230 3756 gaudere,
1259 3675 1305 3727 ac
1333 3650 1549 3756 superhoc
1570 3674 1643 3754 per
1671 3646 1806 3729 sedem
1819 3674 1913 3727 ean·

83 3767 191 3851 dem
227 3790 322 3842 non
352 3777 542 3869 oporteat
571 3760 688 3840 aliter
724 3760 940 3869 prouideri.
990 3760 1100 3841 Nulli
1130 3764 1202 3839 &c
1232 3774 1377 3839 nostre.
1397 3758 1699 3839 constitucionis
1728 3759 1801 3839 &c
1831 3758 1909 3834 Da·

79 3897 180 3960 tum
218 3869 435 3981 Lugduni.
467 3873 516 3951 V.
547 3873 638 3952 Kal.
657 3871 767 3984 slebr.
797 3871 1056 3982 pontificatus
1079 3871 1208 3988 nostri
1237 3898 1345 3951 anno
1374 3870 1567 3978 Septimo.

78 4271 243 4413 375.
405 4343 409 4372 ι
581 4219 1283 4430 .„-ra,5o‘ffd.,28Jai1.
1435 4265 1438 4271 “
1534 4205 1630 4384 „⁵
1748 4235 1911 4405 Ly'on.

166 4487 288 4553 Pdsv.
310 4484 508 4550 luaocurrrue
531 4448 602 4552 lvts
623 4487 770 4551 Befiielse
791 4471 840 4549 iiia·
862 4443 1215 4552 Cisle1·cienser-l)rdens
1237 4481 1378 4545 Abbcter
1398 4478 1469 4543 irin
1490 4479 1686 4544 visitationes
1697 4474 1758 4538 och
1768 4455 1914 4540 ranelser'

195 4619 198 4624 .
235 4567 288 4632 af
305 4570 406 4652 nigor
427 4592 528 4634 aunan
551 4581 589 4649 tn
610 4571 739 4634 Parven.
1563 4644 1600 4698 A·
1619 4657 1643 4696 λ
1662 4659 1686 4696 a·
1705 4642 1732 4696 3,
1750 4641 1776 4712 ⁴·

283 4787 555 4872 Jnnocencms
584 4791 797 4900 episcopus
831 4814 971 4886 seruus
1014 4810 1222 4865 seruorum
1266 4781 1344 4891 dej,
1374 4779 1531 4862 dilectis
1572 4777 1701 4869 filiis.
1731 4773 1909 4902 ..abbati

62 4901 287 4990 cistercii
319 4901 483 5009 eiusque
511 4902 780 4984 coabbatibus
808 4905 848 4982 δι
877 4897 1143 4983 conuentibus
1166 4895 1369 4976 'uniuersis
1396 4889 1664 4972 cisterciensis
1676 4885 1834 4971 ordinis
1847 4913 1908 4968 aa·
