4382 5964
807 415 866 438 -
976 369 1097 478 ce7.
1154 303 1231 456 5..
1333 329 1334 336 ‘

114 598 213 686 den„
227 612 270 680 et
298 593 472 705 singulis
497 590 733 704 presbiteris
761 587 913 692 ibidem
955 607 1126 694 tantum..
1164 581 1418 705 'pauperibus
1435 589 1709 722 ,illius-hspes
1735 620 1912 696 marcam

116 709 225 808 amai
264 706 438 800 Ecclede
479 707 610 817 orghe
652 701 861 790 dimidiam
890 729 1084 802 marcam.
1120 707 1347 818 presbitero
1373 702 1546 790 II..'orae
1564 704 1756 806 ‚Ecclesia
1798 707 1913 790 thor-

116 826 195 917 lose
221 823 272 904 ΙΙ.
316 845 409 900 oras
442 835 485 902 et
518 818 748 930 presbitero
783 831 952 900 tantum
1001 816 1178 914 Ecclesie
1205 816 1287 901 ask.
1333 841 1518 910 marcam.
1535 833 1578 900 ct
1597 818 1833 928 presbitero
1862 821 1910 904 II.

113 959 201 1015 oras
228 930 406 1014 Ecclesia
435 930 604 1041 billinge
633 932 684 1012 Π.
712 951 805 1012 oras
833 945 875 1010 et
903 928 1131 1040 presbitero
1155 945 1319 1015 tantum
1354 932 1457 1024 Jtem
1484 932 1745 1014 ·monasterio
1773 931 1824 1014 de
1842 933 1912 1015 he·

90 1043 266 1127 'riuado
294 1042 352 1123 ll.
382 1070 551 1126 marcas.
584 1043 831 1125 monasterio
864 1040 917 1122 de
945 1067 1014 1123 aas
1055 1069 1242 1126 marcam.
1278 1043 1527 1124 Monasterio
1555 1041 1606 1125 dc
1634 1043 1775 1137 alwith.
1805 1072 1911 1126 mar·

112 1183 199 1242 cam
219 1157 472 1248 Monosterio
515 1157 558 1236 in
594 1171 774 1264 tumrcp.
818 1179 994 1236 marcam
1022 1153 1228 1242 dimidiam
1245 1171 1297 1236 *et
1324 1155 1571 1238 monasterio
1598 1155 1641 1235 in
1670 1153 1911 1256 haehaaskow

111 1284 270 1352 tantum
296 1267 402 1348 item
430 1265 758 1376 predicatoribus
778 1267 831 1376 ‘in
859 1263 1119 1375 haelsinhurg.
1149 1263 1356 1347 dimidiam
1385 1269 1568 1350 marcam.
1611 1265 1808 1357 iratribus
1837 1268 1911 1350 mi·

75 1399 80 1402 “
110 1379 282 1463 notibus
309 1378 354 1460 in
380 1378 599 1488 traeleborg
628 1375 853 1474 dimidiam
875 1403 1057 1460 marcam
1098 1377 1293 1460 fratribus
1319 1376 1547 1460 missoribus
1570 1379 1618 1464 in
1645 1378 1792 1487 ystath.
1822 1394 1913 1460 tan·

30 1565 38 1578 ,
80 1503 209 1572 'tum
239 1489 441 1600 Hospitali
470 1490 725 1602 leprosorum
753 1487 865 1600 apud
892 1504 1110 1602 mmmorp.
1139 1487 1191 1571 ΙΙ.
1219 1515 1323 1572 oras.
1347 1488 1674 1598 predicatoribus
1687 1517 1766 1572 aas.
1795 1489 1913 1573 dimi-

111 1601 220 1685 diam
254 1615 438 1689 matcam,
456 1617 498 1686 et
528 1601 720 1715 hospitali
747 1599 899 1684 ibidem
928 1601 978 1685 ΙΙ.
1012 1629 1104 1687 oras
1132 1603 1240 1690 'item
1250 1595 1608 1712 jugeman'famulo
1635 1628 1738 1712 mec.
1767 1601 1912 1711 jugum

110 1713 385 1821 jumentorum
414 1739 507 1796 curn
536 1717 585 1796 ΙΙ.
615 1717 697 1799 oris
725 1740 888 1795 annone
934 1712 1196 1824 Springimile
1240 1712 1394 1793 famulo
1437 1741 1537 1794 meo.
1572 1713 1735 1821 nigrum
1762 1741 1912 1825 equum

111 1826 154 1905 in
185 1852 270 1936 quo
298 1825 456 1939 equitat
485 1855 578 1912 oum
607 1827 658 1909 II.
688 1827 770 1908 oris
797 1850 969 1907 annone.
1007 1825 1191 1936 haquino
1207 1822 1374 1927 *famulo
1400 1852 1490 1910 meo
1511 1853 1693 1906 marcam
1720 1853 1811 1910 cum
1840 1851 1912 1906 ora

110 1963 286 2019 annone.
314 1953 433 2046 petro
448 1935 599 2020 famulo
615 1965 717 2020 mco.
734 1965 908 2020 marcam
923 1931 1185 2020 denariorum
1200 1938 1306 2018 ltem
1320 1953 1431 2020 towe
1452 1940 1847 2046 consanguineemee
1861 1939 1912 2020 ΙΙ.

110 2075 278 2130 marcas.
315 2049 451 2132 omnia
480 2048 714 2160 supradicta
743 2065 881 2161 preter
908 2045 1084 2161 legatum
1113 2067 1222 2132 terre
1249 2065 1385 2131 sancte
1414 2046 1554 2132 volens
1580 2048 1687 2131 solui
1704 2046 1766 2129 de
1794 2049 1913 2152 bonis

109 2158 380 2257 estimalibus‚
409 2189 490 2273 que
520 2159 708 2271 possideo
736 2162 780 2244 in
808 2158 945 2242 fundis
973 2161 1139 2244 ecclesie
1156 2159 1338 2270 stangby
1365 2159 1470 2240 Jtem
1499 2159 1635 2246 liberis
1657 2161 1807 2242 sororis
1827 2187 1914 2242 mee

106 2270 293 2382 gertrud.
322 2272 597 2355 estimacicncs
626 2301 718 2355 cum
733 2271 921 2355 domibus
948 2299 1029 2384 que
1057 2269 1110 2354 ad
1138 2300 1203 2354 me
1231 2272 1438 2382 pertinent
1464 2273 1506 2352 in
1535 2269 1672 2360 lundis
1709 2271 1913 2382 prebende

108 2409 209 2464 mee.
247 2385 369 2464 Petro
402 2381 513 2466 dicto
541 2399 743 2467 tonneson
778 2386 1081 2491 consanguineo
1124 2411 1224 2466 meo.
1253 2384 1408 2464 curiam
1449 2409 1572 2494 quam
1610 2382 1743 2465 habeo
1772 2384 1814 2464 in
1841 2385 1913 2468 ask

106 2518 202 2576 cum
228 2494 418 2577 omnibus
446 2495 665 2592 mobilibus
692 2513 733 2587 et
760 2495 1037 2576 immobilibus
1070 2493 1254 2578 Michaeli
1281 2521 1413 2620 paruo
1441 2493 1647 2604 polidrum
1688 2497 1811 2607 trium
1841 2524 1912 2576 an·
1959 2537 1963 2549 ,

106 2633 269 2686 norum.
297 2605 519 2717 jarpulpho
549 2607 850 2717 consanguineo
877 2635 979 2689 meo.
1009 2605 1111 2688 duas
1139 2633 1262 2719 equas
1292 2605 1476 2688 meliores
1501 2603 1570 2696 -de
1612 2605 1772 2718 equiria
1808 2605 1911 2690 m‘eo.
2039 2617 2046 2624 '

105 2732 238 2798 tenne
266 2719 689 2826 consanguineemee.
718 2719 913 2800 annulum
942 2746 1121 2800 aureum.
1157 2720 1262 2800 item
1291 2718 1485 2801 conuiuio
1508 2719 1686 2801 caritatis
1714 2719 1912 2802 bicarium

104 2855 245 2910 meum
274 2845 520 2938 argenteum.
549 2829 763 2912 Gemalieli
797 2851 973 2912 marcam
1001 2829 1093 2912 den.
1123 2829 1308 2942 gunnero
1343 2829 1385 2910 in
1421 2827 1583 2912 hastath
1611 2825 1913 2938 consanguineo

102 2965 213 3020 meo.
244 2941 543 3024 estimacionem
578 2970 701 3055 quam
720 2943 853 3026 habet
881 2940 932 3024 de
961 2969 1025 3025 me
1066 2959 1108 3023 et
1142 2939 1297 3052 debita¹
1331 2968 1410 3054 que
1439 2938 1538 3022 mihi
1581 2941 1714 3025 dehet.
1742 2942 1828 3026 sibi
1849 2970 1912 3024 re·
2025 2959 2029 2966 “

31 3141 33 3144 ,
99 3051 231 3132 mitto
273 3051 379 3132 ltem
423 3057 615 3162 magistro
643 3053 811 3136 henrico
841 3055 1038 3136 canonico
1080 3052 1271 3135 lundensi
1313 3052 1522 3135 decretum
1563 3045 1706 3136 meum.
1731 3051 1912 3146 'domino

100 3178 231 3277 petro
260 3161 463 3246 sacerdoti
491 3165 542 3248 de
557 3163 772 3276 akathorp.
801 3161 1079 3276 esposiciones
1107 3161 1370 3274 epistolarum
1398 3166 1507 3247 beati
1536 3163 1657 3274 pauli
1676 3165 1849 3276 apostoli
1868 3165 1912 3250 c't

99 3301 235 3358 vnum
264 3301 405 3356 cornu.
448 3273 614 3358 domino
642 3304 829 3388 gunnore
869 3276 1068 3360 sacerdoti
1110 3275 1282 3389 cappam
1310 3304 1442 3357 meam·
1480 3275 1694 3360 choralein.
1743 3274 1912 3364 dominc

100 3383 240 3482 oddar
271 3386 497 3494 presbitero
539 3415 734 3470 summam
776 3416 905 3470 meam
933 3388 1161 3498 regmundi.
1207 3385 1372 3471 domino
1402 3386 1617 3472 benedicto
1645 3385 1698 3470 ad
1724 3405 1912 3473 sanctum

101 3495 281 3609 paulum
309 3496 525 3581 tabardum
554 3527 687 3582 meum
715 3500 891 3586 foratum
921 3527 1015 3582 cum
1043 3499 1139 3600 albo
1162 3527 1311 3611 panno.
1341 3496 1516 3610 Domino
1531 3493 1736 3583 laurencio
1752 3500 1804 3583 ad
1819 3529 1911 3587 sau·
1965 3585 1970 3602 ,

101 3627 223 3692 ctum
251 3607 431 3695 thomam
459 3639 506 3695 ca
536 3639 602 3696 am
629 3636 758 3697 meam
786 3609 962 3696 blaciam
991 3611 1220 3696 rotundam.
1277 3609 1412 3694 Olauo
1439 3599 1584 3698 scolari
1611 3638 1717 3698 mec.¹
1743 3605 1912 3722 jti'nera·

100 3723 217 3804 rium
255 3746 386 3801 meum
414 3721 459 3806 in
518 3721 648 3807 uabus
676 3719 864 3833 partibus
897 3723 1194 3812 Concancnicis
1218 3721 1315 3804 meis
1343 3722 1438 3804 volo
1468 3713 1712 3806 distribuere
1724 3750 1789 3808 res
1804 3725 1911 3832 meas
2047 3747 2053 3760 '

1 3835 2 3842 ‘
136 3846 237 3912 rout
266 3827 425 3916 dederit
454 3831 643 3921 dominus
685 3832 786 3918 deus
827 3834 929 3918 Jtem
957 3833 1151 3942 magistro
1178 3833 1386 3923 laurencio
1415 3831 1621 3918 dimidiam
1636 3831 1824 3920 ¹marcam
1859 3839 1911 3941 si·

65 3863 247 4053 'liginis
276 3940 485 4033 desiccato,
515 3945 689 4032 Domino
719 3963 837 4061 petro
853 3946 1020 4054 trugoti.
1051 3943 1342 4030 ambulatorem
1370 3971 1502 4028 meum
1529 3944 1702 4054 nigrum.
1733 3944 1911 4030 Domino
1982 3991 2020 4034 ,·

102 4051 274 4144 nicolao
301 4057 481 4172 gregorii
505 4085 702 4144 summam
729 4053 918 4171 gaufredi
945 4074 986 4139 et
1013 4056 1219 4141 dimidiam
1249 4057 1389 4143 testam
1417 4055 1541 4139 brasii
1583 4053 1772 4140 desiccati
1806 4059 1911 4146 ltem

104 4165 279 4258 domino
307 4167 727 4276 gunneroantedicto..
750 4167 1081 4285 superpellicium
1109 4196 1241 4251 meum
1268 4195 1435 4252 nouum.
1466 4166 1642 4250 Domino
1669 4163 1817 4278 jacobo
1852 4171 1911 4251 vi·

103 4277 236 4368 cario.
267 4275 383 4370 botas
411 4307 519 4362 meas
544 4308 639 4370 cum
666 4275 804 4390 caligis
833 4279 935 4368 albis
975 4277 1041 4362 Ad
1069 4295 1237 4390 pontem
1279 4277 1406 4359 amnis
1435 4276 1570 4388 dysiae.
1614 4275 1936 4394 mersandam

8 4389 38 4499 Ἀ
105 4383 180 4468 Ad
208 4389 343 4478 omnia
370 4391 498 4502 igitur
527 4406 569 4482 et
594 4387 755 4504 singula
781 4393 973 4507 premissa
990 4387 1234 4501 perficienda
1260 4405 1305 4470 et
1330 4389 1620 4490 inuiolabiliter
1640 4383 1907 4482 obseruanda.

106 4497 227 4580 viros
256 4498 460 4610 discretos.
488 4497 686 4598 dominos.
715 4499 950 4612 magistrum
978 4501 1198 4592 henricum.
1229 4497 1391 4615 petrum
1418 4492 1586 4616 trugoti'
1601 4496 1910 4616 ²o'c'ccancn,ioofs

98 4635 223 4694 meos
251 4636 331 4700 vna
361 4641 453 4694 cum
511 4632 600 4706 etro
628 4611 829 4710 tonueson
856 4613 1157 4724 consanguineo
1199 4639 1300 4698 meo.
1319 4613 1527 4724 ,presentis
1568 4615 1795 4723 'testamenti
1831 4617 1908 4697 mei
1995 4687 1999 4694 .

99 4717 318 4805 constituo
346 4739 387 4806 et
415 4641 563 4808 ordino
592 4742 864 4838 exsequtores.
895 4723 1047 4832 Volane
1073 4743 1115 4815 et
1138 4715 1371 4841 'precipiens
1397 4743 1544 4842 rtper
1560 4723 1565 4732 ’
1580 4721 1702 4835 ipsos.
1725 4723 1910 4812 cuilibet

99 4835 159 4948 in
184 4831 390 4952 premissis
417 4835 515 4944 satis
539 4834 614 4932 fiat
628 4836 746 4948 sicut
775 4863 913 4943 coram
941 4836 1019 4951 dep
1047 4831 1252 4950 soluerint
1278 4827 1526 4952 respondere
1554 4835 1612 4943 Et
1635 4833 1679 4920 rt
1706 4833 1909 4934 antedicta

101 4941 189 5058 per
218 4939 353 5029 omnia
381 4945 547 5058 plenum
574 4942 751 5031 habeant
776 4936 907 5030 robur'
933 4941 1143 5066 firmitatis.
1169 4939 1240 5032 oh
1255 4935 1779 5068 ,ῳρίοπειῐίιρρρῂρζφρρω
1816 4947 1917 5074 φρτ
