4382 5964
135 1353 139 1363 ·
236 1399 260 1418 .‚
328 1325 609 1436 meaptimana
623 1322 728 1408 duos
742 1324 802 1405 sol

961 447 1082 500 '-
1193 433 1274 540 570
1383 476 1442 509 -

330 659 386 742 tis
412 649 621 764 obmtprijs
646 651 835 762 exemplo
862 651 1078 736 beatorum
1105 655 1326 764 spirituum
1353 653 1580 766 glorificent
1608 659 1649 737 8(
1676 652 1906 738 collaudent.
1928 659 2062 745 Hincest

278 793 291 813 ‘
328 765 445 882 quod
470 763 729 848 uniuersitati
755 779 890 846 vestre
917 781 1059 848 tenore
1087 771 1288 878 presentis
1314 787 1498 850 constare
1526 764 1717 848 uolumus
1743 764 1954 879 &liquere
1974 773 2062 875 Quod

228 931 231 940 ‚
329 907 406 963 nos
430 875 682 959 mansionem
695 878 1027 960 nostraen'Collar
1039 907 1134 960 curn
1148 881 1339 962 omnibus
1353 877 1618 993 pertinenciis
1632 877 1752 958 bonis
1766 878 2003 964 mobilibus&
2021 885 2062 964 in·

302 1037 305 1045 ,
329 988 550 1074 mobilibus
569 989 868 1100 pertinentibus
883 987 935 1071 ad
949 989 1120 1072 eandem
1135 992 1255 1100 plene
1270 993 1424 1102 integre
1439 989 1676 1073 &absolute
1691 987 1743 1070 nd
1758 993 2062 1101 usnssesparwlo·

162 1196 164 1205 ,
328 1125 421 1187 rum
442 1098 807 1212 prebendariorum
835 1103 878 1182 in
904 1101 1107 1211 upsalensi
1134 1103 1300 1185 ccclesia
1328 1102 1597 1186 seruiencium
1625 1099 1677 1182 de
1704 1105 1898 1183 communi
1915 1131 2063 1186 conicum

287 1227 290 1242 '
327 1211 511 1326 Capituli
537 1211 668 1294 nostri
682 1212 725 1292 in
746 1227 990 1406 pal-(pgstuum
1007 1215 1254 1321 assignemus
1269 1213 1515 1325 deputantes
1529 1213 1582 1294 ad
1597 1239 1694 1294 usus
1722 1213 1925 1294 cuiuslibet
1947 1214 2064 1296 illorum

808 1325 815 1341 '
856 1329 859 1336 '
902 1322 1180 1406 denariorum.
1209 1327 1458 1428 annectimus
1472 1327 1598 1411 sciam
1620 1341 1903 1432 prememorate
1924 1327 2064 1406 carica
2129 1399 2130 1410 t

189 1527 193 1535 ,
307 1439 490 1524 ‘clesiam
516 1433 650 1518 kollar
684 1433 883 1520 donantes
910 1463 996 1516 earn
1026 1438 1077 1518 ab
1106 1437 1216 1518 omni
1253 1435 1530 1520 iurisdictione
1570 1434 1790 1544 episcopali
1817 1435 1966 1516 liberam
1989 1438 2066 1546 peni·

327 1571 394 1638 tus
422 1555 463 1631 &
490 1564 737 1659 exemptam,
765 1546 1009 1658 assignando
1038 1549 1230 1656 Capitnlo
1257 1566 1398 1630 nostro
1433 1563 1675 1658 potestatem
1717 1544 1939 1628 conferendi
1962 1546 2066 1628 dictan

287 1751 294 1766 ‚
328 1663 536 1746 ecclesiam
564 1689 640 1742 nec
668 1687 752 1740 non
780 1661 843 1740 ins
871 1658 1064 1741 uisitandi
1093 1659 1324 1770 corrigendi
1353 1668 1391 1743 8(
1420 1677 1551 1742 cetera
1576 1659 1654 1738 alia
1669 1656 1841 1740 faciendi
1866 1659 1904 1738 in
1928 1656 2015 1738 dicta
2025 1686 2067 1739 ec·

256 1766 259 1775 Δ
327 1775 448 1858 clesia
477 1773 653 1882 Jnsuper
680 1760 799 1853 dictis'
828 1756 993 1880 parwlis
1022 1771 1222 1853 decimam
1252 1772 1518 1883 episcopalem
1547 1775 1586 1850 8(
1615 1768 1811 1850 decimam
1829 1796 2019 1879 pauperum
2034 1767 2067 1849 de

235 1901 240 1908 '
326 1887 414 1997 ipsa
441 1885 635 1994 parochia
661 1883 948 1993 prouenientes
976 1910 1028 1964 ex
1054 1911 1255 1966 consensu
1284 1880 1454 1993 capituli
1483 1881 1611 1966 nostri
1645 1879 1845 1991 perpetuo
1872 1879 2067 1990 deputamus.

326 1999 380 2079 ln
406 1997 524 2080 cuius
549 1995 648 2078 lacti
674 1991 924 2076 euidenciam
952 1999 994 2074 8(
1022 2013 1259 2106 perpetuam
1286 1995 1515 2076 firmitatem
1550 2009 1781 2102 presentem
1817 1993 1972 2074 litteram
1988 1991 2068 2100 sigl

326 2109 369 2190 lo
396 2123 539 2190 nostro
562 2114 607 2190 8(
633 2106 767 2216 sigillo
795 2106 974 2215 Capituli
1002 2107 1131 2188 nostri
1163 2104 1215 2188 de
1244 2134 1419 2217 quorum
1449 2131 1647 2186 consensu
1689 2105 1879 2214 premissa
1903 2105 2012 2184 omnia
2032 2101 2068 2180 le·
2128 2175 2130 2186 A

326 2221 454 2303 cimus
482 2218 671 2302 duximus
699 2215 999 2299 Roborandam.
1048 2221 1196 2300 Actum
1224 2225 1265 2298 8(
1292 2220 1441 2298 Datum
1469 2215 1596 2326 arusij
1625 2243 1733 2298 anno
1765 2216 1817 2297 ab
1846 2213 2068 2297 incarnacione

327 2330 500 2427 domini,
527 2327 863 2428 M⁰‚CC⁰LXXX‚
892 2330 1066 2439 septimo
1094 2327 1255 2412 kalend.
1283 2329 1373 2410 Mai.

308 2479 309 2484 κ
325 2441 374 2506 Pi
384 2439 552 2506 fransidcn:
564 2439 734 2506 Ordinacio
744 2437 861 2502 domini
869 2437 983 2503 Jacobi
994 2461 1093 2585 supeg·i
1096 2441 1258 2586 rrpplnsiorlpp1
1265 2438 1383 2585 cdli?
1394 2433 1428 2504 tit
1439 2438 1567 2502 decimis
1578 2433 1694 2504 ibidem
1704 2437 1845 2524 paruulis
1851 2435 2002 2500 choralibus
2009 2431 2068 2494 sace
2128 2423 2130 2498 f

1094 2543 1126 2607 gr
1152 2543 1190 2585 en
1259 2545 1270 2584 1
1303 2543 1321 2584 a
1368 2543 1394 2585 e.

133 2800 137 2812 ,
247 2847 252 2860 .
328 2689 463 2837 699.
957 2683 1113 2791 1280
1159 2684 1208 2789 d.
1259 2685 1327 2792 25
1379 2669 1504 2832 Apr.
1920 2673 2066 2827 Upsals
2129 2681 2130 2684 ‘

404 2873 589 3022 deig-tBisl.
608 2871 716 2938 Jsccrs
736 2865 857 2956 Utbyte
877 2869 917 2934 af
932 2873 1010 2934 vissa
1030 2881 1129 2934 orters
1149 2869 1255 2935 ticnde
1276 2871 1324 2936 till
1342 2871 1452 2944 ¹stillcts
1472 2869 1779 2936 studesandeiParis
1799 2879 1881 2936 emot
1899 2867 1993 2932 denaf
2003 2861 2066 2928 cndu

374 2995 379 3002 ·
510 2979 553 3021 cr.

1769 3037 1806 3093 Α.
1824 3054 1848 3108 7.
1862 3055 1886 3092 ι
1906 3050 1928 3089 t:
1943 3049 1978 3089 aa.
2034 3073 2039 3092 ,,

491 3135 695 3221 Omnibus
723 3139 768 3220 in
794 3137 949 3222 christo
977 3137 1166 3221 fidelibus
1195 3154 1402 3248 presentes
1431 3138 1584 3222 litteras
1612 3140 1857 3250 inspecturis
1871 3129 2067 3220 Jacobnsdei

189 3265 193 3282 ⁴
273 3299 274 3304 Ν
324 3251 462 3362 gracia
489 3249 819 3361 archiepiscopus
847 3250 1070 3359 vpsalensis
1097 3249 1278 3332 Salutem
1306 3251 1350 3330 in
1378 3249 1545 3332 domino
1574 3251 1689 3333 ihesu
1718 3252 1883 3333 christo.
1922 3244 2066 3330 Nouerint

323 3363 506 3444 uniuersi
534 3361 648 3472 quod
676 3389 751 3442 nos
780 3360 832 3443 ad
861 3363 1069 3445 Honorem
1097 3360 1174 3443 dei.
1222 3361 1387 3443 ecclesie
1416 3363 1646 3471 profectum
1675 3367 1715 3442 &
1745 3364 1865 3445 nobis
1904 3358 1952 3442 ad
1973 3380 2067 3439 cunu-

324 3473 410 3555 lum
438 3473 675 3555 meritorum
702 3471 961 3556 studentibus
990 3474 1148 3584 parisiis
1175 3501 1226 3553 ex
1254 3489 1370 3582 parte
1385 3473 1550 3555 ecclesie
1577 3474 1803 3583 vpsalensis
1821 3472 1979 3555 decimas
2002 3491 2066 3576 pau·

323 3614 469 3697 perum
498 3585 787 3696 proueniantes
816 3581 868 3666 de
885 3586 1124 3693 prouincia.
1158 3584 1437 3684 Liundercth.
1481 3585 1661 3694 Telgboa
1684 3632 1688 3644 ·
1708 3584 1894 3696 skiplagi.
1933 3577 2066 3662 Riudm

322 3698 509 3808 skiplagi.
538 3695 753 3778 Acherboa
781 3695 911 3803 skipla
943 3699 966 3777 i.
996 3695 1430 3806 &danarpaskiplagi
1460 3696 1648 3777 duximus
1669 3696 1938 3804 assignandas.
1963 3695 2068 3770 Veron
2096 3735 2099 3742 Δ

274 3825 278 3832 “
323 3811 421 3920 quia
445 3808 598 3892 decime
612 3805 855 3889 Huiusmodi
883 3726 940 3888 ad
966 3837 1062 3890 usus
1089 3823 1251 3888 nostros
1279 3807 1437 3888 facilius
1465 3806 1603 3916 colligi
1632 3825 1806 3916 possunt
1836 3825 1876 3889 et
1903 3800 2068 3886 deducire

273 3955 277 3960 ’
322 3919 438 4032 quod
467 3922 556 4014 loca
584 3921 627 3999 in
656 3919 806 4030 quibus
835 3920 1119 4028 percipiuntur
1148 3918 1390 3999 Huiusmodi
1419 3915 1573 4000 decime
1607 3935 1704 3999 sunt
1744 3921 1851 4000 mari
1876 3915 1986 4025 magis
2007 3933 2070 4018 pur

273 4103 275 4110 .
322 4033 501 4114 xima&
528 4031 675 4113 vicina.
706 4031 766 4110 De
795 4031 999 4110 communi
1027 4057 1227 4110 consensu
1256 4027 1423 4139 capituli
1452 4030 1582 4111 nostri
1616 4029 1848 4111 talcmcum
1875 4031 1928 4108 eis
1953 4025 2070 4104 fecimus

322 4144 681 4254 pernnrtacionem.
709 4141 937 4244 Quodncs
964 4139 1018 4223 ad
1048 4169 1143 4243 usus
1172 4158 1335 4222 nostros
1362 4142 1587 4250 recepimus
1614 4141 1667 4242 ab
1694 4142 1753 4224 eis
1781 4139 1952 4222 decimas
1969 4155 2071 4216 nene

321 4272 442 4338 ratas.
470 4253 715 4364 deputantes
743 4254 786 4333 in
814 4269 1059 4362 perpetuum
1088 4253 1183 4359 ipsis
1213 4279 1290 4360 pro
1326 4251 1443 4332 dictis
1485 4251 1648 4332 decimis
1683 4280 1910 4365 pauperum
1948 4246 2070 4330 derina

154 4379 157 4387 '
274 4382 278 4393 '
322 4367 573 4475 episcopales
602 4358 654 4446 de
676 4365 906 4471 prouinciis
935 4365 1076 4473 Tiferp
1107 4369 1146 4442 8(
1174 4362 1457 4446 Gestricaland
1487 4363 1786 4472 prouenientcs.
1842 4365 1894 4442 Jn
1920 4361 2016 4444 cuius
2035 4349 2070 4432 rei

322 4495 563 4605 perpetuam
591 4475 822 4558 firmitatem
851 4491 1057 4582 presentes
1086 4473 1244 4554 litteras
1273 4473 1407 4582 sigillo
1436 4491 1590 4555 nostro.
1618 4481 1658 4556 8(
1686 4473 1821 4584 sigillo
1851 4469 2006 4583 capituli
2025 4487 2069 4544 ne

171 4576 215 4672 ,⁹
320 4605 396 4672 stri
424 4590 539 4668 cuius
564 4613 767 4670 consensu
795 4588 987 4694 premissa
1020 4587 1156 4668 omnia
1184 4602 1274 4667 acta
1303 4585 1472 4666 fuerunt
1499 4583 1667 4666 fecimus
1695 4585 1945 4666 communiri.
1971 4589 2071 4662 Aean

330 4703 373 4782 8(
403 4701 555 4780 Datum
578 4698 611 4870 ’ἒ
635 4695 814 4808 Vpsalie.
843 4701 966 4778 Anno
994 4697 1081 4779 dmi
1109 4695 1535 4779 M⁰CC⁰LXXX⁰VII⁰
1566 4697 1658 4777 Kal.
1690 4696 1798 4806 Maij.

321 4811 370 4876 Pi
390 4806 563 4872 lrdnsidau:
612 4808 782 4872 etmutaeio
800 4805 992 4868 decimarum
1014 4807 1097 4868 facta
1118 4829 1174 4892 per
1196 4807 1356 4869 dominnm
1378 4805 1531 4868 Iacobum
1552 4827 1644 4891 super
1664 4807 1790 4869 decimis
1807 4793 2074 4889 archiepiscopalibus

404 4889 440 4958 &
461 4891 699 4956 canonicalibus.
721 4887 803 4953 Med
822 4911 929 4950 anncn
950 4889 1109 4952 hana-De
1130 4891 1298 4972 prouinciis
1312 4889 1512 4953 etudcncium
1522 4892 1642 4976 parisiis
1651 4891 1805 4976 deputatis
1825 4911 1884 4977 per
1902 4887 2072 4954 Jacobuae*

404 4975 640 5061 chiepitcopttm
659 4973 857 5038 commutatis
877 4974 909 5032 in
931 4974 1011 5056 tierp
1032 4967 1066 5035 dt
1086 4975 1277 5052 gestteciam.
1314 5017 1318 5022 .

730 5055 869 5137 sigillent
889 5052 949 5115 Nto
975 5075 986 5114 1
1012 5053 1106 5134 nigot
1127 5053 1269 5132 skadadt,
1290 5055 1349 5116 Neo
1372 5071 1390 5114 α
1413 5063 1518 5117 ristun
1540 5053 1708 5118 bortlallet.

364 5211 393 5290 r)
414 5205 480 5270 Aac
499 5205 637 5290 creagra
656 5201 775 5285 hirjats
793 5203 850 5272 titt
866 5201 987 5281 moue,
1006 5206 1046 5266 ὃν
1065 5204 1111 5286 as
1112 5203 1231 5288 sirete
1251 5205 1385 5272 strecket
1405 5203 1437 5272 V
1458 5207 1474 5268 i
1491 5203 1620 5292 Vpsalie
1640 5205 1740 5271 sedan
1759 5205 1918 5270 manate.
