4368 5950
816 527 821 538 .
968 488 1027 510 -
1145 443 1219 548 176
1329 433 1421 509 2--

216 639 221 650 ⁸
299 679 425 822 150.
946 681 1007 776 1'2
1030 675 1094 776 13
1141 619 1192 777 d.¹
1241 675 1270 780 3
1316 669 1431 836 Oct.
1909 672 2064 816 Segni

371 891 460 956 ettv.
482 895 681 959 lauocmrres
703 895 773 958 ntes
793 915 865 977 saer
879 892 930 956 till
952 892 1034 958 Pati.
1051 895 1096 977 Le
1136 904 1198 970 ten,
1220 890 1401 958 lake-Bisk.
1424 892 1567 955 Anum
1588 893 1599 954 i
1621 888 1711 953 Lund
1733 894 1773 976 pa
1796 892 1956 974 frigor-ua:
1974 891 2066 953 huru-

419 976 493 1037 vida
515 977 656 1052 Prester,
677 996 742 1040 som
762 976 833 1038 hart
855 992 924 1038 etue
944 977 1086 1038 frillore
1116 997 1150 1037 er
1174 976 1363 1052 hvarandraq
1384 975 1484 1037 skulle
1506 995 1590 1036 anses
1610 973 1709 1034 sdeom
1732 993 1750 1035 a
1772 976 1888 1056 gluger
1908 973 2003 1055 gifte3
2022 996 2067 1037 om

383 1071 386 1079 '
419 1058 599 1121 Prestsduer
630 1057 735 1120 kunde
759 1062 846 1140 viges
875 1059 926 1121 till
958 1069 1093 1139 prester3
1125 1077 1177 1119 om
1198 1058 1335 1125 Svenska
1355 1059 1537 1125 Praetercas
1556 1056 1716 1137 offeutliga
1738 1057 1913 1138 giliermdh
1936 1055 2063 1120 brumill

419 1142 460 1204 de
484 1139 613 1223 pastodo
633 1143 678 1221 sig
699 1145 755 1222 liga
783 1141 818 1202 al
841 1141 962 1204 Pdfveu
984 1139 1163 1222 medgifveu
1184 1141 1348 1282 rdttighet,
1383 1139 1479 1202 borde
1500 1140 1599 1214 talen
1626 1159 1678 1200 om
1711 1139 1880 1220 verldsliga
1912 1159 2065 1222 personet,

310 1257 318 1266 ·
419 1244 486 1286 som
504 1224 596 1304 gripu
617 1244 655 1283 en
676 1223 694 1282 al
714 1223 797 1284 fairsk
818 1226 947 1304 geruiug
970 1223 1041 1284 med
1061 1222 1142 1283 stold
1164 1223 1251 1284 betra
1274 1222 1295 1283 d
1317 1223 1457 1304 andelig‚
1490 1221 1588 1284 borde
1623 1219 1806 1303 banulysas3
1838 1242 1890 1282 otu
1923 1243 1960 1282 eu
1993 1232 2068 1303 prest

418 1303 577 1364 misstdult
598 1303 649 1364 for
669 1304 885 1386 litt-salsining,
909 1304 1011 1366 kunde
1033 1309 1043 1364 i
1064 1303 1208 1366 hendelse
1231 1305 1268 1364 af
1288 1305 1432 1380 tredska,
1465 1307 1587 1384 tvingas
1607 1313 1654 1363 att
1676 1323 1769 1364 stara
1795 1303 1877 1364 inliir
1907 1299 2068 1365 take-uis-

228 1435 232 1448 .
279 1420 292 1440 =
417 1387 533 1468 kopeu3
553 1405 605 1446 om
627 1387 829 1448 Muularnei
865 1386 1050 1468 Allhelgona
1085 1387 1214 1448 klostret
1248 1390 1269 1462 (ί
1291 1387 1392 1461 Luud)
1424 1387 1527 1448 kunde
1561 1385 1717 1446 utstrdcka
1742 1389 1820 1462 sina,
1840 1385 1878 1445 af
1895 1383 2067 1448 arte-bist.

419 1469 519 1536 Erum
539 1466 682 1529 erhtltna
702 1469 887 1550 ra'ttigheter
910 1479 956 1530 att
977 1471 1064 1552 njuta
1085 1469 1397 1552 Biskopstioudcnaf
1414 1471 1479 1530 sina
1500 1467 1585 1550 gode,
1606 1467 1758 1528 alventill
1780 1467 1874 1528 sedan
1897 1467 1956 1530 deu
1985 1468 2068 1530 -tideu

419 1551 570 1616 bekomua
594 1549 786 1632 lagenheter3
817 1573 867 1612 om
889 1573 926 1612 en
948 1554 959 1612 i
981 1549 1154 1631 hemlighet
1185 1551 1325 1614 erhdllen
1356 1551 1578 1613 uuderriittelse
1610 1571 1662 1610 om
1693 1549 1860 1632 tillenslrap
1883 1552 1893 1610 i
1919 1549 2068 1610 liirbudnu

418 1633 507 1694 leder
527 1631 624 1712 borde
639 1631 770 1708 beifras3
790 1634 850 1695 och
871 1632 955 1694 buru
976 1627 1076 1694 skulle
1097 1633 1247 1698 tortulas
1269 1631 1339 1696 med
1361 1635 1471 1714 udgnn,
1493 1653 1567 1709 som,
1589 1631 1629 1714 pe
1649 1632 1785 1713 oriktiga
1807 1630 1980 1715 uppgister,
2000 1654 2070 1692 vun-

419 1713 578 1776 uitbilall
601 1713 651 1776 till
672 1715 830 1795 ginemtl
852 1719 863 1776 i
884 1715 947 1776 5tte
967 1715 1060 1776 ledet.

1436 1831 1472 1883 K.
1491 1847 1526 1883 ru.
1544 1845 1568 1880 a:
1586 1829 1643 1882 sos.
1679 1829 1736 1882 An.
1757 1833 1794 1882 re.
1813 1825 1865 1896 Ep,
1887 1831 1943 1882 ns.

633 1965 931 2075 Arcltiepiscopo
960 1968 1164 2045 Lmulensi
1193 1969 1417 2079 apostoliam
1445 1967 1547 2043 seclis
1576 1967 1741 2070 Legata.

453 2095 560 2212 Qvia
589 2107 694 2188 circa
723 2107 886 2186 minima
915 2112 955 2185 &
984 2109 1154 2191 maxima
1183 2107 1419 2235 frequenter
1447 2107 1647 2188 humanus
1676 2107 1810 2190 delicit
1838 2104 2070 2204 intellectus,

99 2287 104 2296 .
216 2284 220 2292 ,
287 2219 500 2328 prudentis
528 2233 587 2299 est
615 2245 795 2326 quaerere
822 2217 894 2298 ubi
930 2220 1145 2326 scrupulus
1174 2217 1440 2301 dubitationis
1468 2217 1657 2298 occurrit.
1715 2217 1821 2298 Sanc
1865 2219 2071 2324 postulasti

289 2357 362 2438 per
391 2329 524 2410 sedem
552 2327 814 2436 apostolicam
842 2327 1001 2408 edoceri
1030 2329 1063 2407 si
1092 2329 1322 2435 Presbyteri
1349 2330 1568 2432 successive
1598 2325 1696 2410 duas
1726 2329 1976 2408 concubinas
2004 2329 2071 2410 ha·

168 2499 171 2506 ·
289 2439 447 2536 bentes,
462 2438 613 2545 bigami
630 2455 884 2535 censeantur,
900 2455 946 2518 ut
961 2467 1053 2520 cum
1067 2442 1142 2537 eis,
1158 2456 1362 2550 tamquam
1378 2467 1469 2520 cum
1485 2437 1794 2547 irregularibus,
1824 2437 1962 2546 quoad
1985 2468 2070 2520 exe·

289 2553 493 2634 cntionem
508 2551 571 2635 sui
585 2547 711 2654 oflicij
726 2577 901 2658 nequeas
917 2549 1169 2657 dispensare,
1198 2557 1237 2632 St
1265 2553 1300 2632 si
1333 2547 1669 2656 Presbyterorum
1704 2549 1778 2657 filij
1806 2549 1886 2627 sint
1914 2548 2070 2631 indiffe-

284 2681 422 2744 renter
452 2658 504 2739 ad
538 2687 671 2741 sacros
705 2658 868 2764 ordines
911 2661 1195 2768 promovendi,
1225 2666 1264 2740 &
1292 2677 1428 2746 utrum
1463 2660 1690 2741 sacerdotes
1727 2658 1900 2740 Suethiae
1928 2663 1972 2739 in
2000 2689 2071 2769 pu-

287 2771 405 2852 blicis
420 2769 566 2850 debeas
581 2769 751 2850 tolerare
780 2769 997 2878 conjugiis,
1026 2774 1098 2882 qui
1127 2764 1249 2881 sup'er
1291 2772 1369 2851 hoc
1399 2799 1440 2852 se
1469 2786 1653 2853 asserunt
1695 2769 1903 2877 eujusdam
1932 2774 2072 2852 summi

287 2881 493 2964 Pontificis
524 2878 737 2988 privilegio
764 2883 1042 2962 communitos.
1076 2881 1141 2962 Ad
1170 2911 1261 2993 quae
1288 2885 1343 2962 sic
1371 2880 1558 2963 duximus
1587 2878 1932 2990 respondendum,
1963 2880 2072 2990 quod

287 3020 380 3072 cum
408 2990 637 3072 sacerdotes
665 2990 865 3099 praedicti,
895 2995 978 3072 sive
1008 3021 1091 3074 uno
1115 2993 1197 3074 sive
1228 2992 1394 3074 diversis
1408 2991 1678 3102 temporibus,
1707 2991 1842 3100 plures
1859 2991 2072 3072 habuerint

289 3097 551 3197 concubinas,
580 3099 910 3210 irregularitatem
940 3129 1025 3183 non
1055 3107 1300 3185 incurrerint
1314 3102 1515 3212 bigamiae,
1538 3131 1630 3184 curn
1659 3103 1734 3198 eis,
1764 3121 1967 3210 tamquam
1983 3103 2072 3182 sim-

289 3212 385 3319 plici
413 3211 680 3294 fornicatione
709 3213 875 3308 notatis,
905 3214 1042 3320 quoad
1071 3217 1348 3296 executionem
1383 3211 1640 3298 sacerdotalis
1675 3212 1798 3323 oflicij
1833 3213 1985 3320 poteris
2014 3213 2072 3293 di·

287 3350 306 3401 s
327 3351 491 3418 ensare,
520 3324 554 3403 si
581 3324 724 3409 vivere¹
738 3322 969 3402 curaverint
984 3327 1249 3406 continenter.
1281 3325 1340 3404 De
1355 3323 1690 3430 Presbyterorum
1705 3351 1802 3404 vero
1816 3321 1907 3402 liliis
1929 3342 2010 3403 tam
2025 3352 2079 3404 en

287 3351 450 3514 decreto
479 3434 637 3516 Vrbaui
652 3437 771 3541 Papae
785 3431 951 3513 secundi
962 3463 1084 3545 quam
1099 3467 1146 3522 ex
1163 3435 1346 3516 Concilio
1360 3434 1565 3544 colligitur
1579 3435 1802 3515 Pictavensi
1817 3432 1930 3542 quod
1946 3433 1998 3515 ad
2014 3464 2074 3514 sa·

287 3571 377 3625 cros
406 3571 489 3624 uon
518 3560 611 3623 sunt
639 3541 801 3623 ordines
829 3545 1108 3652 promovendi,
1139 3549 1214 3626 nisi
1242 3563 1313 3627 aut
1335 3549 1377 3626 in
1392 3545 1588 3638 coenobiis
1604 3548 1731 3632 autin
1747 3543 2074 3654 canonicaregu·

287 3654 363 3735 lari
391 3653 573 3762 religiose
603 3653 756 3734 fuerint
777 3659 1010 3739 conversati.
1054 3660 1114 3739 De
1135 3659 1385 3764 Presbyteris
1406 3675 1539 3738 autem
1558 3656 1732 3742 Suethiae
1755 3683 1839 3736 non
1861 3682 2073 3763 possumus

288 3763 385 3847 dare
413 3792 664 3873 responsum,
694 3767 769 3846 nisi
796 3765 1013 3850 viderimus
1028 3768 1281 3875 privilegium
1296 3766 1409 3879 quod
1431 3765 1696 3875 praetendunt.
1728 3764 1956 3871 Quaesivisti
1971 3795 2073 3874 prae·

287 3892 395 3957 terea
410 3892 547 3955 utrum
577 3876 618 3956 in
646 3902 840 3956 canonem
869 3877 1050 3960 iudicant
1074 3879 1165 3958 laici
1179 3881 1382 3962 sententiae
1397 3879 1747 3987 promulgataqui
1760 3877 1990 3958 sacerdotes
2004 3896 2074 3958 aut

287 3987 386 4066 alios
414 3986 579 4069 elericos
607 3987 649 4064 in
678 3985 886 4068 manifesto
915 3988 1026 4068 furto
1056 3988 1365 4096 comprehensos
1400 3990 1738 4070 contrectaverint
1763 3986 1998 4086 violenter,
2041 3991 2074 4068 si

286 4099 386 4178 citra
416 4098 647 4180 violentiam
676 4115 877 4208 nequeant
905 4099 1210 4212 comprehendi,
1237 4105 1279 4178 .&
1301 4099 1533 4196 siclericus,
1562 4129 1682 4208 quem
1696 4097 2074 4208 vehementerprae-

284 4211 408 4288 sumis
436 4237 519 4289 esse
548 4209 769 4298 falsarium,
799 4208 850 4289 ad
880 4227 990 4296 tuam
1019 4213 1266 4318 praesentiam
1297 4213 1442 4292 citatus
1457 4210 1633 4318 legitime
1648 4210 1784 4290 venire
1800 4226 2073 4304 contemnens,

170 4374 174 4380 -
287 4320 385 4400 citra
414 4320 836 4401 excommunicationis
864 4323 1104 4404 sententiam
1133 4319 1184 4402 ad
1212 4320 1407 4429 judicium
1435 4347 1507 4430 per
1536 4321 1768 4402 violentiam
1797 4320 1905 4400 trahi
1934 4324 2073 4428 possit.

287 4427 350 4508 Ad
379 4430 464 4509 haec
493 4430 629 4510 taliter
657 4428 963 4538 respondemus,
992 4431 1105 4542 quod
1134 4434 1174 4511 in
1204 4451 1351 4513 neutro
1379 4461 1543 4518 casuum
1571 4431 1856 4539 praedictorum
1870 4433 2074 4515 sententia

160 4601 164 4608 .
248 4565 254 4580 ·
287 4540 707 4643 excommunicationis
736 4544 974 4642 incurritur,
1011 4543 1229 4626 dummodo
1264 4531 1496 4628 mandatum
1529 4533 1783 4628 interveniat
1809 4543 2075 4628 Praelatorum

287 4674 461 4756 quorum
490 4651 587 4731 tales
615 4651 750 4738 clerici
778 4670 872 4732 sunt
900 4653 1167 4761 jurisdictioni
1195 4655 1387 4762 subjecti3
1417 4683 1509 4736 cum
1537 4656 1614 4741 hoc
1641 4683 1727 4736 non
1753 4654 1832 4760 ipsi
1860 4651 1972 4748 laici,
2003 4651 2075 4734 sed
2174 4663 2176 4676 ⁴

287 4757 345 4838 illi
374 4759 511 4862 potius
538 4789 712 4871 quorum
740 4765 981 4845 auctoritate
1009 4765 1051 4847 id
1082 4764 1234 4853 faciunt
1263 4767 1393 4854 facere
1422 4764 1670 4874 videantur,
1691 4791 1765 4852 uec
1795 4764 1971 4870 amplius
1997 4763 2072 4850 lai-

286 4895 426 4948 corum
457 4865 642 4954 violentia
670 4873 912 4958 extendatur
940 4905 1063 4986 quam
1091 4871 1270 4962 defensio
1297 4905 1369 4958 seu
1397 4877 1566 4960 rebellio
1601 4877 1778 4986 exegerit
1813 4875 2067 4956 clericorum

1831 4983 1939 5074 Sub·
