4404 5960
978 523 1050 604 ψ·-
1160 483 1243 582 us
1354 527 1529 604 -1

252 719 260 730 ·
309 707 489 793 unricus
515 732 637 816 quam
667 669 833 801 utum,
866 702 1033 796 aarum
1061 703 1178 787 nous
1206 707 1250 788 sn
1278 705 1441 791 cnuto
1469 705 1673 792 dominam
1702 709 1915 794 priorissam
1939 733 1973 797 a
1994 748 2041 802 u
2147 737 2156 789 r

310 837 423 902 rores
451 818 507 900 de·
529 818 619 914 Sco,
647 817 767 897 nobis
794 814 990 926 quasdam
1018 817 1337 918 confirmatorias
1352 820 1504 900 litteras
1519 837 1784 928 presentasse,
1799 849 1890 933 quas
1903 826 2043 913 lllustres
2098 883 2103 892 .
2146 859 2147 904 l

171 960 178 988 ³
308 930 472 1012 Domini
501 928 643 1010 Ericus
670 943 713 1008 et
739 929 944 1014 lohannes
969 927 1175 1039 quondam
1205 931 1334 1039 Reges
1364 930 1542 1035 Svetbiae
1564 931 1691 1016 felicis
1712 933 1973 1034 recordationis
1985 941 2044 1047 jan
2146 924 2149 1010 l

307 1040 512 1152 praedictis
540 1039 748 1124 sororibus
775 1067 822 1120 su
878 1038 1182 1151 rquarundarn
1212 1039 1508 1150 posscssionum
1537 1043 1793 1140 limitatione,
1820 1048 1980 1156 exigente
2001 1053 2047 1158 ju·
2155 1125 2156 1144 ,

307 1155 432 1252 stitia,
462 1150 664 1234 duxerant
692 1066 990 1248 coneedindas,
1018 1177 1195 1261 quarum
1220 1170 1399 1234 tenorem
1442 1152 1493 1234 de
1535 1155 1662 1236 verbo
1695 1153 1748 1236 ad
1788 1156 1940 1264 verbum
1977 1163 2048 1242 sub

307 1263 572 1373 sequentibus
595 1260 784 1348 duximus
812 1260 1081 1352 inserendum.
1110 1263 1162 1341 Se
1190 1265 1230 1344 Τ
1225 1265 1403 1372 maggae
1416 1268 1502 1367 [ὃν
1536 1269 1801 1352 saro-1216
1830 1269 1896 1348 oclt
1926 1273 2050 1350 1215-

314 1403 426 1458 rass.
456 1377 508 1454 Et
534 1375 631 1482 quia
662 1369 883 1482 predictas,
900 1373 1223 1465 confirmatidires
1252 1374 1514 1482 cognovimus
1535 1376 1825 1458 rationabiliter
1847 1406 1922 1458 esse
1946 1379 2052 1476 lactu,

308 1514 382 1568 nos
411 1486 650 1580 auctoritate
678 1500 815 1564 nostra
843 1484 1088 1571 ratificamus
1121 1483 1300 1582 easdem,
1342 1484 1575 1594 adjicientes
1618 1489 1784 1598 insuper
1825 1504 1951 1568 tenore
1976 1500 2052 1598 prae'·
2155 1481 2156 1498 ᾗ

304 1598 496 1693 sentium,
525 1596 714 1682 omnibus
741 1592 793 1682 ad
821 1623 924 1705 quos
952 1597 1148 1704 scriptum
1178 1624 1350 1704 praesens
1379 1599 1607 1706 pervenerit
1643 1597 1881 1696 intimando,
1910 1626 1973 1678 nos
2001 1630 2053 1682 su·

305 1707 485 1820 pedictas
513 1708 579 1792 dei
607 1704 777 1792 famuas
806 1704 883 1786 sub
911 1725 1090 1792 nostram
1120 1708 1412 1816 protectionem
1442 1709 1667 1818 specialiter
1694 1713 1906 1818 suscepisse
1938 1713 2056 1817 pariter

304 1841 346 1902 et
372 1817 559 1915 tutelam,
588 1819 664 1901 sub
693 1816 863 1906 obtentu
891 1821 1029 1926 gratiae
1059 1834 1206 1902 nostrae
1235 1816 1416 1900 districte
1446 1819 1700 1918 mandantes,
1729 1837 1924 1932 quatenus
1954 1821 2058 1902 nullus

276 1931 383 2027 ¹sub
412 1947 550 2012 nostra
579 1943 778 2040 potestate
808 1931 1073 2024 constitutus,
1102 1927 1262 2016 casdem
1289 1928 1441 2018 Christi
1472 1931 1640 2012 famulas
1683 1959 1805 2041 super
1841 1934 2058 2040 possessioni·
2095 1931 2099 1944 '

176 2113 189 2126 „
307 2047 381 2126 bus
410 2038 625 2126 earundem
643 2055 796 2123 xcontra
824 2037 1021 2147 justitiam
1048 2037 1302 2147 aliquatenus
1332 2042 1575 2149 perturbare
1604 2060 1831 2152 praesumat.
1860 2043 1900 2129 Si
1920 2044 1998 2152 quis
2008 2072 2059 2122 au·
2147 2110 2149 2131 ,

306 2173 388 2235 tem
417 2151 517 2232 ausu
545 2151 758 2236 temerario
787 2165 930 2260 eontra
960 2149 1139 2242 mandati
1167 2151 1296 2235 nostri
1330 2169 1513 2234 tenorem
1555 2151 1687 2238 ,facere
1729 2154 2008 2264 presumpserit
2030 2156 2060 2231 in
2155 2155 2156 2164 '

304 2267 380 2345 hac
409 2278 541 2373 parte,
573 2290 648 2368 pro
677 2280 787 2343 certo
816 2263 917 2343 scire
947 2261 1088 2360 debet,
1117 2262 1230 2368 quod
1258 2281 1340 2343 tam
1370 2265 1411 2346 in
1440 2291 1614 2373 persona
1641 2293 1765 2375 quant
1794 2266 1839 2346 in
1867 2267 1977 2347 rebus
1993 2292 2059 2372 gra·
2149 2267 2150 2271 ’

306 2403 400 2505 vern
426 2373 715 2572 ffldciijnfflis
742 2373 889 2468 nostrae
917 2375 1062 2470 sentiet
1091 2373 1299 2468 ultionem.-
1332 2373 1480 2480 Datum
1509 2377 1678 2489 Husaby
1708 2377 1853 2492 Trogh
1869 2379 1977 2460 Auno
2001 2375 2060 2454 lle

305 2515 401 2573 mrsu
473 2547 482 2565 .
554 2545 562 2564 .
701 2544 711 2576 ,

310 2881 443 3028 493·
967 2877 1117 3026 1264
1163 2881 1212 2997 d.
1261 2919 1289 2987 a
1339 2883 1464 2987 Jan.¹
1514 2905 1518 2920 '
1948 2877 2060 2983 Rom.

387 3105 468 3170 Pafv
496 3101 640 3166 Ursinus
662 3103 733 3166 ths
753 3099 952 3247 Skpddsbrel
966 3101 1017 3165 ter
1038 3101 1174 3184 Konung
1193 3099 1278 3164 Earn
1296 3104 1309 3164 i
1331 3103 1493 3166 Danmark
1513 3100 1574 3164 och
1595 3102 1779 3196 Drottning1
1792 3095 2065 3167 Mncmuslou

437 3187 528 3248 deras
549 3185 628 3253 llile
649 3195 694 3248 att
714 3188 751 3267 ej,
773 3207 792 3248 a
826 3185 865 3248 de
885 3186 936 3248 sor
957 3185 1114 3269 fiendslcp
1135 3195 1202 3250 mot
1222 3185 1389 3266 Regentem
1411 3197 1483 3247 utcu·
1504 3185 1731 3256 Riketefrilne
1742 3181 2068 3266 urle-Bulopenlrms

440 3269 634 3332 Essuossos
655 3271 666 3330 i
686 3269 778 3332 Luud
798 3267 859 3332 och
880 3269 994 3354 Bislop
1015 3271 1118 3341 Parsa
1139 3269 1150 3329 i
1171 3267 1311 3346 nouus,
1331 3268 1434 3330 lucca
1456 3268 1629 3352 bennlysas,

1529 3383 1561 3446 F,
1581 3398 1608 3444 r:
1626 3385 1687 3455 opt,
1728 3383 1787 3441 An.
1811 3382 1839 3438 3.
1858 3378 1914 3454 Ep.
1931 3381 1971 3456 ⁸7·

471 3485 657 3608 Urbdnus
686 3527 758 3610 &c
787 3521 1003 3603 Carissimo
1031 3526 1073 3602 in
1100 3519 1257 3602 Christo
1274 3521 1370 3624 filio
1399 3519 1449 3600 E.
1478 3521 1585 3627 Regi
1610 3522 1759 3617 Dacis,
1803 3550 1857 3601 ao
1898 3517 2073 3598 carusius

505 3643 545 3716 iu
573 3635 732 3722 Christo
749 3631 854 3737 filie.
881 3692 892 3720 ,
922 3689 931 3716 .
962 3633 1114 3740 Regiae
1141 3633 1278 3713 Matri
1304 3629 1392 3738 ejus
1419 3632 1641 3720 illustribus
1669 3630 1856 3722 Salutem
1886 3633 1958 3708 &a

471 3781 552 3859 Pro
581 3779 734 3857 sincere
763 3755 991 3856 devotionls
1020 3803 1081 3854 ac.
1094 3773 1186 3860 fidei
1216 3771 1317 3896 pure
1332 3775 1505 3875 meritis;
1535 3774 1696 3884 quibus,
1725 3803 1803 3885 per·
1818 3774 1998 3856 divinam
2009 3792 2076 3875 gra·

305 3897 402 3974 tiam
431 3887 642 4000 splendere
673 3887 902 3998 probamini
930 3912 1002 3965 vos
1018 3884 1189 3965 libenter
1218 3885 1382 3996 speciali
1396 3884 1534 3966 favore
1550 3889 1840 3996 prosequimur
1864 3887 1909 3966 in
1925 3882 1996 3962 hiis
2008 3901 2077 3988 pre·
2157 3969 2158 3982 Ν

306 4007 443 4114 cipue,
472 4029 545 4113 per
575 4028 654 4111 que
682 4014 809 4080 status
836 3997 959 4086 vestri
988 4011 1079 4085 tren
1111 3996 1260 4078 uillitas
1288 3995 1433 4084 debeat
1461 3998 1689 4107 provenire,
1717 3997 1838 4078 firma
1869 3993 2080 4077 credulitate
2156 4011 2158 4110 ἰ

305 4117 507 4210 tenentes,
537 4109 650 4226 quod
679 4126 833 4230 quanto
862 4105 915 4190 ab
943 4023 1164 4214 apostoiica
1196 4107 1299 4190 Sede
1328 4109 1498 4215 gratiam
1540 4109 1806 4234 perceperitis
1853 4105 2083 4218 ampliorem,
2157 4113 2158 4120 '

306 4245 422 4326 tanto
451 4224 670 4314 ferventius
698 4219 911 4312 studebitis
938 4216 1016 4297 sibi
1043 4245 1164 4328 super
1193 4220 1288 4316 hiis,
1319 4245 1402 4329 que
1431 4219 1556 4328 ipsius
1586 4217 1709 4299 decus
1736 4221 1960 4328 aspiciunt,
1987 4237 2082 4322 opor·
2157 4265 2158 4276 κ

306 4359 406 4424 tuno
435 4356 617 4446 tempore
645 4333 904 4438 complacere,
964 4331 1068 4409 Cum
1095 4331 1232 4441 itaque
1260 4331 1365 4410 sicut
1391 4329 1452 4409 ex'
1502 4344 1589 4410 arte
1631 4347 1761 4416 vestra
1806 4330 1896 4411 fuit
1926 4319 2085 4438 proposi·
2157 4407 2158 4422 ,

306 4469 391 4530 tum
421 4475 558 4531 coram
587 4443 704 4534 nobis
733 4439 993 4530 Venerabiles
1022 4439 1165 4522 fratres
1200 4442 1328 4532 nostri
1357 4501 1367 4529 ,.
1474 4359 1705 4524 lundensis
1740 4441 2084 4550 archiepiscopus,
2156 4433 2158 4524 l

308 4575 386 4639 et.
419 4620 427 4637 .
458 4563 491 4638 .’
523 4559 749 4678 Episcopus
777 4551 1052 4636 boskildensis
1080 4581 1122 4640 se
1162 4555 1305 4633 vestris
1346 4547 1521 4666 publicis
1564 4553 1735 4639 inimicis
1778 4553 1824 4648 in
1874 4553 1961 4634 suis
1979 4571 1983 4577 ·
2001 4545 2088 4628 dan·
2156 4533 2158 4580 ⁹

310 4672 445 4779 puetis
475 4667 616 4749 studiis
645 4663 958 4776 conjungentes,
988 4691 1029 4743 se
1058 4665 1173 4745 vobis
1201 4660 1386 4772 publicos
1414 4661 1568 4742 emulos
1598 4682 1638 4744 et
1665 4663 1858 4751 inimicos
1890 4660 2088 4744 constitue·

307 4782 391 4862 rint
420 4777 664 4875 manifestos,
693 4803 738 4860 ac
765 4773 965 4868 exiverint
990 4774 1206 4853 occasione
1229 4769 1461 4881 hujusmodi
1491 4772 1675 4881 Regnum
1705 4789 1916 4872 vestrum,
1940 4798 2012 4852 nos
2029 4765 2096 4845 ‘de

307 4887 481 4972 votionis
508 4891 638 4968 vestre
666 4882 855 4995 precibus
870 4883 1085 4984 inclinati,
1111 4882 1228 4964 vobis
1259 4882 1511 4963 auctoritate¹
1566 4885 1781 4977 recentium
1826 4885 2092 4992 indulgemus,

307 5019 353 5080 ut
379 4995 517 5080 nullus
540 4999 725 5105 ¹ipsorum
750 4993 982 5106 hujusmodi
1024 4993 1241 5086 inimicitiis
1283 5011 1452 5106 propter
1482 4911 1649 5116 calisam
1672 4999 1814 5086 eorum
1865 4991 2091 5086 durantibus
2156 5003 2158 5088 l

1792 5108 1912 5192 inter
2157 5189 2158 5260 ,
