4398 5958
1022 409 1440 532 -·512·-

337 633 390 714 ab
405 630 513 710 omui
529 629 616 709 iure
631 628 766 738 regali.
796 627 985 710 videlieet
1000 629 1291 730 exactionibus.
1322 634 1362 710 8<
1390 628 1763 740 procursatoribus:
1783 627 2092 738 expedicionibm,

334 743 397 824 vel
412 742 500 849 alijs
515 738 694 820 collectis
708 738 857 848 quibus
872 740 940 819 alii
968 740 1191 848 subjacent.
1220 741 1366 823 liberas
1380 769 1537 850 semper
1550 759 1657 822 sumt
1678 741 1824 823 euim
1852 745 1914 824 till
1931 771 2076 852 perseus·

333 870 406 950 ret,
429 852 578 933 dictam
606 851 833 932 libertatem
862 849 1012 959 siggillj
1040 853 1167 931 nostri
1196 854 1413 934 munimine
1441 852 1897 960 roboramuslnsuper.
1922 856 2077 942 omnibus:

332 987 405 1073 per
426 964 629 1071 presencia
645 962 794 1068 scripta
810 956 1070 1041 declaramus.
1101 962 1225 1066 Quod
1253 964 1448 1072 prefatam
1478 966 1661 1044 Domum.
1690 966 1729 1042 8t
1759 964 1940 1042 nominas
1965 967 2078 1050 ibidem

332 1075 409 1156 deo
431 1072 597 1152 domino
618 1072 858 1151 Seruientes.
891 1073 976 1152 Sub
991 1072 1128 1181 clipej
1157 1077 1287 1154 nostri
1301 1075 1468 1155 tutelam
1491 1073 1773 1154 constituimus
1786 1073 1996 1181 specialiter
2009 1105 2080 1185 prm

331 1181 534 1293 tegendas.
569 1186 690 1290 quani
718 1180 790 1262 diu
822 1183 1039 1262 uixerimus
1067 1181 1233 1264 domino
1263 1185 1467 1292 largiente.
1503 1187 1568 1264 lta
1603 1181 1716 1293 quod
1744 1186 1978 1293 quicumque
2001 1189 2078 1294 ipsas

331 1297 478 1375 iniuste
502 1293 775 1372 molestauerit
802 1291 844 1370 in
873 1293 1075 1400 aliquibus
1104 1297 1281 1374 strictam
1317 1314 1452 1375 nostre
1487 1295 1704 1374 maiestatis
1738 1297 1882 1376 sentiet
1914 1295 2076 1380 vltioncm

333 1408 480 1487 Datum
516 1402 704 1485 Gudhem
748 1405 866 1482 Anno
896 1404 1069 1484 Domini.
1098 1405 1496 1487 bl⁰.CC⁰.LXX⁰.Vl⁰
1527 1407 1625 1484 vlr
1654 1404 1746 1514 jdus
1776 1409 1950 1514 Augusti.

1103 1542 1222 1624 sigillet
1249 1545 1352 1612 finces.
1573 1533 1577 1548 ⁸

335 1894 467 1999 618.
951 1890 1101 2032 1276
1148 1889 1196 1994 d.
1246 1927 1312 1995 21
1364 1889 1503 2036 Sept.
1923 1887 2078 2038 Upsala.

411 2079 493 2176 lion.
515 2111 645 2174 Maurus
668 2109 706 2169 l:s
727 2107 879 2177 salubres
895 2109 936 2194 pt
958 2109 1110 2191 gardas-ne
1132 2110 1277 2176 Skinella
1300 2109 1361 2173 och
1382 2109 1468 2192 Harg
1488 2110 1536 2171 till
1557 2111 1725 2180 Nunnouna
1746 2109 1757 2171 i
1777 2107 1961 2172 Skollostcr.

1630 2253 1637 2266 ·
1738 2223 1775 2278 D.
1792 2241 1819 2284 ι.
1839 2239 1862 2296 7:
1879 2223 1934 2294 461.
1950 2227 1978 2294 *l

495 2360 696 2444 Omnibus
724 2387 887 2469 presens
929 2306 1133 2469 scriptum¹
1167 2364 1424 2445 cernentibus
1471 2359 1641 2476 Magnus
1670 2362 1718 2439 D.
1742 2360 1800 2440 G.
1850 2361 1932 2440 Rex
1963 2359 2076 2439 Svevo·

327 2504 418 2562 rum
445 2472 612 2556 salutem
642 2472 684 2550 in
712 2471 878 2553 domino
906 2472 1197 2580 sempiternam.
1227 2474 1452 2583 lnjuriatur
1480 2473 1670 2552 memoria
1693 2471 1927 2578 frequenter
1950 2469 2075 2564 oblivio,

325 2607 366 2670 et
394 2615 444 2667 ex
472 2583 769 2692 longinquitate
799 2583 912 2690 Saepe
946 2586 989 2662 lit
1019 2583 1228 2688 temporis,
1258 2585 1370 2695 quod
1400 2573 1468 2664 res¹
1490 2581 1597 2662 clara
1620 2582 1904 2690 praesentibus,
1932 2579 2076 2662 redditu

325 2702 498 2780 obscura
525 2694 690 2788 futuris,
718 2707 759 2770 et
787 2693 844 2772 sic
872 2692 1074 2774 interdum
1103 2719 1193 2800 quae
1233 2694 1360 2800 juste,
1384 2693 1479 2773 rite
1515 2709 1556 2772 et
1584 2693 1770 2774 ordinate
1799 2709 1895 2772 sunt
1922 2691 2027 2786 lacta,
2046 2694 2074 2768 iu

324 2809 497 2892 dubium
524 2818 778 2884 revocantur:
810 2805 943 2905 Qvare
972 2801 1164 2883 adversus
1193 2805 1409 2886 oblivionis
1437 2803 1695 2913 dispendium
1715 2802 1766 2885 de
1790 2805 1994 2910 ‘scripture
2016 2799 2074 2881 sul·

324 2921 456 3028 fregio
484 2914 732 3025 prudentum
761 2914 916 2994 cautela
944 2910 1136 3021 providit.
1167 2913 1273 2995 Sane
1301 2932 1484 2996 constare
1512 2917 1697 2995 volumus
1719 2914 1977 3023 praesentibus
1988 2909 2073 2992 ets·

253 3065 257 3071 ·
321 3033 444 3124 turis,
477 3024 590 3134 quod
620 3024 772 3104 curiam
808 3043 984 3107 nostram
1012 3025 1056 3103 in
1086 3024 1279 3123 Scanald,
1322 3043 1363 3106 et
1406 3023 1601 3133 praedium
1629 3027 1671 3107 in
1700 3027 1785 3106 Har
1821 3089 1834 3122 ,
1875 3053 1959 3106 cum
1983 3024 2072 3131 agris,

252 3211 256 3220 .
322 3140 467 3250 pratis,
496 3134 622 3229 silvis,
651 3135 852 3240 piscariis,
882 3133 1115 3216 molendino
1143 3151 1185 3213 et
1213 3139 1366 3218 coeteris
1395 3137 1615 3217 attinentiis
1652 3055 1895 3233 eorundem,
1923 3134 2072 3242 religiosis

318 3247 564 3332 dominabus
592 3247 961 3327 sanctimonialibus
996 3249 1037 3326 in
1075 3248 1180 3341 Sco,
1216 3276 1292 3356 pro
1320 3248 1428 3356 justo
1471 3247 1604 3355 pretio
1638 3246 1896 3331 vendidimus
1923 3263 1960 3326 et
1984 3243 2072 3324 tradi·

322 3361 452 3443 dimus
481 3372 679 3464 perpetuo
709 3357 871 3437 nomine
899 3357 1016 3438 dictae
1047 3355 1189 3436 domus
1211 3357 1471 3465 possidenda,
1499 3375 1540 3437 et
1563 3355 1785 3440 dominium
1813 3387 1864 3442 ac
1891 3358 2071 3467 proprieta-

320 3489 403 3551 tem
432 3467 633 3548 dictorum
661 3466 794 3545 Curiae
822 3485 863 3547 et
893 3469 1034 3576 praedii
1063 3469 1107 3548 in
1142 3464 1301 3549 easdem
1335 3486 1501 3577 recepto
1543 3470 1674 3576 pretio
1716 3470 2000 3563 transtulimus,
2028 3465 2071 3543 his

238 3591 244 3604 '
320 3578 504 3662 firmariis
531 3603 642 3656 more
670 3575 890 3658 Svevorum
920 3579 1025 3660 datis
1053 3606 1098 3659 ac
1125 3577 1250 3661 ¹modo
1278 3581 1511 3675 nominatis,
1541 3576 1712 3660 dominis
1740 3582 1890 3689 Magno
1907 3574 2068 3687 Dapilem,

319 3692 502 3771 iohanne
529 3686 724 3794 Philippi,
754 3686 932 3795 Byrgero
962 3689 1087 3769 fratre
1117 3717 1191 3770 suo
1226 3691 1444 3799 Gregorio,
1474 3690 1653 3798 Byrgero
1689 3693 1889 3800 Haqvini,
1922 3688 2068 3794 Philippo

318 3803 370 3884 de
400 3795 578 3904 Romby‚
607 3794 803 3892 Erlend0,
832 3799 1013 3879 lohanue
1041 3799 1240 3896 Karlsun,
1271 3800 1447 3883 Anundo
1476 3800 1694 3899 Haralsun,
1725 3801 1875 3885 Utsone
1901 3801 2069 3906 Holmger·

319 3941 407 4005 sun,
437 3908 606 3990 Nicolao
635 3909 696 3987 Na
728 3906 841 3987 lasun
863 3907 914 4020 ¹),
943 3909 1111 3989 Nicolao
1141 3912 1489 4016 Ingimundesun,
1517 3911 1799 3996 Beronedicto
1820 3911 2069 4007 Naef,=Ber0uc

317 4023 367 4106 de
396 4019 660 4113 Rikibastum,
689 3935 978 4115 bietilmundo,
1000 4019 1154 4110 Rerilto
1170 4022 1408 4130 llyrgerson,
1438 4022 1654 4103 Benedicta
1669 4023 1952 4103 archidiacono
1969 4019 1995 4131 ²)
2009 4020 2069 4123 Up-

316 4133 472 4226 saleusi,
501 4129 720 4236 Praeposito
749 4128 922 4227 Berone,
951 4131 1102 4210 Jacobo
1131 4132 1304 4229 Israelis,
1333 4134 1524 4242 Magistro
1554 4132 1734 4230 Andrea,
1762 4131 1919 4230 Hparo,
1947 4128 2069 4235 Rodge

174 4309 177 4316 .
314 4274 381 4342 vo,
414 4241 645 4333 Salomone,
688 4239 834 4321 lsraele
864 4241 1063 4322 Erlensun
1092 4258 1133 4321 et
1161 4242 1311 4338 Olav0,
1357 4244 1572 4332 Canonicis
1600 4243 1777 4350 ejusdem
1817 4242 1986 4326 ecolesiae
2009 4241 2068 4345 Ula

317 4356 492 4437 salensis.
521 4349 632 4429 Nulli
661 4375 758 4459 ergo
787 4352 953 4430 omnino
981 4353 1189 4432 bominum
1219 4354 1335 4434 liceat
1370 4354 1475 4435 hanc
1505 4370 1682 4434 nostram
1725 4353 1993 4436 venditionem
2015 4353 2067 4430 rite

314 4482 355 4548 et
382 4463 562 4572 legaliter
591 4457 736 4538 factam
764 4459 996 4570 infringere,
1029 4464 1093 4550 vel
1122 4466 1158 4544 ei
1187 4491 1286 4543 ausu
1317 4467 1528 4545 temerario
1557 4465 1596 4543 in
1613 4465 1836 4573 periculum
1854 4468 1990 4546 animas
2012 4485 2067 4540 sue

313 4575 526 4660 contraire.
569 4571 612 4651 Si
642 4569 732 4679 quis
760 4598 856 4650 vero
885 4573 963 4652 hoc
991 4589 1229 4681 attemptare
1258 4577 1575 4684 praesumpserit,
1603 4593 1756 4683 partem
1787 4605 1881 4657 oum
1911 4578 2067 4656 Datanet

316 4683 493 4775 Abiron,
521 4707 623 4789 qvos
652 4697 759 4765 terra
787 4683 901 4772 vivos
929 4682 1159 4782 absorbuit,
1203 4712 1243 4765 se
1273 4687 1430 4773 noverit
1458 4687 1701 4775 habiturum.
1761 4687 1815 4768 Ut
1856 4704 1984 4767 autem
2008 4683 2066 4761 hac

377 4899 380 4906 .
508 4791 541 4839 ·’
1766 4813 1904 4878 nostra
2138 4825 2140 4832 ⁴

311 4939 583 4968 ...........

352 5010 377 5082 *J
400 5003 590 5066 Medeam:
612 4999 946 5068 Collationmadtmed
968 5004 1366 5090 original-penetretur.
1401 5013 1428 5088 r)
1450 5008 1617 5093 Regiasmr,
1639 5011 1666 5076 J.
1689 5007 1717 5071 3:
1739 5029 1788 5092 97.
1830 5013 1859 5088 2)
1882 5003 1984 5076 Aruidi
2002 5008 2063 5070 ast
2139 4959 2140 4976 l
