4382 5964
800 437 859 460 ¹·-
958 395 1051 534 *⁶²7
1165 439 1236 518 ,···,

5 697 12 706 .
105 621 186 708 tam
212 612 468 730 presentibus
494 641 618 728 quam
646 611 806 720 lutrinis,
834 615 920 700 Nos
947 611 1135 730 predium
1163 616 1409 700 nostrumin
1423 613 1650 731 Thannuge
1677 616 1897 705 villa1Hel·
1969 693 1977 710 ,
2164 683 2167 690 .

16 799 19 808 .
61 732 190 834 ‚libir
216 726 406 813 videlicet
439 743 621 840 quatuor
647 725 804 811 solidos
826 745 953 812 terre'
981 726 1207 812 venerabili
1248 728 1356 838 patri
1382 727 1551 815 domino
1590 727 1771 816 Anuudo
1798 733 1897 844 Epir
2002 751 2009 766 '
2094 736 2098 746 ’

86 851 224 952 'scopo
252 842 541 950 strengenensi
569 865 646 951 pro
673 841 779 923 iusto
808 841 947 951 precio
974 839 1095 921 nobis
1121 838 1302 923 totaliter
1330 841 1541 927 commisso
1562 871 1668 928 ,cum
1701 841 1812 929 festis
1830 845 1898 941 ¹le·

97 953 261 1064 galibus
289 951 518 1036 vendidisse
546 967 746 1063 perpetuo
774 949 1075 1062 possidendum.
1130 953 1182 1032 Jn
1211 953 1325 1034 ouius
1352 956 1413 1036 rei
1440 956 1716 1040 testimonium
1743 958 1899 1039 eteni-

96 1067 283 1149 denciam
311 1064 534 1175 pleniorem
562 1065 739 1176 presenti
767 1066 920 1173 scripto
948 1062 1124 1172 sigillum
1151 1081 1337 1148 nostrum
1364 1062 1554 1152 duximus
1567 1065 1897 1180 appendendum.

96 1179 248 1260 Actum
277 1173 452 1286 Sundby
480 1175 772 1258 annodomini
813 1174 1256 1264 M⁰.CC·.LXXX⁰III⁰.
1285 1175 1430 1287 quinta
1458 1177 1561 1264 feria
1588 1196 1683 1292 post
1712 1186 1900 1284 octauam

95 1289 379 1400 apostolorum
406 1288 527 1388 Pecs
542 1302 584 1368 et
617 1286 743 1370 Pauli.
791 1341 793 1352 ,
1175 1387 1178 1400 Ι
1594 1351 1597 1361 ,
1692 1345 1694 1348 -
1800 1355 1819 1366 a.
1871 1360 1874 1368 Δ
2046 1307 2052 1322 ·

154 1432 158 1440 ’
510 1429 631 1515 sigillet
658 1425 820 1494 bonlallet
839 1427 910 1494 irin
932 1430 993 1496 den
1012 1425 1195 1492 mserener
1215 1427 1338 1515 klippta
1359 1447 1489 1528 remsan.

104 1793 240 1942 767.
466 1892 505 1926 „
735 1743 899 1907 ‚1a83
944 1791 993 1900 d
1049 1789 1264 1900 13'Jut
1336 1893 1379 1930 „
1755 1786 1900 1908 Hdib.
2004 1873 2059 1970 '.

180 2016 241 2082 m>x
285 2017 417 2082 niens
439 2015 479 2080 12⁸
500 2015 580 2080 orer
595 2014 729 2080 eruce
749 2016 807 2080 urs
843 2015 919 2081 aar
935 1988 1005 2078 nni
1025 2009 1171 2096 ‘grum
1195 2003 1381 2077 sennim
1402 2012 1451 2078 un
1466 2012 1552 2078 am.
1574 2015 1684 2082 naun
1705 2016 1716 2080 r
1737 2013 1903 2103 saengnn
1967 1989 1970 1996 ’
2045 1979 2047 1985 '

156 2134 159 2143 ·
285 2109 321 2165 ot
339 2099 392 2164 det
410 2099 449 2164 al
464 2099 551 2164 Hert.
572 2099 657 2199 Elam
679 2099 727 2163 till
748 2100 783 2164 sk
818 2098 854 2163 ds
874 2097 1028 2184 gudarde
1048 2095 1196 2178 ausbgna
1216 2094 1364 2161 Ntrdawi
1385 2096 1397 2159 i
1417 2096 1540 2162 Nerike.
2045 2146 2053 2162 t

1552 2210 1767 2285 napum

153 2413 183 2444 ι,
214 2401 228 2440 τ
268 2349 477 2434 Uniuersis
505 2347 643 2431 christi
672 2345 862 2452 fidelibus
890 2363 1108 2458 presentes.
1140 2344 1296 2447 litteras
1341 2348 1488 2429 visuris
1516 2346 1579 2430 vel
1609 2337 1827 2446 audituris..
1845 2352 1901 2437 M„
1944 2353 1962 2382 ²

94 2463 174 2546 Dei
203 2465 341 2572 gracia
370 2463 581 2544 Sweorum
609 2459 892 2571 Gotorumque
920 2459 1029 2542 Rex(
1047 2455 1225 2540 Salutem
1254 2459 1299 2538 in
1332 2456 1499 2540 domino
1513 2459 1809 2571 sempiternam.
1839 2443 1903 2548 Ne

93 2592 273 2686 propter
299 2573 479 2684 fragilem
505 2569 717 2653 h'ominu'm
746 2571 1074 2652 memoriam&
1094 2569 1229 2668 varios
1267 2566 1474 2652 discursus
1492 2589 1493 2592 ‘
1513 2586 1744 2681 temporum
1787 2573 1920 2688 quod⁴
2068 2657 2071 2663 .

47 2733 51 2742 ‚
91 2684 405 2768 racionabiliter
431 2692 567 2767 actum
591 2699 656 2764 est
683 2683 725 2761 in
752 2679 925 2765 dubium
951 2694 1169 2763 reuocetur
1210 2680 1295 2762 Nos
1323 2682 1503 2790 presenti
1545 2683 1700 2794 scripto
1730 2691 1820 2769 ‘tam
1848 2685 1903 2772 ad
2049 2687 2054 2692 ’

29 2867 34 2873 .
93 2799 357 2911 presencium
384 2822 508 2909 quam
538 2793 773 2875 futurorum
801 2794 992 2875 noticiam
1021 2789 1179 2903 liquido
1208 2790 1529 2888 transfundimus
1556 2793 1671 2906 qnod
1685 2822 1760 2879 nos
1787 2825 1901 2881 man·

90 2911 256 2992 sionem
283 2923 464 2988 nostram
495 2903 725 2988 Naerthaewi
753 2906 796 2984 in
825 2903 1022 2987 Naerichia
1052 2929 1133 3016 que
1159 2927 1235 2985 nos
1263 2904 1353 2984 iure
1395 2901 1644 2987 hereditario
1679 2924 1773 3016 post
1799 2907 1903 2991 dile·
2055 3001 2057 3012 ¹

85 3035 212 3101 ctum
239 3033 396 3129 patrem
424 3033 608 3100 nostrum
637 3007 865 3126 attingebat
899 3043 1022 3127 quam
1035 3101 1041 3110 ,
1056 3031 1192 3096 tamen
1230 3011 1402 3114 dilectus
1442 3015 1570 3098 irater
1602 3024 1741 3101 noster
1769 3025 1902 3134 quon'·
1944 3055 1954 3066 ·

85 3131 183 3214 dam
222 3131 315 3218 Dux
347 3129 488 3214 Ericus
517 3131 560 3209 in
588 3142 932 3220 testamentosuo
945 3129 946 3134 '
961 3125 1016 3220 de,
1036 3120 1182 3210 'nostro
1210 3150 1409 3209 consensu
1436 3125 1489 3210 ad
1516 3127 1766 3222 soluendum¹
1787 3129 1902 3220 debis

87 3259 132 3327 ta
162 3237 244 3338 sua
274 3258 368 3351 post
395 3255 567 3322 mortem
594 3249 706 3321 suam
749 3241 969 3350 assignanit
998 3237 1049 3321 de
1085 3240 1189 3321 scitu
1217 3241 1257 3320 n
1285 3263 1485 3335 consensu
1526 3231 1790 3348 precordialis'
1818 3240 1902 3324 lra-

90 3361 169 3439 tris
188 3383 189 3386 ‘
206 3353 336 3435 nostri
366 3349 568 3435 domicelli
581 3357 583 3360 ’
597 3348 806 3432 Benedicti
863 3379 910 3433 ro
939 3356 1047 3433 iusto
1076 3349 1215 3460 precio
1243 3347 1296 3432 ad
1324 3347 1482 3460 prefata
1526 3349 1665 3434 debita
1705 3351 1903 3438 soluenda

90 3465 301 3578 deputato
331 3469 370 3546 &
398 3477 566 3573 erogato
596 3461 781 3572 legaliter
808 3379 1071 3544 liberauimus
1099 3468 1138 3544 &
1166 3459 1334 3545 eandem
1362 3462 1515 3544 curiam
1537 3465 1631 3545 cum
1661 3467 1781 3575 agris,
1808 3493 1904 3576 pra·
1998 3491 2004 3498 ·

91 3581 168 3677 tis,
200 3573 518 3696 piscacionibus,
546 3571 676 3670 siluis,
705 3573 958 3670 nemoribus,
1005 3573 1194 3670 coloniis,
1238 3570 1483 3656 molendinis
1515 3579 1555 3656 8r
1582 3577 1771 3660 omnibus
1797 3577 1903 3658 eius·

92 3687 193 3773 dem
222 3687 451 3770 attinenciis
478 3697 560 3768 tam
588 3681 807 3778 mobilibus
835 3711 957 3796 quam
992 3681 1265 3766 immobilibus
1306 3711 1399 3765 cum
1432 3683 1654 3767 venerabili
1681 3692 1801 3796 patre
1829 3685 1904 3769 do·

94 3799 215 3884 mino
243 3796 421 3880 Anun'do
449 3797 652 3907 Episcopo
681 3796 947 3905 Strengnensi
994 3797 1085 3904 ipso
1127 3793 1254 3877 fratre
1297 3811 1440 3886 nostro
1483 3793 1708 3879 domicello.
1736 3797 1779 3883 B.
1809 3817 1903 3908 pre·

94 3931 215 3995 sente
244 3917 285 3994 Bc
317 3923 522 3992 annuente
550 3905 815 4017 produabns
844 3908 966 3989 curiis
994 3905 1242 4010 Stokholmis
1269 3933 1351 4020 que
1377 3922 1478 4008 tuno
1507 3907 1584 4016 ipsi
1613 3908 1817 4021 Episcopo
1862 3914 1903 3990 &

96 4024 271 4110 ecclesie
302 4020 568 4130 Strengnensi
609 4017 820 4100 annuatim
846 4019 992 4128 viginti
1020 4034 1199 4129 quatuor
1226 4017 1409 4100 marchas
1452 4015 1712 4121 denariorum
1753 4020 1902 4103 vsualis

97 4149 266 4223 monete
308 4132 372 4214 vel
415 4130 524 4240 ultra
552 4128 710 4212 soluere
754 4146 1073 4229 consueuerunt‚
1123 4128 1398 4212 intercedente
1441 4127 1561 4242 legali
1604 4129 1741 4214 sollem
1774 4133 1903 4214 nitate
2024 4127 2028 4136 ’

39 4325 41 4330 ,
97 4247 309 4358 wlgaliter
338 4237 447 4327 festis
474 4241 821 4340 commutauimus,
850 4240 1138 4330 transferentes
1167 4243 1211 4325 in
1239 4240 1372 4349 ipsum
1401 4237 1622 4324 dominum.
1659 4245 1706 4326 A.
1735 4159 1902 4354 {pisone
1954 4285 1956 4292 1

97 4363 274 4468 pum&
301 4381 550 4447 successores
583 4352 802 4436 canonicos
829 4352 956 4464 ipsius
984 4355 1057 4484 qui
1085 4379 1162 4466 pro
1189 4367 1373 4460 tempore
1401 4349 1554 4433 fuerint
1581 4351 1744 4436 nomine
1774 4341 1899 4436 eccle

100 4471 167 4550 sie
194 4467 484 4580 Strcngnensis
506 4465 797 4580 proprietatem
822 4467 866 4548 .&
893 4464 1117 4551 domrnium
1145 4461 1304 4573 prefate
1320 4463 1535 4545 mansionis
1564 4459 1605 4548 &⁴
1632 4465 1813 4570 omnium
1844 4481 1905 4546 at·

94 4579 385 4670 tinenciarutn'
404 4600 568 4674 suarum
597 4587 688 4658 cum
718 4573 830 4658 omni
854 4575 946 4662 ¹iure
988 4573 1101 4690 quod
1129 4571 1246 4684 nobis
1288 4601 1360 4657 seu
1407 4571 1637 4675 heredibus·
1668 4578 1817 4660 nostris
1861 4579 1904 4658 in

93 4691 205 4802 ipsis
231 4689 392 4772 rasione
421 4688 683 4800 proprietatis
697 4685 956 4798 competebat
982 4685 1046 4770 vel
1076 4701 1305 4795 competere
1335 4683 1800 4800 potuisset‚·0bligantes
1830 4709 1903 4770 nos

95 4810 143 4886 St
181 4797 348 4895 heredes
384 4810 546 4880 nostros
589 4797 642 4878 ad
683 4797 956 4908 quittandum‚
986 4795 1291 4889 defendendum·
1316 4802 1367 4889 8ι1
1385 4796 1653 4882 liberandum.
1684 4817 1903 4900 memorata

4 5003 8 5012 ‚
95 4915 219 5007 bona
253 4913 332 5021 ipsi
360 4907 527 4992 ecclesie
570 4907 834 5017 Strengnensi
870 4911 1183 5019 inperpetuum
1219 4907 1559 5015 abimpeticione
1601 4912 1903 5022 cuiuscumque.
1981 4915 1983 4922 ’

61 5077 63 5082 v
100 5024 367 5117 Firnarores,
405 5034 540 5110 sutem
573 5017 694 5114 huius
736 5033 970 5113 contractus
997 5025 1112 5144 quos'
1127 5017 1179 5110 ad
1208 5019 1397 5112 maiorem
1440 5019 1560 5109 huius
1588 5023 1648 5108 rei
1675 5023 1904 5106 firmitatem
