<?xml version="1.0" encoding="UTF-8"?>
<!DOCTYPE html PUBLIC "-//W3C//DTD XHTML 1.0 Transitional//EN"
    "http://www.w3.org/TR/xhtml1/DTD/xhtml1-transitional.dtd">
<html xmlns="http://www.w3.org/1999/xhtml" xml:lang="en" lang="en">
 <head>
  <title>
</title>
<meta http-equiv="Content-Type" content="text/html;charset=utf-8" />
  <meta name='ocr-system' content='tesseract 3.04.00' />
  <meta name='ocr-capabilities' content='ocr_page ocr_carea ocr_par ocr_line ocrx_word'/>
</head>
<body>
  <div class='ocr_page' id='page_1' title='image "./svensktdiplomat00swegoog_0718.png"; bbox 0 0 4406 5966; ppageno 0'>
   <div class='ocr_carea' id='block_1_1' title="bbox 910 435 1396 517">
    <p class='ocr_par' dir='ltr' id='par_1_1' title="bbox 910 435 1396 517">
     <span class='ocr_line' id='line_1_1' title="bbox 910 435 1396 517; baseline 0.006 -3"><span class='ocrx_word' id='word_1_1' title='bbox 910 474 1039 500; x_wconf 83' lang='lat'><strong>·-·</strong></span> <span class='ocrx_word' id='word_1_2' title='bbox 1148 435 1227 517; x_wconf 87' lang='lat'><strong>680</strong></span> <span class='ocrx_word' id='word_1_3' title='bbox 1341 475 1396 498; x_wconf 74' lang='lat'>-</span> 
     </span>
    </p>
   </div>
   <div class='ocr_carea' id='block_1_2' title="bbox 50 641 2194 3746">
    <p class='ocr_par' dir='ltr' id='par_1_2' title="bbox 187 641 2180 770">
     <span class='ocr_line' id='line_1_2' title="bbox 187 641 2180 770; baseline 0.003 -32"><span class='ocrx_word' id='word_1_4' title='bbox 187 641 191 651; x_wconf 47' lang='lat'><strong>⁴</strong></span> <span class='ocrx_word' id='word_1_5' title='bbox 297 671 463 768; x_wconf 91' lang='lat' dir='ltr'><strong>peccato</strong></span> <span class='ocrx_word' id='word_1_6' title='bbox 489 676 582 752; x_wconf 87' lang='lat' dir='ltr'><strong>suo,</strong></span> <span class='ocrx_word' id='word_1_7' title='bbox 611 650 773 766; x_wconf 85' lang='lat' dir='ltr'><strong>sanguis</strong></span> <span class='ocrx_word' id='word_1_8' title='bbox 801 665 935 734; x_wconf 88' lang='lat' dir='ltr'><strong>autem</strong></span> <span class='ocrx_word' id='word_1_9' title='bbox 963 652 1049 763; x_wconf 87' lang='lat' dir='ltr'><strong>ejus</strong></span> <span class='ocrx_word' id='word_1_10' title='bbox 1076 651 1341 760; x_wconf 76' lang='lat' dir='ltr'><strong>demonibus</strong></span> <span class='ocrx_word' id='word_1_11' title='bbox 1382 653 1527 734; x_wconf 83' lang='lat' dir='ltr'><strong>vestris</strong></span> <span class='ocrx_word' id='word_1_12' title='bbox 1563 655 1812 764; x_wconf 83' lang='lat' dir='ltr'><strong>requiratur.</strong></span> <span class='ocrx_word' id='word_1_13' title='bbox 1869 658 2086 770; x_wconf 85' lang='lat' dir='ltr'><strong>Proponite</strong></span> <span class='ocrx_word' id='word_1_14' title='bbox 2172 668 2180 763; x_wconf 72' lang='grc' dir='ltr'><strong>ῑ</strong></span> 
     </span>
    </p>

    <p class='ocr_par' dir='ltr' id='par_1_3' title="bbox 268 756 2089 1433">
     <span class='ocr_line' id='line_1_3' title="bbox 268 756 2088 877; baseline 0.004 -29"><span class='ocrx_word' id='word_1_15' title='bbox 268 756 270 764; x_wconf 67' lang='grc'><strong>’</strong></span> <span class='ocrx_word' id='word_1_16' title='bbox 296 795 368 848; x_wconf 87' lang='lat' dir='ltr'><strong>vos</strong></span> <span class='ocrx_word' id='word_1_17' title='bbox 395 769 502 876; x_wconf 87' lang='lat' dir='ltr'><strong>ipsos</strong></span> <span class='ocrx_word' id='word_1_18' title='bbox 531 763 587 847; x_wconf 89' lang='lat' dir='ltr'><strong>eis</strong></span> <span class='ocrx_word' id='word_1_19' title='bbox 615 765 914 874; x_wconf 88' lang='lat' dir='ltr'><strong>inexemplum</strong></span> <span class='ocrx_word' id='word_1_20' title='bbox 942 761 1144 845; x_wconf 91' lang='lat' dir='ltr'><strong>bonorum</strong></span> <span class='ocrx_word' id='word_1_21' title='bbox 1177 794 1365 875; x_wconf 90' lang='lat' dir='ltr'><strong>operum,</strong></span> <span class='ocrx_word' id='word_1_22' title='bbox 1394 772 1434 846; x_wconf 99' lang='grc'><strong>8(</strong></span> <span class='ocrx_word' id='word_1_23' title='bbox 1461 759 1575 875; x_wconf 86' lang='lat' dir='ltr'><strong>quod</strong></span> <span class='ocrx_word' id='word_1_24' title='bbox 1605 770 1661 848; x_wconf 85' lang='lat' dir='ltr'><strong>eis</strong></span> <span class='ocrx_word' id='word_1_25' title='bbox 1690 765 1892 877; x_wconf 86' lang='lat' dir='ltr'><strong>agendum</strong></span> <span class='ocrx_word' id='word_1_26' title='bbox 1920 787 1981 851; x_wconf 89' lang='lat' dir='ltr'><strong>est</strong></span> <span class='ocrx_word' id='word_1_27' title='bbox 2009 791 2088 856; x_wconf 85' lang='lat' dir='ltr'><strong>non</strong></span> 
     </span>
     <span class='ocr_line' id='line_1_4' title="bbox 297 873 2087 991; baseline 0.004 -33"><span class='ocrx_word' id='word_1_28' title='bbox 297 893 457 958; x_wconf 86' lang='lat' dir='ltr'><strong>tantum</strong></span> <span class='ocrx_word' id='word_1_29' title='bbox 484 877 640 978; x_wconf 67' lang='lat' dir='ltr'><strong>uerbis,</strong></span> <span class='ocrx_word' id='word_1_30' title='bbox 668 873 737 956; x_wconf 87' lang='lat' dir='ltr'><strong>scd</strong></span> <span class='ocrx_word' id='word_1_31' title='bbox 766 881 806 958; x_wconf 90' lang='grc'><strong>8(</strong></span> <span class='ocrx_word' id='word_1_32' title='bbox 834 877 917 956; x_wconf 90' lang='lat' dir='ltr'><strong>vita</strong></span> <span class='ocrx_word' id='word_1_33' title='bbox 946 880 986 968; x_wconf 87' lang='grc'><strong>8(</strong></span> <span class='ocrx_word' id='word_1_34' title='bbox 1014 875 1207 986; x_wconf 84' lang='lat' dir='ltr'>operibus</span> <span class='ocrx_word' id='word_1_35' title='bbox 1250 876 1543 991; x_wconf 83' lang='lat' dir='ltr'><strong>demonstrate,</strong></span> <span class='ocrx_word' id='word_1_36' title='bbox 1586 894 1632 957; x_wconf 92' lang='lat' dir='ltr'><strong>ut</strong></span> <span class='ocrx_word' id='word_1_37' title='bbox 1662 879 1705 958; x_wconf 90' lang='lat' dir='ltr'><strong>in</strong></span> <span class='ocrx_word' id='word_1_38' title='bbox 1734 882 1927 961; x_wconf 86' lang='lat' dir='ltr'><strong>memoria</strong></span> <span class='ocrx_word' id='word_1_39' title='bbox 1956 882 2087 966; x_wconf 82' lang='lat' dir='ltr'><strong>videa·</strong></span> 
     </span>
     <span class='ocr_line' id='line_1_5' title="bbox 294 983 2087 1096; baseline 0.004 -27"><span class='ocrx_word' id='word_1_40' title='bbox 294 991 394 1071; x_wconf 89' lang='lat' dir='ltr'><strong>mini</strong></span> <span class='ocrx_word' id='word_1_41' title='bbox 421 991 596 1071; x_wconf 88' lang='lat' dir='ltr'><strong>retinere</strong></span> <span class='ocrx_word' id='word_1_42' title='bbox 624 984 811 1071; x_wconf 85' lang='lat' dir='ltr'><strong>mandata</strong></span> <span class='ocrx_word' id='word_1_43' title='bbox 841 987 1022 1084; x_wconf 86' lang='lat' dir='ltr'><strong>Domini,</strong></span> <span class='ocrx_word' id='word_1_44' title='bbox 1052 983 1104 1068; x_wconf 91' lang='lat' dir='ltr'><strong>ad</strong></span> <span class='ocrx_word' id='word_1_45' title='bbox 1134 987 1364 1070; x_wconf 88' lang='lat' dir='ltr'><strong>faciendum</strong></span> <span class='ocrx_word' id='word_1_46' title='bbox 1393 1015 1460 1085; x_wconf 88' lang='lat' dir='ltr'><strong>ea,</strong></span> <span class='ocrx_word' id='word_1_47' title='bbox 1502 994 1542 1068; x_wconf 92' lang='grc'><strong>8(</strong></span> <span class='ocrx_word' id='word_1_48' title='bbox 1569 987 1659 1096; x_wconf 83' lang='lat' dir='ltr'><strong>ejus</strong></span> <span class='ocrx_word' id='word_1_49' title='bbox 1689 989 1862 1072; x_wconf 88' lang='lat' dir='ltr'><strong>ministri</strong></span> <span class='ocrx_word' id='word_1_50' title='bbox 1896 1021 1946 1074; x_wconf 88' lang='lat' dir='ltr'><strong>ae</strong></span> <span class='ocrx_word' id='word_1_51' title='bbox 1975 992 2087 1077; x_wconf 85' lang='lat' dir='ltr'><strong>disci·</strong></span> 
     </span>
     <span class='ocr_line' id='line_1_6' title="bbox 296 1097 2086 1211; baseline 0.003 -31"><span class='ocrx_word' id='word_1_52' title='bbox 296 1100 385 1211; x_wconf 90' lang='lat' dir='ltr'><strong>puli</strong></span> <span class='ocrx_word' id='word_1_53' title='bbox 412 1098 752 1210; x_wconf 83' lang='lat' dir='ltr'>comprobemini,</span> <span class='ocrx_word' id='word_1_54' title='bbox 796 1097 848 1178; x_wconf 93' lang='lat' dir='ltr'><strong>de</strong></span> <span class='ocrx_word' id='word_1_55' title='bbox 876 1125 960 1207; x_wconf 92' lang='lat' dir='ltr'><strong>quo</strong></span> <span class='ocrx_word' id='word_1_56' title='bbox 990 1097 1088 1180; x_wconf 87' lang='lat' dir='ltr'><strong>dicit</strong></span> <span class='ocrx_word' id='word_1_57' title='bbox 1116 1097 1343 1209; x_wconf 82' lang='lat' dir='ltr'>Scriptura:</span> <span class='ocrx_word' id='word_1_58' title='bbox 1400 1099 1507 1202; x_wconf 85' lang='lat' dir='ltr'>Quia</span> <span class='ocrx_word' id='word_1_59' title='bbox 1534 1100 1660 1208; x_wconf 86' lang='lat' dir='ltr'><strong>coepit</strong></span> <span class='ocrx_word' id='word_1_60' title='bbox 1702 1098 1835 1183; x_wconf 84' lang='lat' dir='ltr'><strong>facere</strong></span> <span class='ocrx_word' id='word_1_61' title='bbox 1865 1107 1907 1184; x_wconf 88' lang='lat'>&amp;</span> <span class='ocrx_word' id='word_1_62' title='bbox 1936 1101 2086 1186; x_wconf 88' lang='lat' dir='ltr'><strong>docere.</strong></span> 
     </span>
     <span class='ocr_line' id='line_1_7' title="bbox 296 1207 2089 1322; baseline 0.002 -30"><span class='ocrx_word' id='word_1_63' title='bbox 296 1210 595 1294; x_wconf 89' lang='lat' dir='ltr'><strong>Contemtibilis</strong></span> <span class='ocrx_word' id='word_1_64' title='bbox 622 1209 787 1322; x_wconf 89' lang='lat' dir='ltr'><strong>quidem</strong></span> <span class='ocrx_word' id='word_1_65' title='bbox 817 1207 992 1290; x_wconf 90' lang='lat' dir='ltr'><strong>habetur</strong></span> <span class='ocrx_word' id='word_1_66' title='bbox 1019 1237 1149 1291; x_wconf 90' lang='lat' dir='ltr'><strong>sermo</strong></span> <span class='ocrx_word' id='word_1_67' title='bbox 1179 1210 1387 1307; x_wconf 78' lang='lat' dir='ltr'><strong>DoctoriS,</strong></span> <span class='ocrx_word' id='word_1_68' title='bbox 1415 1239 1508 1302; x_wconf 90' lang='lat' dir='ltr'><strong>cum</strong></span> <span class='ocrx_word' id='word_1_69' title='bbox 1536 1210 1817 1318; x_wconf 68' lang='lat' dir='ltr'><strong>praedicationi</strong></span> <span class='ocrx_word' id='word_1_70' title='bbox 1844 1213 1935 1322; x_wconf 87' lang='lat' dir='ltr'><strong>ejus</strong></span> <span class='ocrx_word' id='word_1_71' title='bbox 1965 1243 2089 1296; x_wconf 86' lang='lat' dir='ltr'><strong>exem·</strong></span> 
     </span>
     <span class='ocr_line' id='line_1_8' title="bbox 296 1320 2089 1433; baseline 0.002 -30"><span class='ocrx_word' id='word_1_72' title='bbox 296 1325 415 1433; x_wconf 88' lang='lat' dir='ltr'><strong>plum</strong></span> <span class='ocrx_word' id='word_1_73' title='bbox 440 1323 558 1404; x_wconf 87' lang='lat' dir='ltr'><strong>bonae</strong></span> <span class='ocrx_word' id='word_1_74' title='bbox 586 1321 679 1406; x_wconf 81' lang='lat' dir='ltr'><strong>vitae</strong></span> <span class='ocrx_word' id='word_1_75' title='bbox 708 1346 793 1401; x_wconf 92' lang='lat' dir='ltr'><strong>non</strong></span> <span class='ocrx_word' id='word_1_76' title='bbox 820 1320 1053 1403; x_wconf 81' lang='lat' dir='ltr'><strong>concordat.</strong></span> <span class='ocrx_word' id='word_1_77' title='bbox 1085 1321 1334 1403; x_wconf 84' lang='lat' dir='ltr'><strong>Confidimus</strong></span> <span class='ocrx_word' id='word_1_78' title='bbox 1363 1322 1470 1402; x_wconf 90' lang='lat' dir='ltr'><strong>enlm</strong></span> <span class='ocrx_word' id='word_1_79' title='bbox 1499 1320 1550 1402; x_wconf 90' lang='lat' dir='ltr'><strong>dc</strong></span> <span class='ocrx_word' id='word_1_80' title='bbox 1580 1321 1854 1406; x_wconf 82' lang='lat' dir='ltr'><strong>misericordia</strong></span> <span class='ocrx_word' id='word_1_81' title='bbox 1876 1326 2089 1424; x_wconf 83' lang='lat' dir='ltr'><strong>Creatoris,</strong></span> 
     </span>
    </p>

    <p class='ocr_par' dir='ltr' id='par_1_4' title="bbox 296 1428 2194 1764">
     <span class='ocr_line' id='line_1_9' title="bbox 326 1428 2194 1544; baseline 0.003 -30"><span class='ocrx_word' id='word_1_82' title='bbox 326 1435 490 1516; x_wconf 86' lang='lat' dir='ltr'><strong>uoniam</strong></span> <span class='ocrx_word' id='word_1_83' title='bbox 519 1434 552 1513; x_wconf 92' lang='lat' dir='ltr'><strong>si</strong></span> <span class='ocrx_word' id='word_1_84' title='bbox 580 1459 661 1534; x_wconf 90' lang='lat' dir='ltr'><strong>vos</strong></span> <span class='ocrx_word' id='word_1_85' title='bbox 682 1428 796 1544; x_wconf 75' lang='lat' dir='ltr'><strong>juxta</strong></span> <span class='ocrx_word' id='word_1_86' title='bbox 824 1433 947 1511; x_wconf 86' lang='lat' dir='ltr'><strong>vestri</strong></span> <span class='ocrx_word' id='word_1_87' title='bbox 976 1432 1098 1534; x_wconf 80' lang='lat' dir='ltr'><strong>officii</strong></span> <span class='ocrx_word' id='word_1_88' title='bbox 1115 1432 1297 1530; x_wconf 87' lang='lat' dir='ltr'><strong>debitum</strong></span> <span class='ocrx_word' id='word_1_89' title='bbox 1317 1431 1541 1528; x_wconf 86' lang='lat' dir='ltr'><strong>excolendo</strong></span> <span class='ocrx_word' id='word_1_90' title='bbox 1556 1461 1656 1543; x_wconf 86' lang='lat' dir='ltr'><strong>agro</strong></span> <span class='ocrx_word' id='word_1_91' title='bbox 1672 1435 1905 1532; x_wconf 91' lang='lat' dir='ltr'><strong>Dominico,</strong></span> <span class='ocrx_word' id='word_1_92' title='bbox 1936 1441 1979 1517; x_wconf 88' lang='grc'><strong>8(</strong></span> <span class='ocrx_word' id='word_1_93' title='bbox 2009 1465 2090 1518; x_wconf 88' lang='lat' dir='ltr'><strong>ern·</strong></span> <span class='ocrx_word' id='word_1_94' title='bbox 2193 1445 2194 1496; x_wconf 69' lang='lat'><em>³</em></span> 
     </span>
     <span class='ocr_line' id='line_1_10' title="bbox 296 1465 2194 1655; baseline 0.004 -27"><span class='ocrx_word' id='word_1_95' title='bbox 296 1465 444 1628; x_wconf 67' lang='lat' dir='ltr'><strong>ditioni</strong></span> <span class='ocrx_word' id='word_1_96' title='bbox 472 1543 653 1655; x_wconf 85' lang='lat' dir='ltr'><strong>ejusdem</strong></span> <span class='ocrx_word' id='word_1_97' title='bbox 680 1540 823 1653; x_wconf 90' lang='lat' dir='ltr'><strong>populi</strong></span> <span class='ocrx_word' id='word_1_98' title='bbox 851 1540 987 1640; x_wconf 87' lang='lat' dir='ltr'><strong>verbis</strong></span> <span class='ocrx_word' id='word_1_99' title='bbox 1014 1550 1053 1639; x_wconf 84' lang='grc'><strong>8(</strong></span> <span class='ocrx_word' id='word_1_100' title='bbox 1081 1543 1275 1652; x_wconf 86' lang='lat' dir='ltr'><strong>operibus</strong></span> <span class='ocrx_word' id='word_1_101' title='bbox 1304 1541 1514 1630; x_wconf 86' lang='lat' dir='ltr'><strong>intendere</strong></span> <span class='ocrx_word' id='word_1_102' title='bbox 1542 1542 1797 1642; x_wconf 78' lang='lat' dir='ltr'><strong>studueritis,</strong></span> <span class='ocrx_word' id='word_1_103' title='bbox 1827 1551 1867 1628; x_wconf 91' lang='grc'><strong>8(</strong></span> <span class='ocrx_word' id='word_1_104' title='bbox 1895 1549 1941 1626; x_wconf 92' lang='lat' dir='ltr'><strong>in</strong></span> <span class='ocrx_word' id='word_1_105' title='bbox 1956 1548 2089 1629; x_wconf 91' lang='lat' dir='ltr'><strong>obser·</strong></span> <span class='ocrx_word' id='word_1_106' title='bbox 2193 1633 2194 1636; x_wconf 12' lang='lat' dir='ltr'><strong>n</strong></span> 
     </span>
     <span class='ocr_line' id='line_1_11' title="bbox 296 1651 2090 1764; baseline 0.003 -29"><span class='ocrx_word' id='word_1_107' title='bbox 296 1658 434 1736; x_wconf 85' lang='lat' dir='ltr'><strong>vantia</strong></span> <span class='ocrx_word' id='word_1_108' title='bbox 462 1654 656 1738; x_wconf 87' lang='lat' dir='ltr'><strong>doctrinas</strong></span> <span class='ocrx_word' id='word_1_109' title='bbox 691 1651 952 1761; x_wconf 82' lang='lat' dir='ltr'><strong>Apostolieae,</strong></span> <span class='ocrx_word' id='word_1_110' title='bbox 996 1680 1043 1735; x_wconf 89' lang='lat' dir='ltr'><strong>ac</strong></span> <span class='ocrx_word' id='word_1_111' title='bbox 1083 1655 1355 1748; x_wconf 85' lang='lat' dir='ltr'><strong>Sacrosanctae</strong></span> <span class='ocrx_word' id='word_1_112' title='bbox 1398 1655 1587 1752; x_wconf 86' lang='lat' dir='ltr'><strong>Romanae</strong></span> <span class='ocrx_word' id='word_1_113' title='bbox 1630 1655 1817 1764; x_wconf 74' lang='lat' dir='ltr'><strong>Ecclesiae</strong></span> <span class='ocrx_word' id='word_1_114' title='bbox 1859 1656 2090 1741; x_wconf 87' lang='lat' dir='ltr'><strong>obedientia</strong></span> 
     </span>
    </p>

    <p class='ocr_par' dir='ltr' id='par_1_5' title="bbox 50 1765 2091 1877">
     <span class='ocr_line' id='line_1_12' title="bbox 50 1765 2091 1877; baseline 0.003 -31"><span class='ocrx_word' id='word_1_115' title='bbox 50 1839 56 1846; x_wconf 90' lang='lat'>.</span> <span class='ocrx_word' id='word_1_116' title='bbox 166 1842 170 1852; x_wconf 90' lang='grc'><em>,</em></span> <span class='ocrx_word' id='word_1_117' title='bbox 297 1769 504 1862; x_wconf 83' lang='lat' dir='ltr'><strong>humiliter</strong></span> <span class='ocrx_word' id='word_1_118' title='bbox 531 1765 850 1876; x_wconf 82' lang='lat' dir='ltr'><strong>permanseritis,</strong></span> <span class='ocrx_word' id='word_1_119' title='bbox 879 1769 918 1844; x_wconf 88' lang='grc'><strong>8(</strong></span> <span class='ocrx_word' id='word_1_120' title='bbox 947 1765 1013 1845; x_wconf 91' lang='lat' dir='ltr'><strong>hic</strong></span> <span class='ocrx_word' id='word_1_121' title='bbox 1046 1768 1241 1846; x_wconf 86' lang='lat' dir='ltr'><strong>virtutum</strong></span> <span class='ocrx_word' id='word_1_122' title='bbox 1275 1767 1442 1875; x_wconf 83' lang='lat' dir='ltr'><strong>capietis</strong></span> <span class='ocrx_word' id='word_1_123' title='bbox 1478 1767 1742 1866; x_wconf 85' lang='lat' dir='ltr'><strong>incrementa,</strong></span> <span class='ocrx_word' id='word_1_124' title='bbox 1787 1768 1957 1877; x_wconf 84' lang='lat' dir='ltr'><strong>jugiter,</strong></span> <span class='ocrx_word' id='word_1_125' title='bbox 1988 1775 2030 1849; x_wconf 95' lang='grc'><strong>8(</strong></span> <span class='ocrx_word' id='word_1_126' title='bbox 2055 1777 2091 1852; x_wconf 92' lang='lat' dir='ltr'><strong>in</strong></span> 
     </span>
    </p>

    <p class='ocr_par' dir='ltr' id='par_1_6' title="bbox 191 1873 2194 1990">
     <span class='ocr_line' id='line_1_13' title="bbox 191 1873 2194 1990; baseline 0.002 -31"><span class='ocrx_word' id='word_1_127' title='bbox 191 1927 198 1940; x_wconf 85' lang='lat'><em>-</em></span> <span class='ocrx_word' id='word_1_128' title='bbox 297 1907 488 1990; x_wconf 90' lang='lat' dir='ltr'><strong>supremo</strong></span> <span class='ocrx_word' id='word_1_129' title='bbox 516 1877 699 1960; x_wconf 84' lang='lat' dir='ltr'><strong>examine</strong></span> <span class='ocrx_word' id='word_1_130' title='bbox 728 1873 780 1956; x_wconf 90' lang='lat' dir='ltr'><strong>ad</strong></span> <span class='ocrx_word' id='word_1_131' title='bbox 808 1878 1016 1984; x_wconf 90' lang='lat' dir='ltr'><strong>praemium</strong></span> <span class='ocrx_word' id='word_1_132' title='bbox 1045 1895 1204 1958; x_wconf 83' lang='lat' dir='ltr'><strong>aeternae</strong></span> <span class='ocrx_word' id='word_1_133' title='bbox 1231 1874 1598 1974; x_wconf 82' lang='lat' dir='ltr'><strong>beatitudiniscum</strong></span> <span class='ocrx_word' id='word_1_134' title='bbox 1622 1882 1769 1958; x_wconf 86' lang='lat' dir='ltr'><strong>sanctis</strong></span> <span class='ocrx_word' id='word_1_135' title='bbox 1799 1883 1993 1970; x_wconf 87' lang='lat' dir='ltr'><strong>omnibus</strong></span> <span class='ocrx_word' id='word_1_136' title='bbox 2010 1909 2093 1990; x_wconf 88' lang='lat' dir='ltr'><strong>per·</strong></span> <span class='ocrx_word' id='word_1_137' title='bbox 2193 1965 2194 1968; x_wconf 68' lang='grc'>,</span> 
     </span>
    </p>

    <p class='ocr_par' dir='ltr' id='par_1_7' title="bbox 244 1986 2093 2102">
     <span class='ocr_line' id='line_1_14' title="bbox 244 1986 2093 2102; baseline 0.002 -32"><span class='ocrx_word' id='word_1_138' title='bbox 244 2039 249 2052; x_wconf 71' lang='lat'>‚</span> <span class='ocrx_word' id='word_1_139' title='bbox 296 1991 471 2098; x_wconf 85' lang='lat' dir='ltr'><strong>tingetis.</strong></span> <span class='ocrx_word' id='word_1_140' title='bbox 501 1987 567 2070; x_wconf 89' lang='lat' dir='ltr'><strong>Ad</strong></span> <span class='ocrx_word' id='word_1_141' title='bbox 595 1989 671 2069; x_wconf 91' lang='lat' dir='ltr'><strong>hoc</strong></span> <span class='ocrx_word' id='word_1_142' title='bbox 701 1986 794 2067; x_wconf 90' lang='lat' dir='ltr'><strong>licet</strong></span> <span class='ocrx_word' id='word_1_143' title='bbox 822 1987 865 2067; x_wconf 89' lang='lat' dir='ltr'><strong>in</strong></span> <span class='ocrx_word' id='word_1_144' title='bbox 894 1987 1073 2096; x_wconf 86' lang='lat' dir='ltr'><strong>generali</strong></span> <span class='ocrx_word' id='word_1_145' title='bbox 1102 1988 1274 2070; x_wconf 92' lang='lat' dir='ltr'><strong>concilio</strong></span> <span class='ocrx_word' id='word_1_146' title='bbox 1304 1991 1356 2070; x_wconf 90' lang='lat' dir='ltr'><strong>sit</strong></span> <span class='ocrx_word' id='word_1_147' title='bbox 1383 1989 1667 2084; x_wconf 90' lang='lat' dir='ltr'><strong>constitutum,</strong></span> <span class='ocrx_word' id='word_1_148' title='bbox 1711 2006 1757 2069; x_wconf 90' lang='lat' dir='ltr'><strong>ut</strong></span> <span class='ocrx_word' id='word_1_149' title='bbox 1784 1993 2029 2102; x_wconf 86' lang='lat' dir='ltr'><strong>quicunque</strong></span> <span class='ocrx_word' id='word_1_150' title='bbox 2056 1998 2093 2074; x_wconf 92' lang='lat' dir='ltr'><strong>in</strong></span> 
     </span>
    </p>

    <p class='ocr_par' dir='ltr' id='par_1_8' title="bbox 180 2093 2094 2218">
     <span class='ocr_line' id='line_1_15' title="bbox 180 2093 2094 2218; baseline 0.005 -38"><span class='ocrx_word' id='word_1_151' title='bbox 180 2093 182 2096; x_wconf 58' lang='grc'><strong>’</strong></span> <span class='ocrx_word' id='word_1_152' title='bbox 297 2103 488 2196; x_wconf 89' lang='lat' dir='ltr'><strong>clericum</strong></span> <span class='ocrx_word' id='word_1_153' title='bbox 517 2100 713 2192; x_wconf 88' lang='lat' dir='ltr'><strong>violentas</strong></span> <span class='ocrx_word' id='word_1_154' title='bbox 741 2126 881 2178; x_wconf 88' lang='lat' dir='ltr'><strong>manus</strong></span> <span class='ocrx_word' id='word_1_155' title='bbox 897 2099 1092 2207; x_wconf 85' lang='lat' dir='ltr'><strong>injecerit,</strong></span> <span class='ocrx_word' id='word_1_156' title='bbox 1121 2116 1203 2179; x_wconf 89' lang='lat' dir='ltr'><strong>tam</strong></span> <span class='ocrx_word' id='word_1_157' title='bbox 1232 2097 1303 2182; x_wconf 92' lang='lat' dir='ltr'><strong>diu</strong></span> <span class='ocrx_word' id='word_1_158' title='bbox 1334 2101 1743 2180; x_wconf 86' lang='lat' dir='ltr'><strong>excommunicationi</strong></span> <span class='ocrx_word' id='word_1_159' title='bbox 1770 2102 1997 2218; x_wconf 86' lang='lat' dir='ltr'><strong>subjaccat,</strong></span> <span class='ocrx_word' id='word_1_160' title='bbox 2028 2104 2094 2188; x_wconf 91' lang='lat' dir='ltr'><strong>do·</strong></span> 
     </span>
    </p>

    <p class='ocr_par' dir='ltr' id='par_1_9' title="bbox 200 2208 2101 2661">
     <span class='ocr_line' id='line_1_16' title="bbox 200 2208 2098 2320; baseline 0.004 -28"><span class='ocrx_word' id='word_1_161' title='bbox 200 2218 203 2226; x_wconf 88' lang='lat'>&#39;</span> <span class='ocrx_word' id='word_1_162' title='bbox 297 2242 373 2293; x_wconf 88' lang='lat' dir='ltr'><strong>nec</strong></span> <span class='ocrx_word' id='word_1_163' title='bbox 410 2211 626 2313; x_wconf 82' lang='lat' dir='ltr'><strong>adsedem</strong></span> <span class='ocrx_word' id='word_1_164' title='bbox 654 2211 926 2319; x_wconf 80' lang='lat' dir='ltr'><strong>Apostolicam</strong></span> <span class='ocrx_word' id='word_1_165' title='bbox 954 2209 1231 2292; x_wconf 88' lang='lat' dir='ltr'><strong>satisfacturus</strong></span> <span class='ocrx_word' id='word_1_166' title='bbox 1258 2208 1431 2292; x_wconf 85' lang='lat' dir='ltr'><strong>accedat.</strong></span> <span class='ocrx_word' id='word_1_167' title='bbox 1461 2214 1541 2290; x_wconf 91' lang='lat' dir='ltr'><strong>Pro</strong></span> <span class='ocrx_word' id='word_1_168' title='bbox 1570 2209 1691 2320; x_wconf 87' lang='lat' dir='ltr'><strong>longa</strong></span> <span class='ocrx_word' id='word_1_169' title='bbox 1707 2227 1843 2306; x_wconf 87' lang='lat' dir='ltr'><strong>tamen</strong></span> <span class='ocrx_word' id='word_1_170' title='bbox 1870 2216 2098 2312; x_wconf 83' lang='lat' dir='ltr'><strong>remotione</strong></span> 
     </span>
     <span class='ocr_line' id='line_1_17' title="bbox 297 2319 2100 2430; baseline 0.002 -26"><span class='ocrx_word' id='word_1_171' title='bbox 297 2343 516 2426; x_wconf 83' lang='lat' dir='ltr'><strong>terrarum,</strong></span> <span class='ocrx_word' id='word_1_172' title='bbox 544 2320 713 2405; x_wconf 89' lang='lat' dir='ltr'><strong>eandem</strong></span> <span class='ocrx_word' id='word_1_173' title='bbox 749 2321 1078 2424; x_wconf 83' lang='lat' dir='ltr'><strong>constitutionem</strong></span> <span class='ocrx_word' id='word_1_174' title='bbox 1123 2321 1311 2413; x_wconf 88' lang='lat' dir='ltr'><strong>duximus</strong></span> <span class='ocrx_word' id='word_1_175' title='bbox 1354 2319 1673 2430; x_wconf 82' lang='lat' dir='ltr'><strong>temperandam,</strong></span> <span class='ocrx_word' id='word_1_176' title='bbox 1715 2339 1762 2402; x_wconf 92' lang='lat' dir='ltr'><strong>ut</strong></span> <span class='ocrx_word' id='word_1_177' title='bbox 1803 2321 1998 2414; x_wconf 87' lang='lat' dir='ltr'><strong>videlieet</strong></span> <span class='ocrx_word' id='word_1_178' title='bbox 2039 2321 2100 2408; x_wconf 80' lang='lat' dir='ltr'><strong>liis</strong></span> 
     </span>
     <span class='ocr_line' id='line_1_18' title="bbox 297 2431 2101 2558; baseline 0.002 -44"><span class='ocrx_word' id='word_1_179' title='bbox 297 2453 454 2515; x_wconf 91' lang='lat' dir='ltr'><strong>tantum</strong></span> <span class='ocrx_word' id='word_1_180' title='bbox 482 2439 560 2558; x_wconf 77' lang='lat' dir='ltr'><strong>qui,</strong></span> <span class='ocrx_word' id='word_1_181' title='bbox 583 2433 690 2515; x_wconf 91' lang='lat' dir='ltr'><strong>forte</strong></span> <span class='ocrx_word' id='word_1_182' title='bbox 719 2433 762 2511; x_wconf 92' lang='lat' dir='ltr'><strong>in</strong></span> <span class='ocrx_word' id='word_1_183' title='bbox 791 2431 930 2512; x_wconf 91' lang='lat' dir='ltr'><strong>eodem</strong></span> <span class='ocrx_word' id='word_1_184' title='bbox 959 2434 1113 2546; x_wconf 83' lang='lat' dir='ltr'><strong>populo</strong></span> <span class='ocrx_word' id='word_1_185' title='bbox 1143 2436 1231 2536; x_wconf 80' lang='lat' dir='ltr'><strong>neci</strong></span> <span class='ocrx_word' id='word_1_186' title='bbox 1261 2431 1475 2514; x_wconf 87' lang='lat' dir='ltr'><strong>tradiderit</strong></span> <span class='ocrx_word' id='word_1_187' title='bbox 1504 2431 1712 2529; x_wconf 90' lang='lat' dir='ltr'><strong>clericum,</strong></span> <span class='ocrx_word' id='word_1_188' title='bbox 1741 2435 2011 2534; x_wconf 82' lang='lat' dir='ltr'><strong>monachum,</strong></span> <span class='ocrx_word' id='word_1_189' title='bbox 2039 2441 2101 2520; x_wconf 83' lang='lat' dir='ltr'><strong>rel</strong></span> 
     </span>
     <span class='ocr_line' id='line_1_19' title="bbox 298 2539 2100 2661; baseline 0.001 -33"><span class='ocrx_word' id='word_1_190' title='bbox 298 2573 554 2656; x_wconf 83' lang='lat' dir='ltr'><strong>conversum,</strong></span> <span class='ocrx_word' id='word_1_191' title='bbox 583 2545 648 2626; x_wconf 91' lang='lat' dir='ltr'><strong>vel</strong></span> <span class='ocrx_word' id='word_1_192' title='bbox 678 2539 844 2661; x_wconf 80' lang='lat' dir='ltr'><strong>aliquod</strong></span> <span class='ocrx_word' id='word_1_193' title='bbox 874 2545 911 2623; x_wconf 93' lang='lat' dir='ltr'><strong>ei</strong></span> <span class='ocrx_word' id='word_1_194' title='bbox 940 2545 1163 2652; x_wconf 83' lang='lat' dir='ltr'><strong>membrum</strong></span> <span class='ocrx_word' id='word_1_195' title='bbox 1193 2545 1399 2651; x_wconf 88' lang='lat' dir='ltr'><strong>inciderit,</strong></span> <span class='ocrx_word' id='word_1_196' title='bbox 1428 2544 1708 2624; x_wconf 82' lang='lat' dir='ltr'><strong>satisfacturus</strong></span> <span class='ocrx_word' id='word_1_197' title='bbox 1736 2543 1789 2625; x_wconf 91' lang='lat' dir='ltr'><strong>ad</strong></span> <span class='ocrx_word' id='word_1_198' title='bbox 1812 2545 1948 2626; x_wconf 90' lang='lat' dir='ltr'><strong>sedem</strong></span> <span class='ocrx_word' id='word_1_199' title='bbox 1966 2565 2100 2632; x_wconf 89' lang='lat' dir='ltr'><strong>trans-</strong></span> 
     </span>
    </p>

    <p class='ocr_par' dir='ltr' id='par_1_10' title="bbox 251 2654 2105 3322">
     <span class='ocr_line' id='line_1_20' title="bbox 251 2654 2101 2770; baseline 0.002 -32"><span class='ocrx_word' id='word_1_200' title='bbox 251 2675 256 2686; x_wconf 78' lang='lat'><strong>·</strong></span> <span class='ocrx_word' id='word_1_201' title='bbox 298 2663 485 2739; x_wconf 91' lang='lat' dir='ltr'><strong>mittatur</strong></span> <span class='ocrx_word' id='word_1_202' title='bbox 513 2655 799 2770; x_wconf 84' lang='lat' dir='ltr'><strong>Apostolicam.</strong></span> <span class='ocrx_word' id='word_1_203' title='bbox 831 2654 913 2753; x_wconf 85' lang='lat' dir='ltr'><strong>Alii</strong></span> <span class='ocrx_word' id='word_1_204' title='bbox 942 2672 1128 2736; x_wconf 90' lang='lat' dir='ltr'><strong>autema</strong></span> <span class='ocrx_word' id='word_1_205' title='bbox 1157 2655 1274 2758; x_wconf 76' lang='lat' dir='ltr'><strong>robis</strong></span> <span class='ocrx_word' id='word_1_206' title='bbox 1316 2657 1561 2764; x_wconf 85' lang='lat' dir='ltr'><strong>competenti</strong></span> <span class='ocrx_word' id='word_1_207' title='bbox 1603 2655 1876 2739; x_wconf 85' lang='lat' dir='ltr'><strong>satisfactione</strong></span> <span class='ocrx_word' id='word_1_208' title='bbox 1909 2660 2013 2766; x_wconf 89' lang='lat' dir='ltr'><strong>ipsis</strong></span> <span class='ocrx_word' id='word_1_209' title='bbox 2043 2665 2101 2742; x_wconf 92' lang='lat' dir='ltr'><strong>in·</strong></span> 
     </span>
     <span class='ocr_line' id='line_1_21' title="bbox 293 2766 2103 2876; baseline 0.001 -26"><span class='ocrx_word' id='word_1_210' title='bbox 293 2770 427 2865; x_wconf 83' lang='lat' dir='ltr'><strong>dieta,</strong></span> <span class='ocrx_word' id='word_1_211' title='bbox 457 2770 510 2851; x_wconf 89' lang='lat' dir='ltr'><strong>ab</strong></span> <span class='ocrx_word' id='word_1_212' title='bbox 538 2766 964 2862; x_wconf 85' lang='lat' dir='ltr'><strong>excommunicationis</strong></span> <span class='ocrx_word' id='word_1_213' title='bbox 993 2766 1166 2848; x_wconf 88' lang='lat' dir='ltr'><strong>nexib&#39;us</strong></span> <span class='ocrx_word' id='word_1_214' title='bbox 1195 2766 1477 2864; x_wconf 83' lang='lat' dir='ltr'><strong>absolvantur,</strong></span> <span class='ocrx_word' id='word_1_215' title='bbox 1506 2767 1700 2875; x_wconf 88' lang='lat' dir='ltr'><strong>praestito.</strong></span> <span class='ocrx_word' id='word_1_216' title='bbox 1724 2785 1858 2856; x_wconf 90' lang='lat' dir='ltr'><strong>tamen</strong></span> <span class='ocrx_word' id='word_1_217' title='bbox 1908 2772 2103 2876; x_wconf 87' lang='lat' dir='ltr'><strong>primitus</strong></span> 
     </span>
     <span class='ocr_line' id='line_1_22' title="bbox 297 2871 2102 2994; baseline -0.002 -33"><span class='ocrx_word' id='word_1_218' title='bbox 297 2882 546 2990; x_wconf 83' lang='lat' dir='ltr'><strong>juramento,</strong></span> <span class='ocrx_word' id='word_1_219' title='bbox 574 2871 688 2990; x_wconf 92' lang='lat' dir='ltr'><strong>quod</strong></span> <span class='ocrx_word' id='word_1_220' title='bbox 716 2874 908 2958; x_wconf 89' lang='lat' dir='ltr'><strong>mandato</strong></span> <span class='ocrx_word' id='word_1_221' title='bbox 938 2895 1073 2959; x_wconf 87' lang='lat' dir='ltr'><strong>vestro</strong></span> <span class='ocrx_word' id='word_1_222' title='bbox 1102 2875 1278 2962; x_wconf 85' lang='lat' dir='ltr'><strong>debeant</strong></span> <span class='ocrx_word' id='word_1_223' title='bbox 1307 2878 1484 2959; x_wconf 90' lang='lat' dir='ltr'><strong>obedire.</strong></span> <span class='ocrx_word' id='word_1_224' title='bbox 1515 2878 1599 2956; x_wconf 89' lang='lat' dir='ltr'><strong>Vos</strong></span> <span class='ocrx_word' id='word_1_225' title='bbox 1629 2892 1763 2987; x_wconf 87' lang='lat' dir='ltr'><strong>autem</strong></span> <span class='ocrx_word' id='word_1_226' title='bbox 1792 2877 1969 2974; x_wconf 81' lang='lat' dir='ltr'><strong>formam</strong></span> <span class='ocrx_word' id='word_1_227' title='bbox 2002 2879 2102 2994; x_wconf 68' lang='lat' dir='ltr'><strong>(pff-</strong></span> 
     </span>
     <span class='ocr_line' id='line_1_23' title="bbox 297 2987 2103 3099; baseline 0.002 -27"><span class='ocrx_word' id='word_1_228' title='bbox 297 2995 410 3099; x_wconf 90' lang='lat' dir='ltr'><strong>nam)</strong></span> <span class='ocrx_word' id='word_1_229' title='bbox 446 2993 501 3072; x_wconf 89' lang='lat' dir='ltr'><strong>eis</strong></span> <span class='ocrx_word' id='word_1_230' title='bbox 544 2990 862 3094; x_wconf 88' lang='lat' dir='ltr'><strong>Ecclesiasticam</strong></span> <span class='ocrx_word' id='word_1_231' title='bbox 905 2988 1163 3096; x_wconf 87' lang='lat' dir='ltr'><strong>postmodum</strong></span> <span class='ocrx_word' id='word_1_232' title='bbox 1191 2989 1429 3098; x_wconf 82' lang='lat' dir='ltr'><strong>injungetis,</strong></span> <span class='ocrx_word' id='word_1_233' title='bbox 1474 3003 1521 3068; x_wconf 93' lang='lat' dir='ltr'><strong>ut</strong></span> <span class='ocrx_word' id='word_1_234' title='bbox 1550 3015 1625 3070; x_wconf 90' lang='lat' dir='ltr'><strong>nec</strong></span> <span class='ocrx_word' id='word_1_235' title='bbox 1659 2989 1711 3079; x_wconf 44' lang='lat' dir='ltr'><strong>,in</strong></span> <span class='ocrx_word' id='word_1_236' title='bbox 1739 2987 1850 3070; x_wconf 86' lang='lat' dir='ltr'><strong>facto</strong></span> <span class='ocrx_word' id='word_1_237' title='bbox 1879 2993 1988 3090; x_wconf 90' lang='lat' dir='ltr'><strong>sint,</strong></span> <span class='ocrx_word' id='word_1_238' title='bbox 2033 3025 2103 3077; x_wconf 88' lang='lat' dir='ltr'><strong>nec</strong></span> 
     </span>
     <span class='ocr_line' id='line_1_24' title="bbox 297 3098 2103 3198; baseline 0.001 -15"><span class='ocrx_word' id='word_1_239' title='bbox 297 3107 341 3183; x_wconf 92' lang='lat' dir='ltr'><strong>in</strong></span> <span class='ocrx_word' id='word_1_240' title='bbox 367 3101 553 3196; x_wconf 89' lang='lat' dir='ltr'><strong>consilio,</strong></span> <span class='ocrx_word' id='word_1_241' title='bbox 583 3127 658 3180; x_wconf 88' lang='lat' dir='ltr'><strong>nee</strong></span> <span class='ocrx_word' id='word_1_242' title='bbox 686 3125 903 3197; x_wconf 88' lang='lat' dir='ltr'><strong>consensu,</strong></span> <span class='ocrx_word' id='word_1_243' title='bbox 933 3101 1195 3198; x_wconf 83' lang='lat' dir='ltr'><strong>utclericus,</strong></span> <span class='ocrx_word' id='word_1_244' title='bbox 1224 3099 1462 3197; x_wconf 88' lang='lat' dir='ltr'><strong>monachus,</strong></span> <span class='ocrx_word' id='word_1_245' title='bbox 1500 3098 1564 3178; x_wconf 90' lang='lat' dir='ltr'><strong>vel</strong></span> <span class='ocrx_word' id='word_1_246' title='bbox 1592 3126 1809 3180; x_wconf 80' lang='lat' dir='ltr'><strong>conversus</strong></span> <span class='ocrx_word' id='word_1_247' title='bbox 1858 3102 2103 3190; x_wconf 83' lang='lat' dir='ltr'><strong>verberetur</strong></span> 
     </span>
     <span class='ocr_line' id='line_1_25' title="bbox 298 3209 2105 3322; baseline 0.003 -29"><span class='ocrx_word' id='word_1_248' title='bbox 298 3231 368 3294; x_wconf 91' lang='lat' dir='ltr'><strong>aut</strong></span> <span class='ocrx_word' id='word_1_249' title='bbox 398 3215 593 3322; x_wconf 86' lang='lat' dir='ltr'><strong>capiatur.</strong></span> <span class='ocrx_word' id='word_1_250' title='bbox 624 3213 684 3292; x_wconf 93' lang='lat' dir='ltr'><strong>De</strong></span> <span class='ocrx_word' id='word_1_251' title='bbox 705 3226 851 3291; x_wconf 89' lang='lat' dir='ltr'><strong>caetero</strong></span> <span class='ocrx_word' id='word_1_252' title='bbox 879 3210 1116 3292; x_wconf 90' lang='lat' dir='ltr'><strong>charitatem</strong></span> <span class='ocrx_word' id='word_1_253' title='bbox 1144 3227 1315 3292; x_wconf 88' lang='lat' dir='ltr'><strong>vestram</strong></span> <span class='ocrx_word' id='word_1_254' title='bbox 1345 3237 1553 3291; x_wconf 92' lang='lat' dir='ltr'><strong>monemus</strong></span> <span class='ocrx_word' id='word_1_255' title='bbox 1581 3215 1621 3290; x_wconf 93' lang='grc'><strong>8(</strong></span> <span class='ocrx_word' id='word_1_256' title='bbox 1649 3209 1921 3292; x_wconf 88' lang='lat' dir='ltr'><strong>exhortamur</strong></span> <span class='ocrx_word' id='word_1_257' title='bbox 1951 3218 1998 3296; x_wconf 93' lang='lat' dir='ltr'><strong>in</strong></span> <span class='ocrx_word' id='word_1_258' title='bbox 2027 3221 2105 3314; x_wconf 91' lang='lat' dir='ltr'><strong>Do·</strong></span> 
     </span>
    </p>

    <p class='ocr_par' dir='ltr' id='par_1_11' title="bbox 253 3315 2105 3550">
     <span class='ocr_line' id='line_1_26' title="bbox 253 3315 2104 3438; baseline 0.004 -34"><span class='ocrx_word' id='word_1_259' title='bbox 253 3379 256 3404; x_wconf 56' lang='lat'>1</span> <span class='ocrx_word' id='word_1_260' title='bbox 297 3327 429 3419; x_wconf 89' lang='lat' dir='ltr'><strong>mino,</strong></span> <span class='ocrx_word' id='word_1_261' title='bbox 472 3339 673 3438; x_wconf 84' lang='lat' dir='ltr'><strong>quatenus</strong></span> <span class='ocrx_word' id='word_1_262' title='bbox 700 3349 882 3420; x_wconf 89' lang='lat' dir='ltr'><strong>censum,</strong></span> <span class='ocrx_word' id='word_1_263' title='bbox 911 3351 1032 3432; x_wconf 91' lang='lat' dir='ltr'><strong>quem</strong></span> <span class='ocrx_word' id='word_1_264' title='bbox 1061 3315 1234 3430; x_wconf 84' lang='lat' dir='ltr'><strong>regnum</strong></span> <span class='ocrx_word' id='word_1_265' title='bbox 1261 3329 1300 3401; x_wconf 94' lang='grc'><strong>8(</strong></span> <span class='ocrx_word' id='word_1_266' title='bbox 1335 3320 1512 3431; x_wconf 89' lang='lat' dir='ltr'><strong>populus</strong></span> <span class='ocrx_word' id='word_1_267' title='bbox 1555 3337 1687 3402; x_wconf 87' lang='lat' dir='ltr'><strong>vester</strong></span> <span class='ocrx_word' id='word_1_268' title='bbox 1716 3323 1758 3401; x_wconf 91' lang='lat' dir='ltr'><strong>B.</strong></span> <span class='ocrx_word' id='word_1_269' title='bbox 1789 3325 1921 3420; x_wconf 87' lang='lat' dir='ltr'><strong>Petro</strong></span> <span class='ocrx_word' id='word_1_270' title='bbox 1952 3355 2104 3424; x_wconf 82' lang='lat' dir='ltr'><strong>annua·</strong></span> 
     </span>
     <span class='ocr_line' id='line_1_27' title="bbox 298 3431 2105 3550; baseline 0.004 -36"><span class='ocrx_word' id='word_1_271' title='bbox 298 3439 372 3515; x_wconf 89' lang='lat' dir='ltr'><strong>tim</strong></span> <span class='ocrx_word' id='word_1_272' title='bbox 400 3449 597 3532; x_wconf 81' lang='lat' dir='ltr'><strong>statuerat</strong></span> <span class='ocrx_word' id='word_1_273' title='bbox 625 3431 879 3533; x_wconf 88' lang='lat' dir='ltr'><strong>solvendum,</strong></span> <span class='ocrx_word' id='word_1_274' title='bbox 908 3435 1082 3546; x_wconf 91' lang='lat' dir='ltr'><strong>quisque</strong></span> <span class='ocrx_word' id='word_1_275' title='bbox 1112 3433 1162 3514; x_wconf 90' lang='lat' dir='ltr'><strong>de</strong></span> <span class='ocrx_word' id='word_1_276' title='bbox 1191 3460 1265 3512; x_wconf 92' lang='lat' dir='ltr'><strong>suo</strong></span> <span class='ocrx_word' id='word_1_277' title='bbox 1295 3432 1543 3544; x_wconf 88' lang='lat' dir='ltr'><strong>Episcopatu</strong></span> <span class='ocrx_word' id='word_1_278' title='bbox 1572 3434 1688 3514; x_wconf 91' lang='lat' dir='ltr'><strong>annis</strong></span> <span class='ocrx_word' id='word_1_279' title='bbox 1703 3433 1880 3542; x_wconf 87' lang='lat' dir='ltr'><strong>singulis</strong></span> <span class='ocrx_word' id='word_1_280' title='bbox 1903 3439 2105 3550; x_wconf 86' lang='lat' dir='ltr'><strong>colligere,</strong></span> 
     </span>
    </p>

    <p class='ocr_par' dir='ltr' id='par_1_12' title="bbox 298 3543 2102 3746">
     <span class='ocr_line' id='line_1_28' title="bbox 298 3543 2102 3656; baseline -0.006 -30"><span class='ocrx_word' id='word_1_281' title='bbox 298 3553 339 3626; x_wconf 88' lang='grc'><strong>8(</strong></span> <span class='ocrx_word' id='word_1_282' title='bbox 367 3543 451 3648; x_wconf 83' lang='lat' dir='ltr'><strong>sedi</strong></span> <span class='ocrx_word' id='word_1_283' title='bbox 479 3543 725 3656; x_wconf 69' lang='lat' dir='ltr'><strong>Apostolicae</strong></span> <span class='ocrx_word' id='word_1_284' title='bbox 753 3545 1026 3656; x_wconf 72' lang='lat' dir='ltr'><strong>transmittere</strong></span> <span class='ocrx_word' id='word_1_285' title='bbox 1055 3545 1227 3629; x_wconf 86' lang='lat' dir='ltr'><strong>fideliter</strong></span> <span class='ocrx_word' id='word_1_286' title='bbox 1255 3543 1461 3650; x_wconf 80' lang='lat' dir='ltr'><strong>studeatis.</strong></span> <span class='ocrx_word' id='word_1_287' title='bbox 1521 3544 1669 3648; x_wconf 79' lang='lat' dir='ltr'><strong>Datum</strong></span> <span class='ocrx_word' id='word_1_288' title='bbox 1699 3543 1903 3648; x_wconf 84' lang='lat' dir='ltr'><strong>Laterani</strong></span> <span class='ocrx_word' id='word_1_289' title='bbox 1935 3551 2007 3635; x_wconf 79' lang='lat' dir='ltr'><strong>IV,</strong></span> <span class='ocrx_word' id='word_1_290' title='bbox 2032 3555 2102 3648; x_wconf 65' lang='lat' dir='ltr'><strong>Q.</strong></span> 
     </span>
     <span class='ocr_line' id='line_1_29' title="bbox 299 3655 709 3746; baseline 0.012 -8"><span class='ocrx_word' id='word_1_291' title='bbox 299 3655 437 3746; x_wconf 80' lang='lat' dir='ltr'><strong>lendes</strong></span> <span class='ocrx_word' id='word_1_292' title='bbox 468 3655 709 3742; x_wconf 80' lang='lat' dir='ltr'><strong>Decembris.</strong></span> 
     </span>
    </p>
   </div>
   <div class='ocr_carea' id='block_1_3' title="bbox 304 4055 1411 4165">
    <p class='ocr_par' dir='ltr' id='par_1_13' title="bbox 304 4055 1411 4165">
     <span class='ocr_line' id='line_1_30' title="bbox 304 4055 1411 4165; baseline 0 -3"><span class='ocrx_word' id='word_1_293' title='bbox 304 4057 436 4165; x_wconf 76' lang='lat'><strong>821.</strong></span> <span class='ocrx_word' id='word_1_294' title='bbox 993 4055 1411 4164; x_wconf 79' lang='lat'>1181—1185.</span> 
     </span>
    </p>
   </div>
   <div class='ocr_carea' id='block_1_4' title="bbox 317 4229 1514 4360">
    <p class='ocr_par' dir='ltr' id='par_1_14' title="bbox 317 4229 1514 4360">
     <span class='ocr_line' id='line_1_31' title="bbox 317 4229 1514 4360; baseline 0 -20"><span class='ocrx_word' id='word_1_295' title='bbox 317 4229 322 4242; x_wconf 23' lang='grc'>1</span> <span class='ocrx_word' id='word_1_296' title='bbox 381 4273 427 4340; x_wconf 88' lang='lat' dir='ltr'><strong>Af</strong></span> <span class='ocrx_word' id='word_1_297' title='bbox 444 4276 533 4340; x_wconf 80' lang='lat' dir='ltr'><strong>Ptfv.</strong></span> <span class='ocrx_word' id='word_1_298' title='bbox 555 4276 668 4339; x_wconf 72' lang='lat' dir='ltr'><strong>Lucius</strong></span> <span class='ocrx_word' id='word_1_299' title='bbox 690 4273 760 4336; x_wconf 64' lang='lat' dir='ltr'><strong>llice</strong></span> <span class='ocrx_word' id='word_1_300' title='bbox 785 4268 984 4360; x_wconf 70' lang='lat' dir='ltr'><strong>Slpddsbref</strong></span> <span class='ocrx_word' id='word_1_301' title='bbox 998 4273 1048 4340; x_wconf 84' lang='lat' dir='ltr'><strong>fdr</strong></span> <span class='ocrx_word' id='word_1_302' title='bbox 1069 4277 1157 4360; x_wconf 77' lang='lat' dir='ltr'><strong>bosjo</strong></span> <span class='ocrx_word' id='word_1_303' title='bbox 1178 4281 1307 4356; x_wconf 78' lang='lat' dir='ltr'><strong>kloster,</strong></span> <span class='ocrx_word' id='word_1_304' title='bbox 1329 4287 1373 4340; x_wconf 86' lang='lat' dir='ltr'><strong>ett</strong></span> <span class='ocrx_word' id='word_1_305' title='bbox 1393 4275 1514 4358; x_wconf 61' lang='lat' dir='ltr'><strong>ending,</strong></span> 
     </span>
    </p>
   </div>
   <div class='ocr_carea' id='block_1_5' title="bbox 1707 4355 1977 4424">
    <p class='ocr_par' dir='ltr' id='par_1_15' title="bbox 1707 4355 1977 4424">
     <span class='ocr_line' id='line_1_32' title="bbox 1707 4355 1977 4424; baseline 0 -10"><span class='ocrx_word' id='word_1_306' title='bbox 1707 4355 1977 4424; x_wconf 53' lang='lat' dir='ltr'><strong>Rmcmw</strong></span> 
     </span>
    </p>
   </div>
   <div class='ocr_carea' id='block_1_6' title="bbox 217 4481 2194 5004">
    <p class='ocr_par' dir='ltr' id='par_1_16' title="bbox 217 4481 2194 5004">
     <span class='ocr_line' id='line_1_33' title="bbox 469 4481 2194 4606; baseline -0.001 -29"><span class='ocrx_word' id='word_1_307' title='bbox 469 4497 621 4578; x_wconf 79' lang='lat' dir='ltr'><strong>Luctus</strong></span> <span class='ocrx_word' id='word_1_308' title='bbox 651 4519 792 4574; x_wconf 88' lang='lat' dir='ltr'><strong>seruus</strong></span> <span class='ocrx_word' id='word_1_309' title='bbox 820 4518 1030 4575; x_wconf 85' lang='lat' dir='ltr'><strong>seruorum</strong></span> <span class='ocrx_word' id='word_1_310' title='bbox 1059 4491 1125 4575; x_wconf 93' lang='lat' dir='ltr'><strong>dei</strong></span> <span class='ocrx_word' id='word_1_311' title='bbox 1154 4492 1317 4574; x_wconf 87' lang='lat' dir='ltr'><strong>delectis</strong></span> <span class='ocrx_word' id='word_1_312' title='bbox 1346 4495 1392 4604; x_wconf 84' lang='lat' dir='ltr'><strong>jn</strong></span> <span class='ocrx_word' id='word_1_313' title='bbox 1417 4481 1572 4575; x_wconf 86' lang='lat' dir='ltr'><strong>christo</strong></span> <span class='ocrx_word' id='word_1_314' title='bbox 1610 4490 1769 4574; x_wconf 82' lang='lat' dir='ltr'><strong>filiabus</strong></span> <span class='ocrx_word' id='word_1_315' title='bbox 1797 4492 1969 4577; x_wconf 86' lang='lat' dir='ltr'><strong>Juliane</strong></span> <span class='ocrx_word' id='word_1_316' title='bbox 1999 4501 2119 4606; x_wconf 92' lang='lat' dir='ltr'><strong>prio-</strong></span> <span class='ocrx_word' id='word_1_317' title='bbox 2192 4565 2194 4600; x_wconf 73' lang='lat'><strong>,</strong></span> 
     </span>
     <span class='ocr_line' id='line_1_34' title="bbox 217 4601 2194 4718; baseline 0.005 -36"><span class='ocrx_word' id='word_1_318' title='bbox 217 4675 221 4682; x_wconf 89' lang='lat'>.</span> <span class='ocrx_word' id='word_1_319' title='bbox 302 4603 399 4682; x_wconf 87' lang='lat' dir='ltr'><strong>risse</strong></span> <span class='ocrx_word' id='word_1_320' title='bbox 425 4603 657 4711; x_wconf 84' lang='lat' dir='ltr'><strong>monasterij</strong></span> <span class='ocrx_word' id='word_1_321' title='bbox 684 4603 788 4700; x_wconf 78' lang='lat' dir='ltr'><strong>b0³5²l</strong></span> <span class='ocrx_word' id='word_1_322' title='bbox 816 4605 983 4713; x_wconf 89' lang='lat' dir='ltr'><strong>eiusque</strong></span> <span class='ocrx_word' id='word_1_323' title='bbox 1007 4605 1220 4686; x_wconf 86' lang='lat' dir='ltr'><strong>sororibus</strong></span> <span class='ocrx_word' id='word_1_324' title='bbox 1250 4622 1333 4685; x_wconf 92' lang='lat' dir='ltr'><strong>tam</strong></span> <span class='ocrx_word' id='word_1_325' title='bbox 1361 4604 1626 4715; x_wconf 77' lang='lat' dir='ltr'><strong>presentibus</strong></span> <span class='ocrx_word' id='word_1_326' title='bbox 1644 4632 1767 4714; x_wconf 86' lang='lat' dir='ltr'><strong>quam</strong></span> <span class='ocrx_word' id='word_1_327' title='bbox 1798 4603 1959 4688; x_wconf 86' lang='lat' dir='ltr'><strong>futuris</strong></span> <span class='ocrx_word' id='word_1_328' title='bbox 1990 4637 2119 4718; x_wconf 84' lang='lat' dir='ltr'><strong>regu·</strong></span> <span class='ocrx_word' id='word_1_329' title='bbox 2192 4601 2194 4714; x_wconf 77' lang='lat' dir='ltr'><strong>l</strong></span> 
     </span>
     <span class='ocr_line' id='line_1_35' title="bbox 303 4713 2194 4826; baseline 0.005 -34"><span class='ocrx_word' id='word_1_330' title='bbox 303 4713 426 4803; x_wconf 87' lang='lat' dir='ltr'><strong>larem</strong></span> <span class='ocrx_word' id='word_1_331' title='bbox 454 4716 578 4800; x_wconf 82' lang='lat' dir='ltr'><strong>vitam</strong></span> <span class='ocrx_word' id='word_1_332' title='bbox 607 4713 798 4824; x_wconf 86' lang='lat' dir='ltr'><strong>professis</strong></span> <span class='ocrx_word' id='word_1_333' title='bbox 826 4718 1112 4824; x_wconf 84' lang='lat' dir='ltr'><strong>inperpetuum</strong></span> <span class='ocrx_word' id='word_1_334' title='bbox 1142 4721 1215 4802; x_wconf 80' lang='lat' dir='ltr'><strong>&amp;c</strong></span> <span class='ocrx_word' id='word_1_335' title='bbox 1252 4717 1439 4826; x_wconf 88' lang='lat' dir='ltr'><strong>pluribus</strong></span> <span class='ocrx_word' id='word_1_336' title='bbox 1482 4742 1580 4797; x_wconf 84' lang='lat' dir='ltr'><strong>vero</strong></span> <span class='ocrx_word' id='word_1_337' title='bbox 1622 4716 1873 4825; x_wconf 85' lang='lat' dir='ltr'><strong>interpositis</strong></span> <span class='ocrx_word' id='word_1_338' title='bbox 1910 4717 2118 4800; x_wconf 74' lang='lat' dir='ltr'><strong>clausulis</strong></span> <span class='ocrx_word' id='word_1_339' title='bbox 2192 4721 2194 4812; x_wconf 83' lang='lat' dir='ltr'><strong>l</strong></span> 
     </span>
     <span class='ocr_line' id='line_1_36' title="bbox 1667 4828 2194 4936; baseline 0.002 -29"><span class='ocrx_word' id='word_1_340' title='bbox 1667 4853 1672 4862; x_wconf 90' lang='lat'>·</span> <span class='ocrx_word' id='word_1_341' title='bbox 1759 4828 1898 4936; x_wconf 53' lang='lat' dir='ltr'><strong>sequi*</strong></span> <span class='ocrx_word' id='word_1_342' title='bbox 1967 4855 1975 4866; x_wconf 54' lang='lat'>⁸</span> <span class='ocrx_word' id='word_1_343' title='bbox 2193 4835 2194 4838; x_wconf 65' lang='lat'><em>&#39;</em></span> 
     </span>
     <span class='ocr_line' id='line_1_37' title="bbox 300 4973 572 5004; baseline 0.004 -1"><span class='ocrx_word' id='word_1_344' title='bbox 300 4973 572 5004; x_wconf 53' lang='lat' dir='ltr'><strong>u—-ww-</strong></span> 
     </span>
    </p>
   </div>
   <div class='ocr_carea' id='block_1_7' title="bbox 342 5033 2034 5140">
    <p class='ocr_par' dir='ltr' id='par_1_17' title="bbox 342 5033 2034 5140">
     <span class='ocr_line' id='line_1_38' title="bbox 342 5033 2034 5140; baseline 0.005 -44"><span class='ocrx_word' id='word_1_345' title='bbox 342 5038 366 5112; x_wconf 85' lang='lat'><strong>*)</strong></span> <span class='ocrx_word' id='word_1_346' title='bbox 389 5034 435 5096; x_wconf 80' lang='lat' dir='ltr'><strong>Pe</strong></span> <span class='ocrx_word' id='word_1_347' title='bbox 457 5056 576 5121; x_wconf 88' lang='lat' dir='ltr'><strong>papper</strong></span> <span class='ocrx_word' id='word_1_348' title='bbox 596 5037 607 5097; x_wconf 92' lang='lat' dir='ltr'><strong>i</strong></span> <span class='ocrx_word' id='word_1_349' title='bbox 627 5034 776 5100; x_wconf 85' lang='lat' dir='ltr'><strong>odaterad</strong></span> <span class='ocrx_word' id='word_1_350' title='bbox 798 5035 980 5108; x_wconf 81' lang='lat' dir='ltr'><strong>vjdimation</strong></span> <span class='ocrx_word' id='word_1_351' title='bbox 1002 5039 1039 5099; x_wconf 82' lang='lat' dir='ltr'><strong>af</strong></span> <span class='ocrx_word' id='word_1_352' title='bbox 1055 5035 1131 5102; x_wconf 80' lang='lat' dir='ltr'><strong>Pstt</strong></span> <span class='ocrx_word' id='word_1_353' title='bbox 1153 5037 1389 5112; x_wconf 65' lang='lat' dir='ltr'><strong>ssommissarien</strong></span> <span class='ocrx_word' id='word_1_354' title='bbox 1411 5033 1561 5140; x_wconf 72' lang='lat' dir='ltr'><strong>Jossuurs</strong></span> <span class='ocrx_word' id='word_1_355' title='bbox 1582 5035 1634 5098; x_wconf 80' lang='lat' dir='ltr'><strong>vid</strong></span> <span class='ocrx_word' id='word_1_356' title='bbox 1654 5035 1765 5118; x_wconf 72' lang='lat' dir='ltr'><strong>bitiae</strong></span> <span class='ocrx_word' id='word_1_357' title='bbox 1785 5034 1822 5101; x_wconf 76' lang='lat' dir='ltr'><strong>of</strong></span> <span class='ocrx_word' id='word_1_358' title='bbox 1843 5033 2034 5104; x_wconf 69' lang='lat' dir='ltr'><strong>rdooatatet„</strong></span> 
     </span>
    </p>
   </div>
   <div class='ocr_carea' id='block_1_8' title="bbox 0 0 2217 5956">
    <p class='ocr_par' dir='ltr' id='par_1_18' title="bbox 0 0 2217 5956">
     <span class='ocr_line' id='line_1_39' title="bbox 0 0 2217 5956; baseline 0 0"><span class='ocrx_word' id='word_1_359' title='bbox 0 0 2217 5956; x_wconf 95' lang='lat' dir='ltr'><strong> </strong></span> 
     </span>
    </p>
   </div>
  </div>
 </body>
</html>
