4368 5950
971 527 1030 552 ..
1136 483 1220 590 ³240
1329 521 1387 551 ..-

289 759 423 882 ¹areop.
523 824 529 831 .
606 731 610 738 ’
724 753 728 763 ·
863 731 1065 854 '1224
1112 713 1162 819 d.
1210 715 1278 822 31
1329 712 1448 823 tuli.
1806 689 2057 864 sGorsung.

256 989 260 996 -
367 899 1078 1073 transamundi.atra
1102 901 1188 1074 ..et
1202 902 1377 988 aa...
1398 901 1509 1020 ὼ
1529 902 1570 1015 ¹³⁶
1592 900 1846 986 “rme
1868 899 2059 984 a...

1644 1057 1946 1138 ·³¹hpnmu
2059 1067 2063 1078 “

1192 1151 1196 1160 ι

424 1305 425 1310 Ν
451 1207 498 1285 lu
520 1227 672 1312 nonum
689 1197 1012 1287 scurronum
1030 1209 1237 1284 rnounnur
1252 1205 1485 1288 'rarum-ms.
1503 1205 1643 1286 Ericus
1658 1201 1723 1282 dci
1738 1201 1873 1308 gracia
1887 1227 2059 1282 sueorum

285 1343 356 1398 rex
384 1317 584 1397 uniuersis
627 1313 769 1396 christi
804 1312 991 1397 fidelihus
1012 1327 1108 1394 'tam
1145 1314 1402 1421 presentibus
1444 1344 1566 1424 quam
1609 1312 1757 1395 futuris
1785 1338 1950 1422 presens
1977 1313 2060 1392 scri·

284 1443 403 1537 ptum
433 1424 688 1536 jntuentibus
716 1426 782 1508 vel
811 1423 1011 1508 audituris
1054 1425 1098 1505 in
1140 1435 1420 1533 perpetuum?
1441 1424 1613 1510 Nouerit
1647 1421 1845 1535 siquidem
1879 1439 1961 1504 tam
1986 1449 2062 1532 pre·

283 1539 461 1621 sentium
489 1552 574 1619 etas
603 1565 726 1647 quam
755 1539 989 1619 futurorum
1002 1549 1009 1638 j
1017 1536 1231 1646 posteritas
1258 1533 1373 1646 quod
1401 1537 1444 1619 in
1473 1534 1539 1619 die
1555 1535 1886 1618 intronizacionis
1916 1539 1955 1614 u
1973 1541 2063 1614 'con-

283 1651 524 1732 secracionis
553 1664 701 1732 nostre.
730 1639 880 1729 dilecto
908 1645 1083 1758 cognato
1112 1661 1255 1728 nostro
1290 1648 1467 1728 Domino
1496 1649 1629 1752 Olauo
1657 1645 1875 1756 upsalensi*
1911 1641 2061 1742 arehie-

284 1761 392 1841 lecto
421 1766 461 1839 8<
489 1761 574 1840 eius
603 1759 900 1841 successoribus
928 1760 1198 1870 possessiones
1212 1786 1314 1865 quas
1342 1757 1559 1846 habuimus
1574 1761 1617 1842 in
1636 1757 1817 1862 Mifibi'
1832 1761 1871 1837 Sc
1885 1756 2065 1846 insanas

285 1871 401 1980 lingi
430 1870 672 1952 contulimus
701 1871 744 1949 in
773 1887 1015 1981 perpetuum
1043 1865 1317 1980 possidendas.
1347 1889 1393 1954 vt
1420 1869 1556 1956 autem
1598 1895 1810 1980 processus
1852 1883 2065 1974 temporum
2150 1957 2151 1962 .

285 2008 373 2063 rem
407 2001 558 2092 gestam
601 2007 652 2061 ex
694 1979 803 2062 facili
850 2010 936 2061 non
969 1980 1153 2063 aboleret
1194 1981 1405 2060 statuimus
1434 1999 1481 2062 ut
1509 2009 1597 2062 eam
1632 1979 1752 2089 sigilli
1788 1979 1922 2060 nostri
1954 1975 2067 2056 muni·
2150 1993 2151 1996 ‘

285 2093 401 2177 sione
430 2092 644 2203 perhennis
670 2093 866 2174 uiuacitas
893 2092 1122 2175 litterarum
1157 2092 1388 2174 memoriter
1428 2092 1652 2174 roboraret.
1700 2087 1918 2172 euidenter
1957 2113 2064 2166 anne·

280 2199 435 2286 ctendo
463 2205 497 2284 si
524 2203 602 2282 hoc
630 2204 723 2311 quis
752 2203 906 2286 donum
933 2220 1016 2283 tam
1042 2201 1345 2283 racionabiliter
1379 2203 1610 2285 institutum
1637 2229 1791 2284 cassare
1807 2198 2066 2309 presumserit
2104 2217 2107 2226 '

161 2349 165 2354 ·
286 2341 328 2396 se
357 2314 467 2423 regia
494 2312 655 2394 vicione
683 2314 849 2396 nouerit
876 2311 1207 2423 perplectandvm
1236 2317 1276 2394 8<
1305 2312 1571 2398 anathematis
1600 2312 1763 2396 vinculo
1790 2307 2065 2422 jnnodandrm.

286 2425 418 2506 Huius
446 2451 542 2504 vero
572 2425 630 2506 rei
658 2442 777 2507 testes
810 2443 906 2506 sunt
933 2423 1121 2507 dominus
1160 2423 1401 2506 Benedictus
1443 2427 1637 2508 scarensis
1679 2425 1897 2533 episcopus
1938 2427 1978 2501 &
2007 2417 2068 2504 do·

288 2536 420 2620 minus
448 2534 638 2616 robertus
667 2536 895 2636 arosirensis
923 2535 1101 2616 antistes.
1138 2531 1334 2616 dominus
1360 2534 1579 2643 johannes¹
1601 2534 1707 2614 filius
1742 2530 1972 2614 remmodis.
2011 2528 2069 2610 do-

287 2647 420 2728 minus
448 2647 638 2725 Kanutus
667 2644 772 2726 filius
799 2645 1013 2756 holmgerir
1042 2644 1229 2728 dominus
1258 2646 1496 2755 philippus
1530 2646 1635 2727 filius
1662 2642 1869 2746 katerine.
1899 2640 2070 2724 dominus

187 2772 189 2778 ’
288 2756 512 2867 philippus
534 2755 666 2836 ,frater
694 2756 893 2837 iohannis.
920 2756 1109 2841 dominus
1138 2756 1378 2866 iggiualdus.
1407 2759 1733 2865 Nesoununggus
1761 2752 1936 2864 Legifer.
1953 2751 2070 2832 home·
2149 2859 2151 2866 Α

287 2896 358 2950 rus
387 2869 581 2976 pincerna
609 2872 649 2946 8<
676 2867 746 2974 alij
775 2868 913 2975 plures
941 2894 1045 2978 quos
1072 2895 1186 2948 mora
1216 2884 1353 2949 estex
1369 2865 1513 2949 ordine
1533 2894 1756 2950 numerare.
1787 2868 1941 2946 Datum
1955 2879 2072 2944 autem

288 3005 469 3094 gorsung
496 3005 605 3058 anno
635 2976 687 3058 ab
717 2970 1000 3062 incarnacione
1022 2976 1189 3098 dominj.
1219 2963 1290 3058 ΜΟ.
1322 2979 1422 3060 CC0.
1442 2977 1563 3060 ¹XX⁰.
1592 2979 1703 3057 ΙΙΙΙΡ.
1732 2977 1965 3060 indictione
1993 2971 2070 3051 XII.

289 3106 443 3198 epacta.
472 3089 561 3168 XX.
593 3087 703 3169 vlu.
732 3105 1010 3182 concurrente.
1040 3091 1071 3170 Ι.
1102 3090 1237 3170 littera
1266 3089 1499 3171 dominicali
1527 3091 1732 3180 existente.
1763 3089 1790 3176 f.
1821 3089 1871 3168 ll.
1889 3078 2072 3168 Kalendis

288 3201 452 3307 augusti
480 3196 577 3278 feria
606 3199 696 3279 ΙΙΙΙ.
722 3193 832 3279 anno
861 3192 976 3309 regni
1004 3200 1134 3281 nostri
1160 3200 1352 3294 secundo.

291 3341 337 3407 Pa
359 3341 533 3406 hhmidan:
554 3343 692 3406 Donacio
712 3341 798 3405 faeta
817 3340 860 3404 de
880 3341 1010 3427 Myrihy
1031 3341 1194 3426 Septllngi2
1708 3377 1713 3386 ·

633 3423 773 3507 sigillet,
792 3426 843 3488 uti
864 3423 951 3488 hritt
970 3445 1032 3490 vax
1053 3433 1088 3490 tr
1108 3426 1160 3496 tili
1181 3447 1219 3500 en
1238 3423 1314 3494 iiten
1334 3423 1387 3490 del
1407 3445 1497 3519 quar.
1538 3423 1620 3490 Τὼ.
1644 3442 1673 3488 a.
1692 3439 1744 3488 nto
1764 3424 1793 3496 5.

299 3655 524 3776 odo·
636 3783 641 3792 ,
949 3673 1100 3785 1225
1150 3644 1462 3782 dotans
1640 3643 1644 3666 ⁸
1850 3669 2071 3775 Lateran.

371 3861 468 3952 'Piso
491 3887 648 3952 Horremus
670 3891 740 3953 lll:s
760 3890 897 3960 tillstcind
920 3893 970 3955 ffir
990 3893 1289 3966 ¹Predikere·0rden
1310 3902 1356 3954 att
1375 3891 1466 3958 iiven
1487 3891 1645 3964 anderen
1666 3889 2003 3978 aliminbannlysning
2019 3887 2073 3953 iti

425 3973 490 4040 sina
511 3973 642 4062 kyrica,
663 3973 743 4044 doeh
767 3975 850 4045 iuorn
870 3976 972 4038 slutna
984 3975 1110 4056 dirrar,
1131 3976 1190 4038 och
1211 3987 1286 4038 utan
1307 3975 1550 4058 klockringning,
1575 3975 1706 4038 idrrttta
1718 3975 1951 4060 Gudstjensten.

1767 4089 1958 4150 huda.

404 4221 612 4310 Honomus
642 4225 854 4333 episcopus
896 4252 1037 4306 seruus
1076 4215 1288 4306 seruorum
1318 4222 1393 4305 dei.
1432 4222 1598 4314 Dilectis
1626 4225 1718 4314 filiis
1747 4205 1795 4306 .’.
1827 4227 2021 4335 Magistro
2045 4237 2077 4302 et

294 4335 506 4415 Fratribus
535 4333 701 4414 Ordinis
717 4334 1032 4428 Predicatorum.
1062 4336 1242 4419 Salutem
1259 4333 1573 4444 &apostolicam
1593 4335 1932 4422 benedictionem.
1961 4337 1992 4418 F
1995 4358 2077 4414 auo·

296 4445 493 4524 rabilibus
522 4448 709 4553 precibus
738 4448 884 4528 uestris
910 4445 1133 4559 benignum
1154 4448 1429 4560 impertientes
1458 4473 1672 4530 assensum.
1701 4449 1947 4529 auctoritate
1976 4445 2077 4527 uobis

297 4555 544 4664 presentium
579 4554 848 4666 indulgemus.
875 4574 923 4642 ut
951 4559 1148 4668 generalis
1175 4577 1360 4669 tempore
1388 4556 1613 4655 interdicti,
1656 4559 1772 4640 liceat
1806 4557 1929 4640 uobis
1958 4559 1999 4638 in
2025 4583 2077 4635 ec·

299 4665 428 4774 clesiis
455 4669 599 4746 nestris
630 4668 671 4746 in
700 4669 850 4775 quibus
878 4667 1092 4778 collegium
1121 4668 1245 4752 fuerit
1272 4697 1358 4758 non
1373 4656 1542 4778 pulsatis
1557 4669 1775 4779 campanis.
1789 4671 1923 4752 ianuis
1937 4665 2076 4750 clausis.

299 4777 655 4857 excommunicatis
684 4797 724 4861 et
751 4773 976 4862 interdictis
1006 4781 1187 4866 exclusis.
1215 4777 1412 4862 submissa
1439 4807 1540 4861 uoce
1573 4777 1711 4863 diuina
1726 4779 1858 4864 officia
1872 4777 2076 4864 celebrare.

299 4887 410 4968 Nulli
441 4913 539 4994 ergo
567 4893 640 4968 &a
699 4890 751 4970 Se
779 4891 1069 5000 slntnaeningen
1096 4897 1154 4996 os
1173 4893 1252 4974 N:o
1289 4919 1381 4976 soa.
1446 4889 1595 4972 Datum
1644 4893 1845 4976 Laterani.
1888 4891 1958 4976 VI.
1991 4884 2076 4974 Jdut

277 4996 499 5100 ianuarii.
554 4999 813 5082 Pontificatus
841 5004 971 5086 nostri
999 5030 1108 5086 anno
1142 5003 1273 5086 Nono.
1370 5093 1372 5101 ,

1681 5190 1685 5220 ,
1724 5183 1727 5191 ,
1799 5067 1883 5198 '231
