4362 5946
1000 501 1057 536 -.
1166 462 1246 556 aa
1357 501 1414 522 -
1527 509 1531 522 ·

316 691 448 822 3'48.
592 707 627 731 ”
816 685 820 692 ’
966 705 1114 832 1247
1161 689 1290 796 d.’5
1337 687 1458 796 Dec.
1684 673 1693 682 ’
1789 685 2061 839 Skenniuge.

212 975 215 987 ,
287 949 289 952 v
391 906 471 976 Ptt
493 909 644 992 cheten,
665 909 746 972 stu.
767 909 935 973 Wuumia
957 909 995 969 af
1010 907 1125 970 sebius
1146 912 1250 1054 lippos
1270 911 1348 971 Bref
1363 909 1496 971 rr’irsnde
1515 908 1556 985 40
1575 907 1689 988 degere
1709 897 1783 968 aflet
1803 907 1944 986 sordem,
1962 912 2062 997 sumpt
2147 869 2148 874 γ

425 992 646 1089 ¹o'fuurutmde
666 991 757 1070 tider,
781 990 909 1054 kommo
929 990 977 1054 till
999 989 1126 1072 Signina
1146 992 1370 1074 lesterkyrke·
1382 1002 1428 1054 att
1449 991 1505 1056 der
1525 994 1602 1072 glire
1622 993 1667 1052 sin
1689 989 1761 1052 ben.

1729 1113 1732 1120 “
1765 1105 1800 1180 D.
1816 1107 1842 1160 b.
1862 1120 1886 1158 r:
1906 1106 1960 1176 3¹9

476 1242 729 1322 wrmauuus
758 1241 1012 1322 miseratione
1040 1241 1178 1321 divina
1209 1240 1434 1322 sabinensis
1472 1240 1715 1348 Episcopus,
1758 1241 1990 1347 Apostolieae
2012 1245 2064 1322 Se

308 1355 374 1438 dis
401 1353 579 1461 Legatos
607 1349 792 1429 omnibus
821 1368 1035 1459 praesentes
1066 1352 1219 1431 litteras
1261 1351 1503 1459 inspecturis
1546 1351 1716 1430 salutem
1744 1351 1786 1428 in
1815 1354 1970 1430 nomine
1994 1351 2065 1434 lesu
2141 1418 2146 1432 .

308 1463 468 1546 Christi.
492 1463 612 1542 Licet
640 1462 673 1538 is
703 1464 776 1540 &c
806 1465 888 1543 lile
915 1464 1005 1542 med
1019 1463 1279 1569 foregdende
1308 1464 1389 1543 N.·o
1425 1462 1503 1564 347
1533 1461 1598 1540 till
1625 1461 1848 1542 invitamus.
1878 1463 2068 1562 Cupientes

309 1576 434 1684 igitur
465 1588 512 1651 ut
541 1569 704 1650 ecclesia
739 1570 910 1651 fratrum
945 1571 1255 1680 praedicatorum
1298 1572 1348 1653 de
1393 1571 1600 1652 Siehtunia
1631 1570 1874 1678 'Upsalensis
1916 1570 2068 1652 dioecesis
2147 1603 2148 1664 a

210 1765 213 1772 ,
306 1684 499 1790 congruis
527 1681 766 1762 honoribus<
795 1681 1090 1794 frequentetur,
1133 1684 1319 1764 omnibus
1354 1711 1448 1766 vere
1491 1683 1783 1790 poenitentibus
1823 1698 1864 1759 et
1906 1681 2069 1763 confessis
2147 1667 2148 1746 l

159 1807 170 1838 ¹
309 1795 384 1903 qui
410 1791 469 1871 ad
490 1789 655 1871 eandem
684 1792 890 1873 ecelesiam
918 1795 961 1873 in
992 1793 1095 1874 festo
1138 1794 1420 1901 assumptionis
1454 1793 1494 1872 Β.
1528 1791 1662 1870 Mariae
1690 1807 1730 1870 et
1759 1806 1909 1902 septem
1951 1789 2069 1872 diebus

309 1902 591 2013 sequentibus,
620 1919 661 1981 et
689 1904 732 1982 in
760 1903 940 2010 ejusdem
968 1903 1144 1984 ecelesiae
1185 1903 1453 1999 dedicatione,
1483 1920 1616 1980 'causa
1658 1902 1801 1982 eraudi
1840 1905 2070 2000 accesserint,

309 2014 370 2108 40¹
390 2012 474 2093 dies
504 2011 567 2091 vel
595 2039 716 2093 unam
745 2043 930 2095 carenam
959 2014 1009 2095 de
1038 2015 1217 2123 injuncta
1246 2015 1323 2093 sibi
1354 2013 1607 2122 poenitentia,
1637 2011 1776 2092 confisi
1791 2011 1842 2090 de
1858 2014 1949 2092 Jesu
1976 2013 2069 2092 Chri·
2147 2033 2148 2042 ¹

309 2125 362 2206 sti
389 2122 661 2204 misericordia
688 2141 729 2204 et
757 2126 1047 2232 Apostolorum
1075 2126 1224 2206 meritis
1253 2123 1519 2232 indulgemus.
1548 2123 1696 2201 Datum
1724 2121 1973 2228 Scheningiae
1988 2125 2068 2204 Non.
2147 2185 2148 2200 ,

265 2342 268 2350 .
311 2235 553 2317 Decembris.
582 2235 842 2318 Pontificatus
871 2233 1036 2356 domini
1053 2237 1279 2318 Innocentii
1306 2239 1424 2344 Papae
1454 2236 1522 2313 IV.
1554 2260 1664 2312 anuo
1693 2233 1850 2339 quinto,
1889 2335 1894 2342 ι
1968 2297 1974 2306 .
2147 2217 2148 2242 ’

1128 2375 1189 2485 u-
1220 2377 1277 2488 st

174 2689 178 2698 Ι
313 2767 448 2910 349·
959 2785 1106 2912 1247
1130 2918 1132 2926 ¹
1156 2767 1204 2877 d.
1251 2771 1281 2876 5
1330 2767 1450 2874 Dec.
1783 2765 2072 2910 Skenninge.

390 2979 468 3049 Μ
489 2949 638 3066 tegerer,
659 2984 738 3048 Bul.
759 2985 926 3050 Wrturmrs
946 2937 985 3048 af
1000 2987 1116 3049 Sabina
1136 2988 1273 3050 tillstdnd
1294 2990 1343 3049 lb'r
1364 2986 1709 3049 Predilare-Briiderne
1728 2986 1740 3046 i
1762 2984 1892 3065 Siguma
1903 2995 1948 3044 att
1967 2982 2074 3045 medde·

441 3067 474 3128 lo
494 3085 535 3128 πο
553 3065 663 3148 degere
682 3065 754 3130 stlat
774 3067 807 3128 tt
827 3069 1016 3150 botffirdige,
1038 3091 1105 3133 som
1126 3069 1234 3132 ufho'rt
1254 3071 1343 3131 deras
1363 3069 1590 3154 predikniugsr.

1753 3181 1789 3236 o.
1811 3152 1838 3233 Β.
1859 3195 1892 3232 ιι
1911 3182 1968 3235 aas

475 3317 726 3398 Wunuuuus
755 3320 1008 3400 miseratione
1035 3317 1169 3400 divina
1186 3318 1416 3397 Sabinensis
1438 3320 1679 3426 Episcopus,
1708 3314 1957 3420 spostolicae
1985 3313 2076 3393 Sedis

125 3523 128 3530 ,
242 3479 244 3482 -
308 3423 503 3536 Legatus,
531 3427 626 3507 viris
654 3426 849 3536 religiosis
879 3427 1071 3512 fratribus
1100 3429 1240 3510 domus
1270 3427 1320 3508 de
1349 3429 1526 3509 Sictonia
1557 3425 1795 3534 ,Upsalensis
1830 3422 2015 3504 dioecesis
2027 3453 2079 3502 or·

308 3531 414 3618 dinis
443 3534 749 3645 praedieatorum
774 3538 947 3620 salutem
975 3543 1017 3620 in
1044 3540 1206 3618 nomine
1235 3541 1329 3618 Jesu
1354 3538 1524 3618 Christi.
1570 3539 1786 3644 Cupientes
1815 3561 1890 3612 vos
1921 3552 1962 3614 et
1989 3532 2077 3616 ordi·

308 3673 401 3728 nem
428 3661 605 3728 vestrum
633 3646 770 3730 favore
805 3678 960 3758 semper
1002 3651 1192 3760 prosequi
1234 3651 1372 3756 gratiae
1413 3647 1611 3758 specialis,
1655 3662 1700 3724 ut
1728 3657 1910 3724 vestrum
1953 3643 2078 3751 singuli

307 3785 401 3840 cum
431 3785 454 3840 a
483 3758 619 3866 priore
647 3757 789 3840 domus
820 3777 962 3840 vestrae
989 3760 1051 3840 vel
1081 3761 1199 3839 etiam
1228 3761 1279 3838 ab
1309 3760 1389 3838 alio
1417 3761 1542 3840 vicem
1556 3773 1720 3866 gerente
1748 3755 1901 3864 prioris
1917 3759 1970 3840 ad
1996 3781 2078 3865 prae

308 3865 525 3951 dicandum
554 3899 630 3979 pro
659 3869 882 3949 animarum
925 3869 1051 3951 salute
1093 3868 1244 3950 fuerint
1286 3868 1494 3964 destinati,
1537 3871 1600 3950 his
1623 3869 1696 3976 qui
1738 3864 2077 3975 praedicationibus

309 4005 446 4062 eorum
477 3979 750 4076 interfuerint,
779 3980 924 4088 viginti
953 3980 1038 4060 dies
1070 3978 1121 4059 de
1149 3981 1339 4088 injunctis
1368 3981 1443 4060 sibi
1473 3978 1736 4087 poenitentiis,
1765 3978 1816 4058 de
1845 3979 2001 4081 quibus
2028 4002 2080 4056 ve·

308 4093 454 4174 rariter
482 4117 553 4170 ore
582 4091 752 4180 confessi
780 4105 822 4169 et
849 4088 971 4171 corde
997 4091 1158 4171 contriti
1176 4089 1337 4185 fuerint,
1355 4085 1532 4170 relaxare
1547 4089 1722 4184 valeant,
1754 4092 1998 4170 auctoritate
2023 4115 2079 4164 ro

253 4197 257 4214 '
307 4199 371 4282 bis
397 4227 479 4310 qua
505 4200 575 4282 fun
604 4203 708 4282 imur
739 4201 984 4310 Apostolica·
1000 4201 1252 4282 concedimus
1267 4199 1503 4285 facultatem.
1519 4200 1715 4280 Volumus
1743 4206 1849 4285 enim
1864 4217 1915 4279 ut
1933 4201 2017 4281 hac
2032 4203 2079 4278 iu·

307 4309 513 4420 dulgentia
541 4232 603 4394 arf
619 4338 710 4398 eum
738 4314 809 4422 qui
837 4309 1057 4421 praefuerit,
1087 4311 1335 4390 extendatur.
1366 4313 1513 4416 Datum
1542 4310 1752 4417 Schening.
1783 4315 1890 4394 Non.
1908 4309 2079 4412 Decemlt

308 4419 566 4507 Pontificatus
598 4420 751 4502 domini
777 4423 1002 4508 innocentii
1030 4425 1147 4528 Papae
1175 4421 1245 4496 IV.
1275 4423 1394 4502 Anno
1423 4424 1589 4531 quinto..
1939 4453 1941 4459 ⁴

998 4601 1001 4606 -
1122 4559 1184 4673 (u.
1217 4562 1273 4674 s)
1401 4630 1404 4636 ,
