4370 5950
985 409 1400 493 -108-

286 638 390 766 dd(
557 617 590 704 ¹⁵
968 638 1406 782 1178-s1196.

283 885 286 890 ·
361 862 444 925 Bisk.
474 861 626 924 Srarraus
648 861 658 919 i
680 858 821 921 Toumai
843 857 925 920 Svar
946 859 997 921 till
1017 811 1196 924 trie-Risi„
1217 863 1356 924 Aesacon
1378 860 1389 920 i
1410 857 1516 937 Laud,
1549 855 1681 920 riirande
1701 861 1755 920 sitt
1775 859 1831 921 hos
1854 859 2065 944 Pdlvengilna

411 943 537 1022 fo'rmd3
558 942 701 1004 Kanikeu
722 943 825 1005 Persa
844 962 877 1003 m
898 962 939 1003 nr.
1274 960 1277 966 ’
1298 977 1311 1040 ‘.

1569 1055 1614 1112 ll.
1633 1053 1662 1108 h.
1684 1052 1796 1109 2:518.
1816 1072 1861 1112 mo
1883 1071 1940 1128 ηρ.

909 1192 1109 1272 Londerasi
1133 1192 1446 1304 Arcdz'episcopo.

273 1415 282 1437 ‚x
324 1375 344 1444 Ἰ
378 1423 382 1436 ,
445 1334 744 1434 Verecundiam
778 1361 907 1418 meam
942 1337 1075 1444 tetigit
1110 1336 1226 1416 litera
1262 1352 1412 1437 vestra,
1458 1337 1595 1431 Pater,
1632 1339 1674 1412 &
1701 1335 1895 1442 castigato
1922 1336 2069 1419 rubore

278 1436 452 1534 frontem
480 1445 676 1557 perfudit,
705 1473 1022 1542 commemorans
1063 1475 1140 1556 pro
1168 1446 1342 1556 negotijs
1370 1446 1513 1526 vestris
1541 1440 1652 1552 apud
1680 1444 1895 1525 Dominum
1925 1449 1980 1526 Pa
2011 1477 2070 1528 am

277 1586 340 1639 me
356 1557 474 1638 luisse
487 1557 733 1654 sollicitum,
762 1562 802 1637 8<
829 1559 873 1635 in
901 1556 1078 1664 consilijs
1107 1558 1249 1666 nuncij
1278 1559 1402 1638 vestri
1432 1557 1610 1663 magistri
1639 1554 1780 1635 Tobiae
1809 1558 1940 1637 minus
1968 1477 2069 1639 desi·

278 1669 370 1752 dem
396 1697 519 1778 quam
546 1666 750 1749 deuotum.
808 1669 902 1747 Non
932 1666 1113 1750 modicus
1142 1687 1201 1748 est
1229 1668 1517 1776 obsequiorum
1546 1663 1719 1758 fructus,
1747 1692 1816 1744 eos
1837 1668 1985 1776 quibus
2001 1671 2070 1750 im·

203 1781 230 1823 ’·
277 1805 403 1889 pensa
431 1798 526 1861 sunt
562 1780 730 1873 maxime
758 1796 942 1884 potentes
971 1783 1010 1858 8<
1037 1777 1194 1860 nobiles
1222 1779 1285 1882 vel
1314 1779 1358 1858 in
1386 1775 1546 1858 modico
1559 1775 1792 1858 meminisse.
1822 1777 1959 1858 Placet
1973 1779 2067 1860 mihi

207 1925 210 1933 ¹
255 1889 486 1990 seruitium
518 1917 650 1970 meum
679 1888 964 1997 complacuisse
992 1888 1125 1984 vobis,
1156 1895 1196 1970 &
1224 1891 1267 1968 in
1293 1905 1426 1968 vestra
1454 1890 1672 1994 gratiarum
1700 1888 1856 1966 actione
1883 1905 1993 1969 totus
2009 1919 2071 1970 ac·

130 2083 133 2089 .
278 2003 422 2107 cingor
454 1998 721 2082 &accendor
749 1998 801 2080 ad
829 1999 997 2094 maiora,
1026 1999 1060 2077 si
1086 1999 1151 2079 vel
1182 2000 1497 2108 oportunitatem
1525 1999 1683 2079 occasio
1711 2025 1795 2077 uon
1817 1996 1985 2096 deserat,
2009 2001 2070 2081 vel

144 2199 147 2204 ,
191 2195 197 2205 ,
278 2117 533 2220 oportunitas
570 2112 771 2192 occasioni
806 2127 1030 2190 concurrat.
1094 2112 1256 2191 Petrum
1291 2127 1467 2190 vestrum
1497 2115 1651 2216 pariter
1679 2133 1725 2187 ac
1753 2125 1936 2188 nostrum
1964 2139 2070 2191 com·

255 2220 494 2304 'mendabili
528 2249 686 2302 morum
714 2219 922 2300 nobilitate
943 2226 1050 2300 inter
1078 2221 1244 2302 iuuenes
1272 2222 1520 2329 praecipuum
1548 2222 1651 2300 sicut
1677 2218 1913 2316 mandastis,
1943 2249 2070 2329 quan·

277 2351 365 2414 tum
399 2334 518 2414 nobis
541 2333 749 2414 Dominus
783 2331 998 2438 permittit,
1026 2336 1066 2411 &
1094 2357 1391 2412 commonemus
1418 2350 1579 2439 patrum
1609 2329 1759 2425 verbis,
1790 2334 1829 2409 8<
1857 2341 2070 2436 promoue-

276 2471 366 2525 mus
393 2442 564 2524 fratrum
592 2443 797 2551 exemplis.
855 2442 986 2520 Sacrae
1014 2442 1172 2548 paginae
1199 2440 1363 2524 studens
1392 2440 1545 2521 scholas
1572 2439 1753 2520 veritatis
1783 2441 1827 2518 in
1856 2440 2069 2540 auditorio,

277 2547 433 2635 scholas
467 2555 628 2634 virtutis
662 2552 893 2662 frequentat
928 2552 971 2630 in
1000 2550 1193 2632 claustro:
1230 2581 1321 2633 cum
1367 2579 1499 2662 neque
1542 2551 1606 2630 hic
1649 2551 1734 2630 sine
1776 2552 1947 2632 veritate
1990 2556 2072 2638 vir-

276 2673 420 2759 tutem,
463 2669 597 2772 neque
639 2664 698 2744 ibi
739 2665 825 2742 sine
853 2662 1004 2741 virtute
1033 2662 1247 2746 combibat
1265 2666 1483 2745 veritatem.
1541 2663 1647 2752 Duo*
1663 2687 1808 2768 sugens
1836 2661 1962 2742 ubera
1992 2666 2071 2746 cito

218 2828 226 2840 -
276 2776 428 2884 poterit
456 2773 721 2881 impinguari,
755 2777 800 2850 v't
827 2785 1023 2880 tanquam
1052 2774 1255 2882 saginatus
1283 2773 1452 2870 vitulus,
1482 2772 1545 2852 vel
1574 2770 1691 2851 fortis
1719 2773 1838 2867 aries,
1867 2791 1937 2854 aut
1967 2775 2078 2874 lilius

276 2887 447 2966 arietum
483 2882 534 2964 de
564 2909 685 2994 grege
715 2882 877 2964 Domini
906 2879 957 2961 ad
976 2881 1110 2963 altare
1139 2887 1331 2995 ipsius&
1358 2887 1443 2992 ipse
1472 2881 1669 2974 immolari
1698 2883 1842 2989 possit,
1872 2889 1910 2964 &
1939 2913 2070 2996 quan·

276 2993 339 3086 do,
359 2994 477 3075 vobis
506 2994 705 3103 placuerit
742 3022 820 3102 pro
849 2991 936 3100 alijs
964 2993 1179 3077 immolare.
1238 2994 1516 3077 Consideranti
1545 2994 1643 3072 mihi
1667 2991 1772 3100 'quid
1801 2993 1917 3073 vobis
1933 2995 2071 3077 Domi-

274 3129 332 3184 no
367 3133 459 3185 meo
493 3131 654 3212 possem
695 3106 873 3200 mittere,
916 3102 1018 3183 nihil
1047 3109 1225 3188 occurrit
1253 3135 1337 3217 quo
1366 3134 1450 3186 non
1478 3102 1694 3186 abundetis
1722 3108 1761 3183 8<
1789 3131 1880 3197 vos,
1910 3111 1948 3186 8(
1977 3106 2071 3188 ideo

276 3215 384 3295 iuter
425 3213 586 3299 diuitias
628 3223 669 3296 St
702 3213 862 3296 delicias
897 3213 1196 3313 Occidentales‚
1233 3217 1441 3297 Orientale
1475 3212 1759 3296 munusculum
1789 3215 1905 3294 mitto
1933 3217 2072 3314 vobis,

276 3325 492 3434 ampullam
526 3329 681 3433 tyriaca
714 3325 996 3434 probatissima
1029 3326 1189 3436 plenam
1223 3328 1276 3408 ab
1310 3328 1626 3435 Archiepiscopo
1660 3325 1898 3404 Mamertino
1927 3330 2071 3409 Antio·

276 3433 395 3544 ebeni
423 3437 663 3518 Patriarchoe
691 3435 949 3546 suffraganeo
977 3439 1254 3520 concanonico
1283 3445 1321 3520 ὃς
1357 3441 1485 3518 amico
1519 3454 1660 3517 nostro
1689 3436 1787 3514 mihi
1806 3433 1953 3532 datam.
1984 3433 2079 3519 Hu'-v

276 3544 370 3626 mile
405 3547 518 3644 satis,
553 3547 624 3628 sed
656 3547 755 3628 'vtile
781 3548 975 3645 Xenium,
1012 3552 1165 3657 magnis
1202 3557 1241 3632 8<
1283 3550 1518 3660 potentibus
1565 3548 1661 3626 viris
1706 3561 1934 3652 acceptum:
1965 3556 2081 3658 quo-'

274 3684 366 3757 rum
401 3663 440 3737 &
474 3658 566 3737 vitae
592 3673 718 3756 status
746 3655 975 3740 fructuosus
1004 3663 1133 3742 estin
1161 3661 1315 3759 seculo,
1344 3668 1384 3742 8(
1412 3655 1585 3741 exitus'a
1612 3656 1747 3736 seculo
1777 3655 1998 3742 luctuosus.
2027 3661 2072 3741 Si

276 3765 376 3878 quid
418 3767 528 3848 aliud
569 3767 766 3876 placuerit
807 3769 923 3849 vobis
957 3769 1070 3878 quod
1107 3775 1151 3851 in
1178 3773 1368 3867 Francia,
1397 3799 1489 3880 quae
1517 3767 1704 3851 monstris
1733 3782 1862 3863 caret,
1893 3769 2074 3851 inueniri

276 3880 421 3986 possit,
454 3878 588 3988 parati
621 3903 757 3958 sumus
793 3880 878 3959 sine
913 3875 1230 3962 dissimulatione
1267 3897 1470 3992 quaerere,
1496 3883 1582 3961 sine
1613 3878 1806 3959 dilatione
1835 3879 2076 3961 transferre.

281 4268 374 4372 85.
555 4333 562 4350 .
969 4272 1386 4420 ιῐγὸέ-Ιι96.

355 4489 439 4556 Bisk·
456 4488 611 4578 Samma
628 4489 640 4554 i
660 4490 799 4558 tomani
808 4447 944 4580 Breltill
956 4493 1137 4563 isle-Risk-
1148 4496 1286 4566 Aesacos
1298 4500 1309 4562 i
1320 4495 1409 4562 Lund
1420 4495 1472 4565 fo'r
1494 4493 1638 4600 Kanilen
1648 4492 1751 4558 Persa
1766 4493 1822 4556 rid
1833 4494 1903 4556 dese
1912 4494 2086 4561 bcmresa.

1157 4623 1160 4630 ’
1571 4607 1607 4664 K.
1625 4608 1655 4663 b.
1673 4623 1701 4662 a:
1721 4607 1781 4662 522.
1800 4626 1851 4664 nro
1872 4609 1931 4679 ¹⁵4·

527 4743 725 4846 Londcau’
749 4748 1050 4860 Arclu'epircopo
1069 4777 1152 4858 pro
1182 4751 1308 4830 Petro
1334 4749 1535 4829 Canonico
1562 4747 1794 4848 Gennaesm

406 4979 409 4986 Δ
437 4883 659 4966 Iocuudam
686 4889 795 4970 Petri
820 4895 949 4973 nostri
976 4891 1131 5000 pariter
1155 4898 1195 4973 &
1222 4893 1346 4974 vestri
1374 4891 1717 4972 conuersationem
1753 4906 1871 4970 tanto
1896 4893 2090 4999 grauius

270 5007 334 5073 e‘st
351 4988 476 5076 wnobis
501 4993 569 5076 vel
594 4995 647 5078 ad
673 4999 835 5110 tempus
869 5001 1070 5104 amittere,
1096 5019 1254 5115 quanto
1280 5003 1436 5111 gratius
1461 5017 1566 5084 esset
1591 5027 1639 5082 ea
1666 5015 1871 5109 perpetuo
1896 5027 1981 5083 non
2002 5030 2092 5084 ca-
