4370 5950
802 533 1219 650 §.tlt-‚-

111 707 384 876 obruar-istst?
415 801 496 883 pus
526 703 649 857 lrtiter
671 771 783 880 tegle
810 771 967 856 Kanuti
994 711 1163 880 Magnus
1184 777 1230 852 er
1255 771 1421 856 karolus
1448 774 1591 860 fratem
1632 773 1755 858 ducis.
1784 699 1905 858 llsslli·
1958 687 2005 784 .'.

111 887 192 977 dus
210 886 356 968 strueh
371 784 643 1084 &temate
670 885 813 970 Parus
841 883 1119 988 ramatensis
1144 888 1184 964 ἃ
1216 883 1903 974 tetrusalmett1‹›1»21<1„„ce„m⁴
1958 876 1962 893 ,

110 1001 207 1082 riusa
237 1013 335 1078 toro
364 995 387 1078 l
409 999 417 1014 '
494 995 634 1102 styrgi.
662 991 860 1076 conuersi.
889 991 1169 1098 bsgbbacdus..
1189 993 1378 1102 gwrther.
1408 1002 1505 1075 Aeo.
1535 1012 1757 1104 propterca·
1791 997 1836 1075 oi
1865 998 1903 1077 ei

109 1111 251 1218 aliqto
281 1107 447 1192 violertti
473 1105 688 1188 conamine
709 1103 877 1189 obuiare
905 1101 1090 1182 voluerit.
1121 1106 1245 1211 Regis
1259 1105 1455 1184 nniestati
1469 1105 1691 1185 obnoxium
1706 1023 1902 1188 &diuino
1972 1111 1978 1118 '

110 1215 514 1302 orrathematidonec
526 1214 753 1334 resipuerit.
767 1241 809 1294 se
824 1213 986 1293 nouerit
997 1211 1259 1322 inperpetuo
1284 1214 1544 1295 multandum.
1575 1215 1712 1300 diuina
1725 1243 1902 1326 nemque

113 1341 332 1440 precentus
346 1328 486 1430 gratis.
515 1332 556 1410 St
581 1325 788 1431 religionis
809 1337 976 1414 attento.
991 1349 1239 1406 successores
1266 1327 1675 1432 ineosregcs‘hortor.
1689 1385 1691 1392 .
1705 1342 1748 1404 vt
1763 1353 1902 1406 seruo·

113 1467 204 1524 rum
234 1436 297 1516 dd
318 1434 578 1543 ‘temporibus
604 1435 758 1516 rtostris
780 1431 1169 1516 inchoaresshstdta.
1198 1460 1282 1516 non
1301 1435 1538 1543 permittant
1564 1435 1744 1520 diminui.
1771 1434 1903 1518 sedin
2003 1491 2007 1499 ·

112 1550 224 1634 bono
253 1547 512 1653 augmenteri
532 1549 672 1632 boun.
726 1591 729 1598 ·
810 1619 815 1626 .
926 1623 931 1633 ,
1736 1570 1743 1582 ·
1950 1625 1952 1628 ,

127 1709 254 1810 1¹7·
746 1703 891 1780 1201
942 1663 1113 1771 <trs
1160 1665 1290 1772 Nor.¹
1383 1781 1386 1788 ,
1610 1664 1944 1811 ,Anagnis
2146 1749 2151 1764 ,

35 1809 44 1831 ⁸
197 1820 287 1885 P'slv.
308 1811 500 1888 luscinios
511 1815 590 1880 tter
610 1812 864 1879 crederesne-lor
884 1815 1063 1880 trie-etsi.
1083 1817 1224 1878 Asnnrss
1244 1817 1382 1880 ochdess
1396 1813 1629 1880 eltertrsdare'i
1650 1817 1759 1900 Lund,
1779 1820 1822 1904 pe
1832 1819 1905 1882 Pri·
2092 1825 2096 1834 “

247 1911 344 1966 motet
358 1903 451 1962 lister
471 1900 597 1982 sverige
617 1901 679 1966 oet
699 1898 884 1983 rittigheten
903 1892 1072 1981 srt'taritu
1091 1898 1383 1986 P'R‘AEWPW
1401 1902 1413 1961 l
1432 1899 1561 1984 UP⁸⁸¹²
1572 1980 1599 2034 ι
1625 1999 1652 2036 2
1671 1995 1695 2034 ι.
1715 1981 1772 2038 ¹53

267 2085 532 2168 lrrocnrrmr
561 2083 805 2190 Episcopus,
834 2082 981 2162 Servus
997 2081 1215 2164 Servorum
1244 2082 1336 2178 Dei,
1365 2079 1586 2162 venerabili
1601 2081 1718 2163 fratri
1733 2081 1908 2190 Andreae

114 2193 326 2276 Lundensi
353 2191 684 2298 Archiepiscopn,
711 2195 873 2300 suisque
901 2193 1196 2274 successorihus
1216 2187 1428 2272 ¹Canonice
1462 2191 1763 2277 substituendis.
1791 2195 1822 2274 Ι.
1852 2195 1902 2274 N.

114 2309 156 2388 P.
185 2307 228 2384 Ρ.
258 2303 310 2382 Μ.
340 2305 388 2381 ln
416 2302 604 2381 eminenti
641 2301 881 2409 Apostolicar
921 2298 1038 2380 Sedis
1072 2301 1254 2410 specula,
1295 2301 1535 2410 disponente
1575 2303 1769 2400 Domino,
1808 2331 1905 2386 eon·

114 2414 258 2496 stituti.
316 2410 553 2494 salubriter·
581 2410 752 2516 injuncti
795 2409 940 2518 offic-ij,
985 2413 1265 2520 proseqvimur
1305 2414 1527 2507 actionem,
1567 2414 1602 2496 si
1644 2439 1689 2492 ea
1717 2441 1806 2522 qvae
1830 2442 1908 2522 per

113 2544 388 2606 antecessores
416 2540 573 2602 nostros
600 2519 653 2600 ad
682 2521 851 2602 salutem
879 2518 1056 2605 fidelium
1085 2523 1269 2604 instituta
1284 2537 1524 2618 noscuntur,
1552 2547 1751 2602 consensu
1767 2541 1908 2606 nostro

113 2635 342 2727 firmamus,
368 2638 407 2713 &
436 2657 487 2722 ne
515 2629 731 2737 cujuslibet
758 2631 1002 2712 temeritatis
1027 2632 1260 2742 qratiantur
1289 2631 1447 2712 intentu
1461 2647 1640 2714 eranam
1658 2630 1908 2740 diligentiam

113 2743 365 2824 adhibemus
420 2741 656 2823 Comenim
687 2741 874 2822 Fstclmm
912 2767 993 2827 sue
1027 2743 1212 2850 promisit
1254 2741 1392 2824 DEUS
1421 2739 1575 2824 dicens:
1617 2744 1695 2822 Pro
1724 2743 1909 2850 putribus

114 2855 219 2946 tuis,
249 2858 322 2930 &e
353 2851 446 2930 Nati
475 2866 568 2930 sunt
595 2849 669 2932 tibi
699 2850 788 2958 filij,
817 2852 1033 2954 constitues
1061 2878 1130 2934 eos
1158 2852 1363 2958 Principes
1389 2877 1513 2958 super
1540 2859 1704 2932 omnem·
1736 2869 1906 2948 terram,

112 2963 178 3048 illi
208 2961 312 3042 bene
340 2957 530 3041 videntur
558 2959 742 3068 patribus
767 2962 1019 3056 *successisse
1048 2982 1168 3072 atqve
1198 2962 1349 3042 utiliter
1378 2961 1607 3068 impositum
1627 2963 1906 3069 gerentes·

92 3073 320 3179 ¹eipatum,
348 3070 418 3178 qvi
446 3097 531 3150 non
561 3084 759 3176 potestate
784 3067 858 3150 sed
885 3071 1057 3152 utilitate
1081 3072 1284 3167 laetantur,
1307 3076 1353 3152 bt
1371 3069 1433 3153 od
1460 3071 1628 3154 salutem
1657 3098 1809 3166 eorum,
1836 3075 1907 3181 qvi

111 3178 377 3290 gubernandi
403 3194 497 3258 sunt
525 3207 615 3260 cum
644 3177 787 3258 timore
813 3207 861 3262 ae
889 3199 1061 3262 tremore
1087 3181 1249 3262 creditae
1277 3182 1485 3288 potestatis
1501 3182 1780 3262 auctoritatem
1796 3209 1909 3266 exer·

111 3307 231 3385 cent,
261 3287 468 3369 studentes
495 3316 651 3397 semper
691 3291 1008 3370 antecessoribus
1034 3293 1116 3372 suis
1143 3292 1186 3370 in
1214 3289 1331 3372 bonis
1373 3291 1529 3371 actibus
1569 3289 1837 3387 conformari,
1870 3297 1911 3374 δι

110 3427 208 3516 qvae
239 3396 497 3479 laudabiliter
524 3398 577 3492 ab
604 3399 662 3479 eis
687 3415 776 3480 acta
804 3415 902 3480 sunt
926 3427 974 3480 ea
991 3427 1150 3480 servare
1165 3399 1206 3480 in
1220 3403 1441 3508 semetipsis
1469 3407 1509 3482 s
1535 3400 1623 3480 aliis
1651 3399 1911 3484 nihilominus

108 3506 321 3595 servanda
349 3525 583 3600 monstrare.
620 3508 705 3588 Hac
733 3509 866 3617 itaqve
893 3536 968 3592 nos
995 3509 1315 3591 consideratione
1342 3510 1558 3615 diligenter
1585 3509 1752 3609 inducti,
1781 3511 1910 3591 felicis

108 3618 326 3704 memoriae
352 3617 518 3704 Adriani
546 3620 664 3724 Papae
690 3620 951 3698 antecessoris
980 3621 1107 3699 nostri
1134 3621 1310 3726 vestigiis
1338 3619 1587 3713 inherentes,
1615 3618 1726 3728 qvod
1753 3620 1838 3727 ipse
1855 3619 1910 3702 de

108 3729 468 3839 consummatione
496 3728 626 3834 Regni
654 3727 808 3808 Sreeiaev
830 3755 922 3808 eum
948 3728 1117 3810 fratrum
1145 3757 1309 3810 suorum
1328 3730 1497 3810 consilio
1521 3735 1565 3810 bc
1592 3729 1910 3814 voluntateron·

106 3839 280 3933 stituit,
300 3864 380 3918 nos
408 3839 526 3918 etiam
555 3836 712 3918 firmum
740 3837 1005 3918 &illibatum
1034 3841 1241 3946 perpetuis
1268 3839 1518 3946 temporibus
1546 3837 1797 3922 decernimus
1819 3864 1910 3946 per.-

106 3974 298 4032 manere.
353 3947 572 4030 Constituit
598 3947 704 4026 enim
733 3948 847 4055 quod
875 3947 1100 4032 Lundensis
1128 3950 1485 4056 Archiepiscopur,
1515 3949 1597 4058 ,qvi
1624 3977 1701 4056 pro
1730 3966 1911 4054 tempore

106 4057 251 4140 fuerit
277 4085 401 4165 super
430 4059 611 4165 Regnum
638 4055 759 4154 illu‘d,
788 4060 1005 4165 primatum
1033 4085 1190 4165 semper
1212 4059 1411 4152 obtinent,
1439 4065 1478 4141 ὃς
1505 4057 1669 4153 ordine,
1698 4058 1766 4166 qvi
1781 4058 1912 4164 seqvi·

106 4185 213 4262 tur,
246 4165 392 4248 debeat
419 4167 477 4249 illi
506 4190 692 4274 preesse,
719 4167 789 4275 qvi
816 4170 930 4248 tanto
969 4167 1216 4277 sreqventius
1239 4169 1304 4250 illi
1331 4185 1450 4248 terrac
1476 4171 1516 4248 ssr
1543 4167 1701 4261 utilius,
1743 4191 1844 4273 qvas.
1860 4163 1914 4246 ad

104 4279 296 4360 salutent
325 4275 503 4358 fidelium
531 4276 753 4384 pertinent,
782 4277 1037 4374 ministrabit,
1064 4293 1222 4386 qvanto
1232 4279 1501 4360 necessitatem
1528 4302 1668 4356 eorum
1696 4290 1816 4382 atqve
1837 4271 1914 4356 de-

107 4387 279 4469 fectum
307 4414 331 4465 e
358 4387 508 4469 vicinio
538 4384 695 4492 plenius
723 4391 874 4493 poterit
902 4388 1064 4467 intueri.
1120 4386 1289 4468 Palliom
1328 4388 1434 4496 enim
1468 4385 1713 4466 antecessori
1740 4400 1813 4464 tuo
1840 4384 1914 4484 tri·

104 4497 213 4579 buit
247 4510 293 4576 ut
320 4495 674 4603 Archiepiseopum
703 4495 747 4576 in
776 4495 918 4603 Regno
946 4497 1112 4592 Sveciae,
1140 4513 1294 4607 qvanto
1322 4497 1440 4578 eitius
1461 4491 1745 4601 opportunitas
1773 4517 1916 4576 occur·

105 4623 257 4702 reret,
286 4605 513 4702 ordinaret,
541 4610 581 4684 8<
609 4604 776 4686 Pallium
818 4604 979 4715 qvidem
1021 4607 1251 4713 Apostolica
1282 4609 1319 4686 ei
1354 4605 1597 4684 authoritate
1637 4603 1826 4696 referret,
1864 4627 1915 4681 eo

96 4717 293 4828 qvidem
321 4715 463 4796 ordine
492 4715 724 4810 observato,
754 4729 800 4794 ut
829 4717 1012 4797 videlicet
1040 4717 1073 4796 is
1100 4717 1171 4824 qvi
1201 4743 1274 4822 per
1301 4711 1555 4794 Lundensem
1579 4710 1915 4817 EpiscopumMe·

105 4827 404 4936 tropolitanus
431 4823 488 4903 ibi
518 4823 639 4904 luerit
674 4827 899 4920 institutus,
940 4827 1107 4932 gratiam
1149 4823 1459 4905 consecrationis
1486 4847 1558 4928 per
1584 4847 1745 4901 manum
1775 4817 1916 4900 Arrhi-

105 4938 311 5047 episcopi
340 4931 784 5041 Lundensisadeptus,
813 4936 957 5040 ipsi&
986 4933 1193 5014 Lundensi
1235 4931 1446 5025 Ecclesiae,
1477 4929 1587 5009 salva
1615 4928 1805 5024 fidelitate
1834 4927 1916 5006 Ro-
1969 5007 1972 5022 ,

105 5073 257 5128 manne
304 5043 511 5140 Ecclesiae,
548 5041 776 5142 fidelitatem
813 5049 853 5126 &
884 5042 1155 5126 obedientiam
1203 5041 1431 5149 juramento
1473 5040 1691 5149 promittat.
1744 5034 1916 5118 Palllutn

90 5159 653 5268 “n-stymannm
