4382 5964
778 439 1205 536 ..cm-

111 682 407 836 716200'
536 681 574 696 “’
689 667 1361 840 '122'83R'dsrrlunssffl

112 851 119 938 i
163 845 523 970 &sesama
539 893 593 964 titt
613 893 748 978 Limum
768 847 963 962 resanata
985 892 1024 958 al
1039 891 1226 977 giselaroeb
1246 839 1620 981 penuidgartillkyrlior‚
1641 891 1887 973 klostersmm
2013 932 2016 938 ·
2057 890 2067 906 ⁸
2088 893 2094 900 ”

218 1039 341 1064 '¹¹'
756 1005 760 1012 ¹
1539 1007 1750 1077 &bamb

104 1164 111 1176 ·
181 1103 195 1171 '¹
241 1115 308 1230 5ln¹
334 1145 498 1229 nomine
525 1143 652 1256 patris
679 1147 720 1226 8t
747 1136 820 1227 filii
839 1149 889 1226 se
916 1143 1081 1255 spiritus
1107 1143 1236 1226 sancti
1264 1103 1391 1226 amen.
1421 1145 1508 1256 Ego
1525 1145 1662 1254 Siggo,
1680 1143 1885 1226 Guthorm
1914 1147 1934 1246 '2

95 1261 166 1346 ton
193 1263 234 1344 in
264 1257 418 1345 liunom
446 1253 588 1340 mundi
621 1255 793 1340 labentis
829 1253 1045 1340 aduertens
1087 1255 1325 1366 perniciem,
1370 1255 1494 1338 Cuius
1536 1257 1628 1368 quis
1669 1255 1887 1338 blandiciis

12 1385 15 1390 ’
96 1375 236 1458 acriter
265 1369 416 1458 leditur
443 1367 542 1452 dum
571 1365 721 1448 lenitur
741 1369 870 1452 sciens
897 1365 1011 1478 quod
1040 1375 1169 1449 morte
1197 1363 1321 1450 nichil
1349 1369 1503 1449 cercius
1529 1367 1630 1449 hora
1659 1369 1800 1448 mortis
1824 1367 1885 1448 nil

93 1485 299 1570 incercius.
329 1481 450 1570 saluti
478 1479 608 1562 anime
637 1505 724 1560 mee
757 1477 971 1563 intendens
1004 1475 1228 1588 preuidere.
1272 1487 1558 1560 testamentum
1583 1478 1716 1561 meum
1751 1477 1885 1561 condo

93 1621 166 1706 per
191 1594 302 1681 bunc
321 1591 506 1677 modum.
556 1589 765 1680 Monachis
792 1593 836 1672 in
865 1591 1083 1674 aluastrum
1111 1590 1273 1672 Curiam
1300 1615 1427 1672 meam
1444 1591 1500 1674 ,in
1527 1587 1781 1670 Occidentali
1809 1589 1885 1670 liu-

92 1733 198 1795 ηοω.
227 1733 325 1786 eum
348 1701 537 1786 omnibus
564 1703 656 1784 suis·
675 1703 903 1785 attinenciis
938 1701 1159 1785 mobilibus·
1184 1715 1224 1785 et
1257 1694 1531 1783 immobilibus
1572 1691 1743 1781 confero·
1784 1715 1885 1810 aput

91 1818 97 1824 ’
149 1845 193 1899 os
220 1818 316 1927 eligi
334 1829 384 1897 'se
416 1814 606 1898 ulturum.
635 1809 791 1895 Taliter
817 1839 904 1894 eam
932 1811 1028 1924 ipsis
1057 1807 1136 1895 iam
1164 1811 1391 1924 assignans,
1418 1813 1523 1894 sicut
1550 1811 1594 1892 in
1623 1810 1765 1892 litteris
1788 1813 1885 1894 meis
1988 1905 1991 1910 ,

90 1841 164 2012 diu
189 1929 288 2038 ipsis
316 1845 476 2009 traditis
502 1921 662 2036 plenius
689 1939 803 2034 patet
831 1931 870 2007 &
898 1925 1111 2036 probetur·
1137 1925 1241 2008 Jtem
1267 1921 1433 2007 ecclesie
1458 1920 1505 2003 in
1532 1917 1672 2022 naesbir
1701 1915 1887 2032 predium

78 2030 207 2122 'vuius
234 2037 448 2149 thynionis
504 2033 662 2118 uolibct
689 2037 733 2118 in
760 2035 914 2118 nouali.
941 2035 1121 2116 Domino
1146 2031 1373 2120 Salmundo
1397 2027 1576 2147 plebano
1619 2032 1796 2118 eiusdem
1823 2061 1887 2116 ee·

88 2149 216 2241 clesie.
251 2145 454 2232 marcham
475 2059 756 2236 denariorum.
783 2146 960 2240 Ecclesie
982 2149 1026 2228 in
1039 2141 1208 2229 hocstad
1229 2155 1415 2258 quartam
1442 2159 1601 2256 partem
1629 2141 1746 2230 vuius
1774 2161 1889 2228 octo·

85 2257 265 2343 nariiin
292 2255 513 2368 Colsthorp
542 2257 600 2340 ad'
622 2284 819 2368 expensas
847 2257 1013 2371 plebani
1041 2258 1258 2341 cuiuslibet
1286 2256 1437 2341 ibidem
1461 2255 1683 2342 existentis.¹
1712 2259 1887 2368 Domino

84 2363 287 2454 runstano
315 2365 495 2481 plebano
536 2365 686 2451 ibidem
729 2367 831 2451 duas
864 2366 1046 2450 marchas
1094 2365 1368 2451 denariorum·
1421 2361 1635 2452 Fratribus
1664 2363 1889 2450 minoribus

82 2486 126 2566 in
154 2479 353 2567 suthuroo
384 2480 432 2564 ia.
467 2507 642 2562 marcam
671 2481 841 2610 argentis
890 2477 1217 2564 predicatoribus
1261 2481 1305 2560 in
1333 2473 1579 2589 Skaentngta
1619 2505 1796 2564 marcam
1825 2507 1889 2561 ar·

40 2643 44 2646 -
82 2601 209 2708 genti.
271 2509 601 2676 Predieatoribus
627 2617 752 2673 scarrs
778 2615 953 2673 marcam
981 2587 1153 2702 argenti·
1192 2585 1404 2676 Fratribus
1420 2583 1657 2673 'minoribus
1683 2591 1756 2672 ibi·
1783 2619 1889 2672 mar·
1949 2625 1952 2632 ·

80 2733 182 2788 eam.
211 2704 384 2814 argenti.
438 2701 613 2812 Ospitali
640 2703 711 2785 ibi.
739 2699 947 2786 dimidiam
980 2728 1153 2794 marcam
1177 2701 1355 2813 'argentia
1407 2697 1619 2786 Fratribus
1661 2697 1703 2783 in
1733 2703 1890 2798 ludosia
1964 2753 1967 2760 .

82 2843 265 2899 marcam
293 2815 463 2926 argenti.
500 2811 673 2895 Duobus
700 2814 943 2923 capitalibus
968 2813 1012 2895 in
1039 2815 1211 2923 osgosia6
1239 2815 1414 2898 Marcam
1442 2815 1613 2922 argentia
1642 2812 1831 2897 Claustro
1846 2817 1889 2896 in

77 2925 242 3036 askeby
271 2925 446 3007 Marcam
483 2923 652 3038 argenti.
679 2923 867 3010 Claustra
895 2942 1033 3032 vretys
1059 2924 1234 3007 Marcam
1263 2925 1433 3038 argentia
1459 2925 1669 3034 Fratribus
1691 2926 1735 3014 iu
1763 2922 1889 3025 nico·

71 3037 155 3164 pia.
183 3037 372 3128 Marcam
401 3037 569 3147 argenti.
598 3063 675 3146 pro
704 3031 878 3148 quadam
905 3037 1166 3119 restitucione·
1180 3061 1302 3150 quam·
1319 3037 1405 3119 dixi
1425 3029 1543 3118 fratri
1564 3035 1718 3116 kanuto
1739 3031 1888 3119 dilecto

71 3147 311 3234 confessori
339 3175 441 3230 meo.
470 3146 644 3229 Marcam
672 3150 843 3258 argenti.
870 3149 1044 3260 Ospitali
1059 3150 1101 3230 in
1115 3147 1280 3258 selandia
1304 3141 1511 3232 dimidiam
1531 3145 1705 3231 Marcam
1720 3151 1887 3258 argenti.

72 3261 142 3346 Ad
172 3257 423 3344 soluendum
450 3257 530 3340 hiis
558 3261 802 3357 enumeratis
831 3257 1016 3350 claustris
1049 3265 1089 3342 &
1117 3258 1373 3372 Ospitalibus
1399 3270 1528 3344 vestes
1555 3287 1663 3341 meas
1692 3257 1821 3340 ruffas
1849 3264 1890 3339 &

72 3401 213 3456 vnum
240 3371 496 3454 octonarium
523 3371 568 3451 in
596 3365 849 3452 Occidentali
883 3372 1039 3453 liunom
1073 3365 1184 3452 iuter
1208 3367 1346 3454 ambas
1392 3375 1524 3458 curias
1552 3372 1674 3453 situm
1704 3371 1890 3454 &titulo

74 3482 311 3595 empciouis
339 3481 582 3672 aeguisitum
614 3479 766 3590 obligo.
795 3507 916 3592 quern
944 3477 1109 3564 anullo
1151 3477 1347 3565 heredum
1389 3511 1570 3565 meorum
1612 3481 1764 3564 redemi
1793 3482 1890 3563 uolo

76 3597 325 3709 penitus&
350 3621 395 3674 re
415 3608 487 3682 uto
502 3592 580 3673 nisi
608 3591 673 3672 uel
702 3619 724 3671 a
755 3589 961 3678 monacbis
975 3590 1018 3674 in
1033 3591 1256 3700 aluastrum
1270 3591 1334 3677 vel
1348 3594 1404 3676 ab
1415 3621 1544 3688 ,uxore
1557 3621 1642 3675 rnea
1651 3595 1734 3676 Cui
1762 3595 1889 3676 tercia
1911 3650 1914 3660 ·

76 3735 181 3820 pars
214 3699 434 3815 supradicti
462 3717 612 3794 octona
630 3701 664 3813 ij
691 3703 892 3792 ueraciter
926 3709 968 3785 dc
1000 3706 1091 3786 iure
1131 3703 1252 3787 debet
1280 3708 1465 3792 attineret
1516 3705 1678 3787 Curiam
1721 3731 1887 3815 quoque
1986 3749 1988 3754 ·

76 3845 222 3908 meam
250 3817 293 3898 in
320 3811 588 3898 hocstadhum
619 3807 711 3897 cum
737 3809 924 3896 omnibus
951 3813 1029 3897 sibi
1063 3811 1331 3926 attinentibus
1372 3815 1428 3900 do
1472 3811 1636 3900 ecclesie
1666 3813 1889 3924 lincopensi

77 3932 217 4014 eciam
258 3952 351 4010 cum
394 3924 582 4010 domibus
623 3925 767 4037 emptis
808 3919 983 4009 necdum
1031 3925 1162 4008 allatis
1203 3925 1255 4010 ad
1297 3925 1466 4012 eandem
1494 3971 1512 3991 ·
1540 3926 1751 4038 Mancipiis
1791 3927 1901 4009 meis'

74 4038 282 4126 omnibus
308 4063 492 4120 securam
520 4042 561 4120 &
591 4037 799 4146 propriam
829 4035 1265 4125 conferolibertatem.
1315 4041 1492 4122 Domino
1521 4037 1711 4120 nicholao
1739 4061 1898 4146 prepo-·

74 4155 167 4236 sito
199 4150 243 4232 in
269 4149 412 4259 hbgbi
440 4149 619 4230 tunicam
647 4174 775 4229 meam
800 4147 959 4258 nigram
986 4172 1078 4239 cum
1106 4149 1289 4239 ameneio
1317 4154 1358 4231 ἃ
1385 4148 1569 4258 capucio,
1622 4152 1808 4230 Domino.
1837 4150 1889 4231 N.

73 4258 293 4358 sacerdoti
320 4285 411 4341 mco
439 4285 611 4370 cappam
641 4283 769 4339 meam
797 4255 966 4340 foratam
994 4287 1087 4340 cum
1116 4262 1284 4368 capusio
1310 4253 1611 4368 Birgherofilio
1642 4284 1731 4341 meo·
1760 4286 1888 4340 arma-

71 4387 230 4458 ‚turam
259 4395 381 4482 quam
409 4369 677 4481 personaliter
699 4367 826 4451 habui
853 4365 1107 4482 integraliter
1131 4367 1307 4462 confero,
1325 4393 1404 4482 per
1428 4366 1538 4454 buna
1563 4369 1750 4470 modum,
1776 4365 1889 4480 quod

71 4509 164 4596 per
196 4481 305 4590 Jng„¹
318 4479 514 4584 decanum
544 4506 665 4592 quem
693 4493 952 4565 executorem
980 4479 1113 4564 tocius
1138 4481 1368 4565 testamenti
1395 4479 1475 4565 mei
1505 4481 1673 4564 firmiter
1714 4479 1888 4563 adnecto

45 4587 296 4676 ·vendatur
323 4597 364 4674 Bc
391 4595 435 4673 in
463 4589 714 4676 scolasticum
743 4587 992 4675 subscidium
1019 4592 1099 4676 sibi
1126 4591 1336 4676 tribuatur
1373 4607 1500 4708 prout
1538 4589 1646 4678 idem
1688 4593 1887 4676 dominus.

66 4703 111 4788 J.
147 4701 308 4786 uiderit
327 4697 541 4814 expedire.
570 4702 758 4786 Ceterum
787 4699 921 4812 omnia
949 4701 1028 4786 alia
1063 4729 1171 4808 arma
1201 4727 1289 4790 mea
1316 4697 1369 4791 ad
1396 4697 1478 4787 boe
1496 4698 1661 4816 assigno
1686 4697 1799 4816 quod
1827 4701 1891 4782 in-

62 4829 144 4900 ter
178 4811 242 4894 fol
273 4809 427 4904 uidum'
443 4811 645 4902 Benonem
673 4810 898 4922 byllason.
928 4809 1152 4928 hirquinum
1174 4811 1333 4904 'ruffum
1374 4810 1606 4899 nicholaum
1650 4811 1761 4899 Crok
1789 4839 1889 4924 yan-

67 4921 193 5012 dum
221 4924 258 5006 Τ
289 4921 504 5008 orcbillunt
532 4935 692 5033 petrum
722 4921 889 5033 longum
917 4923 970 5008 &¹
985 4932 1175 5009 toconem'
1200 4924 1307 5013 sieut
1332 4923 1464 5012 uisum
1492 4923 1888 5022 lacrumarum,

44 5035 299 5157 ‘equaliter
324 5035 725 5122 diuidentur.,rnum
753 5058 855 5144 uero
881 5061 998 5120 mum
1025 5043 1065 5122 δι
1091 5030 1270 5150 gladium
1296 5063 1428 5126 meum
1457 5061 1551 5128 cum
1576 5034 1691 5152 galea
1720 5037 1775 5126 do
1788 5034 1891 5144 itane
1997 5147 2002 5154 Ι
2046 5118 2055 5134 ,
