4382 5964
7 2859 9 2950 J
118 2897 222 2952 cum
252 2869 394 2949 ceteris
420 2868 691 2951 confratribus
718 2872 859 2953 vestris
877 2898 1009 2952 onera

700 461 884 506 “-
995 445 1068 526 611
1182 489 1246 522 ‹-

149 678 268 822 746.
392 599 405 758 J
774 765 779 774 .
889 595 1110 781 'osu
1672 626 1935 824 (uyaua.)

53 976 71 992 '¹
179 994 417 1060 .Embetsbref
435 996 473 1057 al
489 995 634 1058 Abboten
655 999 729 1059 Nus
748 996 760 1056 i
780 997 904 1080 Nydala
925 995 973 1056 till
994 995 1131 1056 Munlen
1154 993 1299 1074 laesura,
1321 1015 1385 1059 som
1408 994 1581 1082 appelatur
1602 997 1646 1078 sig
1667 997 1678 1058 i
1697 995 1827 1083 Askauy
1857 995 1930 1061 med
2007 987 2009 992 ⁵

16 1116 20 1126 -
262 1079 427 1160 anmaning
450 1089 496 1142 att
517 1077 638 1144 seduast
657 1078 706 1142 till
727 1079 834 1163 Pingst
855 1077 1026 1172 dtervtndu¹
1041 1077 1090 1139 till
1111 1079 1163 1139 sitt
1184 1077 1307 1140 kloster.
1959 1135 1961 1142 .

1608 1225 1733 1284 Max.

293 1429 378 1512 Nos
405 1427 532 1510 frater
568 1429 758 1517 Nicolaus
787 1431 913 1512 abbas
941 1458 1049 1520 noue
1080 1430 1214 1528 uallis,
1243 1428 1461 1512 affectuosa
1490 1431 1738 1513 salutacione
1766 1433 1932 1543 premis·

10 1635 13 1644 ι
133 1565 175 1618 sa
202 1537 318 1620 vobis
346 1557 486 1620 nostro
515 1539 736 1650 predilecto
763 1541 880 1622 fratri
908 1541 1109 1650 jngimaro
1137 1569 1248 1622 nunc
1276 1543 1319 1621 in
1347 1540 1508 1638 Aseabt
1536 1544 1757 1624 constituto
1781 1543 1932 1651 signill-

131 1677 266 1732 camus
294 1648 408 1762 quod
436 1679 525 1732 cum
550 1669 699 1734 statuta
728 1669 811 1733 tam
840 1669 980 1734 nostra
995 1681 1117 1764 quam
1132 1651 1298 1760 capituli
1316 1653 1513 1759 generalis
1528 1649 1793 1752 ordinassent,
1816 1649 1932 1764 quod

132 1779 264 1841 vester
291 1761 487 1842 terminus
515 1763 566 1845 ad
595 1761 847 1846 redeundum
875 1765 918 1845 in
946 1764 1178 1873 alumpnum
1208 1780 1381 1844 vestram
1409 1761 1573 1844 domum
1602 1779 1801 1862 nostram,
1830 1772 1934 1843 esset

131 1870 175 1951 in
206 1870 308 1952 festo
337 1873 482 1982 pasche
511 1902 619 1955 nunc
648 1868 828 1972 instanti,
855 1873 1079 1955 secundum
1108 1871 1223 1984 quod
1250 1876 1365 1982 prior
1392 1872 1511 1954 uobis
1552 1871 1818 1955 denunciauit
1854 1901 1933 1954 nu·
2017 1935 2025 1952 ,

107 2009 205 2089 per
233 2010 322 2062 cum
351 1999 455 2064 esset
484 1984 525 2065 in
555 1985 701 2084 ascabir
730 1987 762 2064 si
791 1985 1028 2066 mandatum
1056 2002 1241 2067 nostrum
1269 2012 1391 2094 super
1418 1983 1498 2066 hoc
1525 2001 1569 2086 vt
1596 1984 1740 2066 debuit
1762 1982 1933 2067 fideliter
2035 2013 2043 2038 1

129 2093 297 2204 exsequi
324 2095 496 2192 curauit,
516 2085 607 2196 'Nus
635 2093 816 2182 eiusdem
853 2097 999 2204 prioris
1027 2093 1276 2177 ostendentis
1301 2094 1419 2177 nobis
1446 2094 1734 2177 verisimilibus
1772 2091 1938 2204 indicijs'

37 2239 48 2246 ·
124 2203 317 2312 pluribus
343 2201 457 2315 quod
485 2205 564 2285 iam
593 2232 677 2285 non
705 2209 874 2316 possetis
903 2205 1113 2288 commode
1147 2207 1305 2304 uenire,
1341 2205 1530 2314 precibus
1573 2205 1768 2304 inclinati,
1796 2209 1934 2290 termi-

122 2343 228 2394 num
257 2317 389 2423 ipsum
416 2343 543 2424 vsque
572 2332 666 2425 post
693 2319 922 2426 proximum
951 2318 1095 2399 festum
1123 2306 1367 2399 ascensionis
1403 2316 1557 2399 domini
1600 2318 1793 2416 laxamus,
1842 2317 1934 2426 ipso

121 2427 389 2536 paternitatis
431 2425 582 2508 affectu
615 2455 698 2509 ·vos
739 2429 957 2508 incitantes
1000 2434 1040 2508 Sc
1076 2429 1120 2507 in·
1160 2428 1313 2507 virtute
1355 2444 1493 2508 sancte
1536 2426 1773 2510 obediencie
1813 2429 1934 2510 uobis

121 2536 400 2646 percipientes
428 2553 531 2648 quot
558 2539 592 2618 si
620 2538 733 2647 prius
761 2566 844 2619 non
874 2541 1053 2646 potestis,
1081 2538 1147 2620 ad'
1162 2538 1348 2622 ultimum
1377 2537 1420 2616 iu
1449 2537 1585 2646 vigilia
1606 2540 1859 2649 pentecostes
1889 2540 1955 2621 in·

121 2648 299 2730 abbacia
330 2664 467 2727 nostra
498 2651 732 2758 postpositis
771 2649 1083 2761 quibuscunque
1126 2647 1284 2730 friuolis
1326 2649 1656 2732 excusacionibus
1697 2677 1934 2760 comparere

83 2755 338 2854 suadeatis„
367 2759 433 2838 ita
453 2759 575 2840 rebus
599 2756 746 2842 vestris
775 2759 983 2856 ordinatis,
1058 2757 1139 2842 uod
1168 2759 1319 2858 ibidem
1360 2757 1413 2840 dc*
1452 2775 1588 2840 cetero
1636 2762 1849 2844 nobiscum
1892 2767 1934 2846 81

1027 2790 1195 2951 (domini
1232 2870 1336 2952 leuia
1379 2869 1501 2976 nobis
1527 2872 1809 2954 incumbencia
1837 2875 1936 2958 sub-

122 2981 269 3065 leuare
311 3005 388 3087 pro
424 2998 541 3088 parte
579 3001 712 3064 vestra
741 2981 908 3062 valeatis
943 2981 1202 3092 gaudereque
1243 2982 1452 3066 nobiscum
1489 2985 1703 3090 generibus
1744 2983 1934 3068 omnibus
2011 3026 2015 3031 ·
2151 3042 2158 3056 ψ

119 3091 419 3204 gratiarum&
447 3096 670 3200 augmentis
698 3092 960 3202 jocunditatis
990 3093 1206 3174 cuiuslibet
1234 3098 1275 3175 &
1300 3093 1467 3193 honoris
1489 3081 1935 3179 secundum'domini&

121 3229 313 3285 securam
341 3202 632 3284 conscienciam
661 3205 909 3301 innocencie,
939 3203 1214 3315 probitatique
1242 3219 1373 3286 vestre
1406 3220 1682 3314 competenter
1711 3205 1933 3318 valetisque

122 3335 225 3396 cum
254 3311 406 3392 christo
433 3310 603 3394 feliciter
630 3315 674 3395 in
701 3333 897 3412 eternum,
926 3313 1127 3398 scedulam
1155 3317 1259 3398 banc
1306 3332 1521 3424 postquam
1563 3315 1815 3426 perlegeritis
1860 3343 1926 3389 ve—

121 3436 217 3506 stro
246 3419 379 3531 sigillo
406 3423 602 3531 signatam
629 3425 748 3510 nobis
775 3456 849 3536 per
876 3426 1042 3508 latorem
1071 3427 1270 3536 presentis
1298 3427 1430 3508 statim
1464 3428 1722 3507 remittentes.

267 3628 315 3692 Pt
335 3628 486 3711 balsidqn
508 3632 729 3695 utansktilleut
750 3633 904 3716 Religioso
924 3634 1050 3696 domino
1070 3637 1231 3719 Jngirparo
1251 3637 1387 3718 professo
1406 3653 1486 3695 noue
1506 3631 1607 3712 uellit,
1691 3617 1694 3628 ’

195 3727 956 3832 'Pugamentetbarblifvitbopviketpasamma
973 3741 1044 3826 stu,
1065 3769 1130 3812 som
1152 3749 1209 3810 vir
1230 3748 1289 3811 tids
1309 3748 1431 3832 venli’ga
1440 3747 1521 3825 bref,
1542 3743 1931 3810 och'dtdattteratsan·

123 3871 128 3880 -
183 3862 186 3876 ·
269 3827 455 3909 manltgges,
477 3848 565 3910 synes
585 3830 623 3892 af
639 3830 849 3912 lemningarae
870 3832 949 3894 ester
969 3841 1058 3894 taxet
1078 3840 1123 3894 att
1143 3832 1196 3894 det
1209 3831 1395 3912 ¹fifvenledes·
1409 3831 1473 3894 ttta
1493 3827 1782 3893 medvlrebrelis
1838 3831 1868 3892 in
1890 3849 1930 3894 en
1975 3889 1977 3898 ,
2044 3861 2047 3870 ·

105 3953 112 3967 .
237 3935 243 3943 ·
270 3912 352 3972 verit
382 3907 556 3992 lb'rsegladt.
576 3945 618 3962 -
637 3913 731 3976 Delta
752 3914 831 3976 Rref
846 3919 880 3974 tu·
899 3913 1016 3979 subdes
1037 3914 1089 3979 det
1101 3915 1206 3979 ‘flldstu
1231 3914 1455 3999 iSamlingem
1482 3911 1603 3976 hrilket
1632 3913 1643 3974 i
1673 3912 1738 3978 alla
1869 3849 1933 3980 deu

268 3991 371 4056 lilnar
390 3993 467 4058 ulra
486 3993 609 4077 conliga
628 3993 802 4079 liirseglade
821 3994 901 4059 bret
