4368 5950
983 421 1232 506 -256
1344 463 1425 568 -⁸

123 689 127 698 »
214 730 218 734 ,
297 646 553 763 quorundam
581 641 632 724 de
659 640 877 752 gradlmrdie
899 603 1090 754 ¹partibus
1118 669 1211 725 ceca
1238 637 1439 752 cupiditas
1466 642 1683 753 occupauit
1709 644 1841 755 atqui
1856 643 2049 754 gloriantur

2151 441 2153 528 l

2151 593 2153 714 l

297 764 341 841 in
369 759 532 844 nomine
561 754 784 838 christiano
812 755 980 866 paganis
1012 753 1316 836 intendentibus
1329 752 1382 835 ad
1397 755 1679 836 exterminium
1700 755 2054 865 plantacioniseius-
2151 807 2153 864 ς

300 869 389 953 dem
419 869 462 948 in
489 868 609 948 armis
625 869 753 981 equis
781 867 955 975 nauigiis
982 863 1224 950 victualibus
1252 871 1292 946 &
1321 863 1410 946 aliis
1449 866 1717 947 mercimoniis
1749 866 1963 948 subuenire
1986 899 2058 979 pre·
2152 865 2153 868 ‘

300 993 466 1062 sumunt
494 979 546 1057 ln
574 1005 659 1087 quo
685 1005 804 1088 pares
832 997 901 1060 aut
929 978 1054 1058 eciam
1082 978 1309 1086 superiores
1338 976 1380 1056 in
1408 975 1565 1057 malicia
1592 977 1695 1059 fiunt
1722 976 1800 1058 illis
1827 977 1925 1059 dum
1950 991 1998 1060 'ers
2020 983 2058 1064 ad

301 1086 629 1198 impungnandos
656 1089 895 1192 christianos
922 1088 1144 1170 necessaria
1186 1086 1493 1169 subministrant
1538 1087 1638 1168 Cum
1673 1105 1744 1168 aut
1771 1086 1910 1170 fideles
1948 1087 2061 1172 deceat

300 1201 511 1283 vniuersos
540 1199 624 1280 no'n
652 1197 705 1280 ad
734 1198 1051 1308 inpedimentum
1065 1197 1136 1280 sed
1150 1213 1409 1306 augmentum
1423 1197 1629 1305 religionis
1644 1195 1852 1280 intendere
1873 1197 2061 1282 christiane

300 1313 551 1393 Discrecioni
577 1327 709 1392 vestre
737 1338 946 1392 monemus
974 1310 1252 1395 &hortamur
1293 1310 1336 1390 in
1370 1307 1535 1390 domino
1578 1337 1651 1417 per
1679 1308 1900 1418 apostolica
1939 1313 2064 1418 scripta

300 1420 537 1504 mandantes
564 1437 767 1530 quatenus
797 1451 872 1531 pro
901 1421 1040 1505 diuina
1068 1421 1301 1503 reuerencia
1328 1418 1618 1510 mercatoribus
1645 1419 1697 1500 de
1725 1416 1934 1528 gutlandia
1960 1421 2065 1502 iuter-

299 1534 442 1617 dicatis
475 1539 516 1614 sn
543 1531 758 1622 inhibeatis
785 1558 970 1641 expresse
999 1559 1051 1615 ne
1079 1531 1243 1640 paganis
1274 1527 1465 1638 predictis
1493 1531 1536 1609 in
1572 1529 1775 1638 premissis
1809 1529 1875 1612 uel
1904 1531 1987 1610 aliis
2011 1560 2067 1611 au·

301 1645 424 1727 deant
451 1643 668 1725 subuenire
696 1643 889 1753 Alioquin
918 1668 987 1723 eos
1015 1641 1087 1753 qui
1115 1642 1399 1722 contrauenire
1434 1641 1752 1748 presumpserint
1779 1667 1853 1749 per
1880 1668 2069 1722 censuram

199 1845 202 1851 ,
303 1755 609 1850 ecclesiasticam
637 1752 913 1864 appellarisne
941 1752 1166 1870 postposita
1200 1751 1464 1860 compescatis
1507 1749 1631 1853 Quod
1659 1752 1806 1832 sinon
1847 1779 1984 1833 omues
2007 1753 2069 1832 hiis

303 1861 549 1976 exequendis
577 1865 791 1973 potueritis
820 1867 1008 1945 interesse
1037 1881 1083 1944 tu
1111 1858 1237 1942 frater
1272 1865 1460 1973 episcope
1496 1889 1588 1942 cum
1621 1888 1763 1944 eorum
1799 1863 1927 1943 altero
1954 1889 1998 1942 ea
2021 1864 2070 1942 ni·

303 1977 548 2165 chilominupl
576 1977 790 2085 exequaris
822 1977 970 2062 Datum
998 1971 1157 2082 Parusij
1184 1971 1304 2053 XIIII
1333 1970 1413 2054 kal.
1448 1972 1573 2056 marei
1587 1965 1846 2056 pontificatus
1860 1973 1989 2056 nostri
2003 1975 2069 2053 hn-

303 2117 358 2171 no
387 2086 520 2169 Secun
550 2114 586 2171 o.

313 2416 443 2608 354
737 2400 746 2556 Ἰ
963 2483 1114 2588 1230
1161 2480 1209 2588 d
1256 2521 1289 2627 9
1336 2482 1443 2588 Jan.
1932 2438 2075 2642 hyon.

388 2691 481 2765 Psfv'.
502 2701 679 2766 Guoomus
700 2704 773 2766 Illas
804 2703 976 2786 belsllning
1007 2703 1059 2767 till
1090 2700 1278 2766 Irae-sisu
1303 2723 1341 2763 eu
1363 2699 1511 2784 iUpsala
1541 2698 1599 2761 och
1632 2699 1783 2784 Bislopeu
1805 2700 1817 2761 i
1838 2697 1942 2761 Linus
1964 2699 2013 2778 ing
2041 2704 2079 2754 att

431 2782 553 2850 hindrs
574 2786 719 2852 tillliirsel
741 2787 776 2848 ai
794 2784 1119 2869 lrigssdrniidenheter
1140 2785 1194 2847 till
1216 2784 1255 2846 de
1278 2721 1431 2846 llednisle
1444 2781 1586 2858 coteler,
1609 2783 1726 2866 ingrer,
1747 2801 1788 2844 m.
1807 2779 1852 2858 u,
1874 2771 1935 2842 bri
1969 2778 2079 2840 assort-

437 2875 520 2928 satta
542 2867 640 2935 anisii
660 2867 775 2935 hotads
804 2868 1058 2934 Christendomen
1078 2870 1090 2933 i
1110 2865 1333 2950 utrgrtosande
1355 2865 1471 2960 lauder.

1822 2973 1961 3045 Mass.

472 3113 703 3196 Graeculus
733 3116 945 3225 episcopus
973 3141 1113 3197 seruus
1139 3139 1352 3199 seruorum
1379 3109 1445 3193 dei
1475 3109 1774 3193 venerabilibus
1817 3107 2015 3190 iratribus
2041 3162 2081 3182 ..

305 3223 622 3333 Archiepiscopo
638 3225 840 3335 vpsalensi
854 3243 896 3307 ct
924 3287 934 3307 .
964 3285 975 3307 .
1006 3227 1208 3336 Episcopo
1223 3223 1447 3334 lincopensi
1462 3222 1627 3304 salutem
1641 3238 1683 3302 et
1697 3221 1962 3330 apostolicam
1976 3217 2085 3299 bene

305 3333 539 3416 dictionem.
574 3332 639 3415 Ad
668 3335 920 3421 audienciam
951 3352 1129 3418 nostram
1157 3335 1345 3443 peruenit
1372 3331 1500 3443 quod.
1515 3335 1661 3415 seuicia
1676 3357 1932 3440 paganorum
1947 3326 2084 3411 karelie

249 3473 251 3480 J
309 3447 456 3574 Ingrie.
487 3445 613 3556 lippie
642 3445 877 3531 Watlaudie
907 3465 1048 3532 contra
1077 3442 1324 3528 christicolas
1352 3446 1468 3554 regni
1495 3446 1639 3526 swecie
1660 3444 1716 3524 sic
1732 3441 1956 3524 inualuisse
1984 3439 2087 3522 dinc·

308 3571 433 3638 scitur
461 3555 574 3664 quod
603 3555 680 3634 nisi
709 3583 848 3637 eorum
877 3557 1192 3658 immanitatibus
1220 3554 1273 3635 ab
1301 3554 1530 3638 orthodoxe
1566 3553 1659 3636 fidei
1687 3552 1915 3634 cultoribus
1929 3549 2088 3634 viriliter

308 3667 537 3750 obsistatur.
565 3661 616 3744 de
643 3663 906 3749 subuersione
933 3669 1058 3777 ipsius
1086 3664 1179 3747 fidei
1207 3667 1250 3746 in
1270 3661 1700 3749 circumadiacentibus
1719 3665 1837 3744 terris
1853 3662 1957 3744 dicti
1973 3657 2089 3768 Regni

308 3791 444 3888 potest
469 3775 614 3855 merito
643 3773 851 3859 formidari
879 3781 963 3861 Nos
978 3780 990 3858 i
1019 3781 1101 3861 itur
1116 3774 1335 3968 prouidere
1350 3775 1533 3857 uolentes
1548 3803 1601 3857 ne
1616 3772 1734 3857 dlutis
1749 3775 1920 3884 paganis
1937 3801 2013 3882 per
2033 3768 2091 3851 de·
2121 3815 2123 3823 ·

310 3885 534 3970 testandam
563 3887 825 3969 temeritatem
854 3888 995 3970 cuiusl‘
1027 3904 1067 3972 et
1095 3917 1118 3970 c
1149 3889 1415 3970 ristianorum'
1434 3886 1602 3996 aliquod
1616 3882 1841 3968 subsidium
1854 3878 2090 3966 fidelirunil·

209 4097 212 4104 .
314 4001 444 4080 larum
473 3997 655 4107 parcium
698 3996 828 4079 valeat
862 4001 1080 4108 prouenire
1122 3996 1365 4084 fraternitati
1408 4014 1541 4078 uestra
1635 4026 1657 4079 r
1699 3995 1926 4105 apostolica
1956 3995 2094 4100 scripta

309 4108 545 4191 mandamus
573 4107 766 4217 quatinus
794 4111 982 4192 omnibus
1010 4109 1235 4194 christianis
1250 4108 1431 4215 parcium
1444 4133 1569 4188 earun
1599 4133 1662 4187 ern
1676 4131 1725 4188 ex
1740 4122 1858 4217 parte
1873 4123 2020 4187 nostra
2033 4125 2094 4213 per

309 4247 385 4302 uos
412 4219 479 4300 uel
509 4218 609 4306 alios
631 4219 708 4300 sub
736 4248 840 4330 pena
869 4217 1292 4302 excommunicacionis
1319 4213 1499 4299 districte
1535 4217 1716 4300 inhibere
1752 4217 1901 4298 curetis
1933 4243 1989 4296 ne
2017 4237 2096 4322 prc-

311 4320 404 4410 Ia'tis
433 4329 600 4438 paganis
629 4329 672 4409 in
700 4330 932 4442 huiusmodj
960 4329 1278 4444 persequucione
1307 4325 1616 4410 christianorum
1643 4330 1824 4436 ipsorum
1852 4321 2096 4436 persistenti-

310 4437 399 4520 bus.
427 4466 536 4520 arma
564 4439 717 4525 ferrum
745 4442 964 4550 lignamina
991 4469 1062 4523 seu
1090 4439 1188 4519 alias
1216 4465 1279 4520 res
1306 4464 1398 4518 cum
1425 4439 1576 4548 quihus
1604 4439 1844 4520 christianos
1858 4438 2096 4546 impugnant

312 4573 393 4656 que
422 4550 643 4633 sarracenis
671 4550 852 4634 exhiberi
881 4581 905 4634 a
933 4551 1158 4636 christianIs
1184 4547 1229 4655 jn
1258 4547 1435 4656 generali
1462 4549 1634 4631 concilio
1655 4547 1911 4659 prohibetur.
1947 4543 2098 4629 deferre

314 4675 545 4759 presumant
574 4663 719 4744 Datum
748 4661 949 4770 Lugduni.
978 4663 1027 4742 V.
1056 4658 1154 4741 idus
1183 4656 1365 4766 lanuarij
1387 4659 1645 4744 Pontificatus
1675 4660 1807 4742 nostri
1820 4685 1935 4780 anpo
1965 4655 2095 4740 tercio·

1808 4988 1885 5118 2¹56
