4362 5946
918 416 1035 488 ¹·f·
1138 372 1246 508 ’344
1334 416 1392 438 ··
1521 315 1527 330 Ι

300 589 424 674 lutem
452 593 493 673 &
523 590 786 698 apostolicam
814 588 1148 674 benedictionem.
1196 589 1404 672 Thesauro
1434 591 1631 670 uirtutum
1661 590 1718 670 sic
1746 591 1928 698 preclara
1953 610 2059 674 vestra
2147 563 2149 704 l

297 704 438 811 religio
465 727 580 780 suum
608 728 766 810 semper
794 703 981 806 astrinxit
1010 701 1203 786 affectum
1232 699 1344 810 quod
1361 699 1533 783 habetur
1559 701 1603 781 in
1630 721 1851 808 conspectu
1866 705 1967 812 regis
1980 724 2061 785 cter-
2148 721 2149 728 ’

278 816 339 893 ‚ni
368 811 514 922 placita
530 817 570 892 &
585 813 628 892 in
643 815 771 896 oculis
785 813 993 894 hominum
1009 815 1195 920 gratiosa.
1211 813 1301 920 jpsa
1314 808 1479 921 quidem
1494 829 1539 892 ut
1554 811 1742 892 columba
1758 815 1913 895 mitis&
1928 815 2062 898 humilis
2148 889 2149 914 ,

297 931 337 1004 8ι
366 925 491 1012 electa
522 923 677 1032 dominj
724 924 906 1034 specialis
936 923 1077 1034 pulcra
1108 952 1179 1031 per
1208 940 1338 1004 totum
1379 924 1591 1031 aspicitur,
1639 949 1797 1004 omnem
1826 955 1848 1006 a
1877 955 1919 1008 se
1947 955 2063 1034 rugam
2148 925 2149 930 ’

297 1035 546 1138 enormitatis
574 1035 751 1116 abiciens
781 1041 820 1126 &
850 1035 1046 1118 maculam
1076 1033 1594 1144 deformitatis‚‚excludens‚
1617 1034 1876 1142 vigilantibus
1910 1037 2066 1146 illisqui

294 1165 463 1256 paterne
492 1146 774 1227 sollicitudinis
804 1152 858 1252 in,
875 1174 919 1226 ea
950 1162 1095 1254 gerunt
1124 1143 1303 1226 officium
1330 1139 1441 1253 quod
1493 1144 1640 1227 ibidem
1672 1144 1783 1226 nulle
1812 1149 1967 1255 possint
2004 1148 2067 1254 spi·

245 1310 250 1331 ι
295 1287 346 1340 ne
377 1258 568 1354 vitiorum
595 1285 854 1340 succrescere.
883 1255 954 1336 sed
982 1259 1067 1366 ipsa
1098 1255 1241 1338 florum
1285 1255 1452 1336 honoris
1481 1260 1521 1335 &
1549 1256 1753 1338 fructuum
1797 1258 2012 1339 honestatis
2035 1259 2068 1338 iu

278 1367 592 1479 ‘supercessibili
636 1367 787 1476 polleat
828 1367 1015 1446 ubertate
1043 1383 1213 1475 propter
1241 1365 1352 1447 hunc
1380 1370 1529 1452 etenim
1542 1384 1679 1448 sancte
1707 1371 1962 1477 operacionis
1988 1369 2069 1460 elle·
2148 1377 2149 1388 ’

297 1501 409 1578 ctum
435 1507 653 1589 numquam
685 1477 787 1561 ordo
820 1495 950 1558 vester
980 1475 1114 1558 cilicio
1129 1479 1255 1559 aliene
1270 1479 1517 1560 visitacionis
1532 1478 1594 1559 vel
1624 1479 1886 1560 correctionis
1902 1479 2071 1588 indiguit,

298 1594 369 1693 sed
398 1589 448 1672 de
478 1594 567 1699 ipso
593 1591 801 1702 aliquibus
830 1591 917 1668 aliis
960 1588 1259 1670 reforrnacionis
1302 1589 1540 1673 heneficium
1583 1618 1630 1670 ex
1674 1589 1938 1698 prouidcneia
1986 1591 2072 1670 sedis

300 1703 521 1812 apostolice
544 1703 838 1810 iamprouenit.
868 1702 969 1788 Cum
1001 1701 1137 1813 itaque
1167 1728 1238 1780 uos
1272 1699 1423 1806 quiex
1451 1699 1682 1781 huiusmodi
1710 1701 1902 1781 uirtuosis
1934 1702 2073 1785 actibus
2147 1725 2149 1774 ι

297 1815 442 1924 spiritu
484 1813 529 1892 in
570 1812 733 1905 domino
777 1812 1002 1900 exultamus
1047 1811 1163 1900 claris
1207 1838 1466 1918 agnoscamus
1508 1812 1666 1894 indiciis
1709 1809 1859 1892 dictum
1905 1813 2071 1898 ordinem

296 1953 380 2012 esse
409 1924 496 2004 aliis
524 1939 632 2003 recte
659 1925 741 2004 vite
784 1920 990 2030 speculum
1023 1919 1296 2012 &salutifere
1337 1923 1660 2008 conuersaciouis
1703 1923 1935 2032 exemplum
1978 1921 2075 2033 quod

280 2041 382 2146 ,ipse
411 2035 515 2121 sicut
543 2032 641 2124 olim
669 2035 725 2126 sic
748 2037 789 2116 &
816 2035 858 2124 in
888 2047 1095 2139 posterum
1123 2033 1176 2112 ab
1206 2029 1382 2118 eiusdem
1412 2032 1610 2118 duntaxat
1639 2031 2074 2131 abbatibus‚acmoua·

299 2149 401 2230 chis.
430 2144 586 2226 idoneis
621 2171 723 2254 quos
747 2143 817 2234 filii
851 2141 1019 2232 abbates
1062 2141 1218 2230 adhoc
1267 2141 1529 2252 prouideritis
1572 2141 1893 2252 deputandos&
1924 2176 1948 2226 a
1978 2145 2074 2227 nullo

298 2259 379 2340 alio
408 2257 562 2358 visitari
590 2256 716 2365 possit
745 2271 815 2334 aut
842 2251 991 2358 corrigi
1020 2255 1262 2338 auctoritate
1298 2248 1549 2362 presencium
1586 2254 1774 2335 duximus
1809 2257 2075 2348 statuendum,

298 2369 438 2463 eadem
468 2351 706 2461 auctoritate
734 2363 1020 2460 nichilominus
1065 2359 1324 2456 decernentes
1360 2384 1406 2447 ut
1433 2371 1466 2445 si
1511 2364 1664 2476 aliquid
1704 2384 1845 2448 contra
1892 2365 2075 2452 statutum

268 2477 531 2590 '‘hujusmodj
558 2504 581 2566 a
610 2504 815 2588 quoquam
859 2475 1026 2584 propria
1054 2476 1230 2564 extiterit
1272 2479 1497 2557 temeritate
1525 2471 1804 2586 presumptum
1847 2482 1898 2558 sit
1932 2482 2075 2559 irritum
2147 2455 2149 2506 ⁴

297 2600 338 2676 8(
366 2595 495 2680 inane.
525 2591 575 2670 Et
602 2591 635 2670 si
663 2585 768 2670 forte
796 2585 931 2694 alique
958 2587 1158 2680 sentencie
1201 2588 1241 2678 in
1286 2613 1357 2678 vos
1406 2589 1617 2668 occasione
1658 2587 1888 2678 huiusmodi
1935 2589 2075 2699 prolate
2147 2517 2149 2670 l

297 2701 448 2787 fuerint
478 2697 634 2785 nullum
663 2697 791 2792 robur
819 2695 1031 2784 obtineant
1058 2695 1256 2790 firmitatis
1284 2698 1477 2787 mandato
1522 2697 1627 2779 sedis
1670 2701 1888 2807 apostolice
1934 2717 2075 2806 semper

298 2816 426 2914 saluo,
454 2809 567 2896 Nulli
595 2837 692 2918 ergo
720 2813 792 2898 &u
820 2825 957 2888 nostre
985 2809 1297 2902 constitucionis.
1319 2813 1393 2906 &c
1410 2811 1557 2926 Datnm
1594 2805 1766 2924 lugduni
1794 2811 1954 2898 unat.
1973 2809 2072 2903 lehc

298 2926 556 3038 pontificatus
577 2917 705 3012 nostri
735 2948 843 3017 anno
859 2919 1054 3044 septimo.
1475 2918 1478 2926 ’
1849 2977 1852 2986 ,

157 3443 167 3450 ,
247 3321 430 3480 ,876
762 3337 764 3346 ’
865 3317 1017 3424 1250
1063 3313 1111 3428 d.
1162 3354 1230 3462 27
1281 3316 1429 3425 Febr.
1472 3315 1522 3470 *)
1884 3319 2076 3438 Mnuso.
2146 3397 2148 3408 .

376 3537 555 3608 trie-Bm.
575 3539 707 3602 lustuns
728 3539 738 3598 i
758 3534 877 3620 Upsala
896 3539 1001 3621 dppna
1032 3538 1111 3601 Brel
1127 3538 1286 3621 angheude
1306 3561 1344 3602 en
1365 3537 1675 3604 dluereuslommelse
1695 3535 1767 3600 mod
1799 3535 1985 3623 Euldpiugs
2014 3539 2078 3600 bor·
2146 3469 2148 3518 Ι

298 3667 302 3676 -
332 3651 337 3663 ·
371 3659 374 3670 ·
426 3643 573 3706 geruum
594 3643 632 3684 cn
654 3623 712 3684 viss
733 3621 813 3702 arlig
832 3619 1037 3702 tioudeasgill.
2027 3627 2032 3643 ¹
2145 3663 2147 3690 1

1741 3703 1777 3760 Α.
1796 3701 1822 3756 3.
1841 3720 1865 3756 ι.
1883 3720 1909 3755 a:
1928 3721 1955 3756 2.

458 3821 651 3922 Vniuersi
678 3838 1026 3928 christifidelibus
1054 3858 1278 3950 presentem
1308 3840 1496 3949 paginam
1531 3841 1687 3926 visuris.
1715 3839 1777 3920 uel
1807 3836 2025 3924 audituris
2053 3840 2078 3917 J.
2145 3901 2147 3978 1

297 3957 364 4039 dei
391 3952 526 4067 gracia
553 3951 774 4060 upsalensis
809 3952 1144 4062 archiepiscopus.
1172 3953 1353 4033 Salutem
1385 3953 1428 4029 in
1443 3952 1624 4031 omnium
1639 3950 1849 4031 saluatore.
1881 3951 2079 4053 Quoniam
2146 4009 2147 4024 .

297 4063 383 4148 dies
411 4074 661 4170 &tempora
691 4087 802 4143 more
829 4061 990 4144 fluentis
1016 4091 1120 4173 aque
1148 4065 1376 4172 preteriunt
1404 4090 1488 4142 uon
1510 4059 1736 4158 rcdeuncia,
1765 4075 1809 4140 vt
1838 4063 2080 4170 posteritatis
2145 4049 2147 4086 ⁴

298 4206 461 4289 germen
490 4175 617 4286 possit
646 4201 800 4284 eaque
836 4174 966 4255 Semel
996 4203 1045 4260 ex
1073 4174 1337 4261 discretorum
1380 4199 1576 4252 consensu
1619 4169 1769 4252 luerint
1796 4171 1978 4255 stabilita
2011 4199 2080 4252 me

297 4292 465 4374 moriter
494 4288 677 4367 retinere.
705 4283 845 4366 Solent
862 4312 907 4365 ea
942 4287 1023 4396 que
1052 4285 1127 4365 sub
1156 4299 1337 4393 tempore
1366 4301 1573 4392 geruntur.
1602 4309 1655 4362 ne
1671 4280 1860 4362 labantur
1874 4313 1971 4364 cum
1993 4295 2080 4365 tein-
2144 4335 2146 4406 p

140 4399 143 4410 '
184 4395 187 4400 ’
296 4427 395 4505 pore
423 4403 466 4481 in
497 4400 633 4506 lingua
663 4395 761 4504 poni
789 4398 971 4493 testium,
1000 4425 1046 4476 ac
1076 4397 1300 4478 litterarum
1324 4395 1578 4503 inscriptioni
1612 4410 1737 4501 prout
1778 4395 1975 4474 nouerint
2019 4395 2082 4474 ho·

296 4509 423 4588 mines
450 4508 647 4616 attencjus
674 4506 959 4590 commendari
989 4509 1091 4588 Cum
1120 4504 1243 4614 igitur
1271 4533 1321 4590 ex
1349 4503 1540 4590 mandato
1568 4505 1722 4598 domini
1751 4532 1856 4614 pape
1871 4532 1949 4612 per
1966 4508 2079 4614 ipsius
2145 4569 2146 4574 ,

296 4618 449 4698 litteras
477 4619 651 4698 bullatas
681 4620 916 4726 accepimus.
948 4636 994 4698 vt
1021 4631 1261 4700 mercatores
1289 4631 1427 4696 nostre
1457 4614 1644 4715 diocesis
1673 4613 1722 4696 de
1751 4616 1941 4696 omnibus
1972 4617 2080 4722 bouis
2144 4653 2146 4694 l

404 4757 406 4766 ’
745 4770 798 4836 m,
1780 4727 1884 4808 iuste

337 4973 363 5046 *)
384 4936 748 5032 Tidsbestammelsen‘ar
768 4971 905 5056 tvetydig
926 4969 987 5034 och
1008 4971 1070 5068 kap
1092 4970 1181 5035 afven
1202 4969 1345 5034 utmltrla
1370 4969 1446 5031 1253
1468 4967 1497 5029 d.
1523 4987 1533 5030 1
1560 4967 1653 5029 Mars.
