4398 5958
978 421 1063 490 .,··-
1172 377 1253 480 lssl
1361 421 1420 450 -··
1531 434 1546 452 .

314 597 496 688 Eaborls·
511 615 693 713 optatum
719 603 876 682 exitum
904 605 1162 711 repromittit.
1192 595 1763 713 Conuementibus'siquidem
1775 601 1814 686 in
1829 605 1953 689 eodem
1970 607 2054 696 Con.

299 719 406 799 cilio
428 714 635 794 nonnullis
649 712 903 822 Principibus
922 722 973 794 ἃ
1001 715 1181 796 Praelatis
1194 715 1245 796 dc
1259 715 1397 795 mundi
1412 717 1596 823 partibus
1611 719 1821 816 vniuersis,
1847 719 2055 832 aliorumque

313 829 545 934 Principum
580 824 840 909 Praelatorum
866 830 906 905 ἃ
940 826 1220 933 Capitulornm
1255 825 1426 933 Nuncijs
1454 841 1546 934 post
1573 825 1795 906 subsidium
1823 833 2055 936 pecuniariam

312 938 515 1018 communi
545 963 740 1016 consensu
769 951 887 1015 terrae
916 933 1157 1043 deputatum
1188 935 1336 1032 eidem,
1380 936 1571 1018 conuenit
1612 938 1791 1016 omnium
1831 929 2056 1023 sententiam

212 1055 215 1062 “
311 1047 507 1156 idipsum,
535 1045 723 1128 videlicet
750 1063 794 1125 vt
825 1048 866 1125 in
894 1035 1071 1155 generali
1107 1048 1309 1153 passagio,
1352 1053 1467 1127 cuius
1510 1047 1693 1128 celeriter
1722 1065 1882 1128 auctore
1919 1053 2058 1133 Domino

312 1151 806 1266 terminumpraefigemus
836 1159 1031 1238 vniuersis
1059 1154 1310 1237 Christicolis
1351 1174 1493 1237 contra
1524 1157 1777 1266 blasphemos
1819 1157 1964 1240 eosdem
1986 1187 2059 1242 con·

313 1268 504 1349 flantibus
534 1270 638 1352 vires
666 1297 775 1365 suas,
804 1289 958 1378 quanto
986 1269 1061 1347 erit
1089 1267 1408 1355 Christianorum
1437 1269 1566 1348 virtus
1594 1271 1703 1350 vnita
1732 1271 1947 1376 potentior,
1971 1286 2063 1354 tanto·

210 1402 213 1418 ·
313 1379 385 1470 ad·
411 1380 688 1461 liberationem
728 1378 863 1458 Terrae
907 1377 1107 1485 predictae
1141 1379 1192 1456 sit
1221 1377 1284 1456 via
1320 1381 1515 1471 securior,
1559 1381 1611 1460 sit
1639 1380 1919 1486 opportunitas
1948 1395 2060 1488 ‘'pron-

313 1493 422 1601 ptior
443 1491 490 1604 ¹),
521 1489 637 1572 &de
666 1487 734 1567 illa
764 1491 851 1567 Deo
880 1496 1042 1596 auspice
1071 1515 1160 1594 spes
1189 1489 1336 1568 certior
1364 1489 1575 1568 habeatur.
1606 1491 1804 1568 Caeterum
1834 1490 1920 1570 licet
1943 1489 1987 1570 ad
2010 1520 2059 1571 ex·

314 1602 495 1684 citandos
523 1597 742 1681 eorundem
772 1597 951 1678 fidelium
980 1600 1133 1678 animos
1162 1601 1204 1678 in
1233 1614 1350 1678 terrae
1387 1616 1616 1678 memoratae
1658 1627 1885 1679 succursum
1916 1599 2062 1683 sulficere

315 1713 461 1795 debeat
488 1711 674 1793 solertior
702 1713 872 1791 attentio
895 1711 1202 1816 praemissorum,
1232 1709 1325 1789 licet
1354 1711 1482 1818 possit
1508 1736 1591 1788 non
1621 1709 1786 1818 indigne
1814 1712 1965 1818 sperari,
1977 1711 2061 1820 qaod

315 1829 348 1905 si
377 1825 514 1906 fideles
542 1821 665 1930 ijdem
692 1843 775 1929 quo
790 1818 940 1900 debent
956 1820 1115 1928 pietatis
1130 1813 1249 1899 oculo
1277 1837 1424 1900 terram
1440 1821 1608 1902 eandem
1623 1821 1858 1929 respiciant,
1887 1821 1916 1900 si
1941 1822 1983 1901 ad
1995 1851 2063 1930 per·

315 1935 531 2019 secutionis
568 1932 848 2025 acerbitatem,
882 1960 1003 2040 quarn
1032 1949 1138 2009 terra
1168 1927 1306 2008 eadem
1347 1930 1551 2010 continuis
1580 1931 1762 2011 lacessita
1807 1930 1996 2038 molestijs,
2029 1961 2061 2011 ac

281 2138 286 2147 .
316 2047 483 2128 diutinis
511 2041 790 2124 vexationibus
820 2043 980 2137 lassata,
1011 2042 1236 2148 perpetitur
1263 2058 1504 2121 conuectant
1547 2045 1622 2149 pias
1665 2043 1944 2149 compassionis
1972 2045 2062 2121 intui·

315 2177 420 2252 tum,
450 2154 760 2262 discriminaque
788 2152 1061 2244 considerent,
1091 2180 1181 2260 quae
1209 2179 1283 2258 per
1310 2151 1389 2231 hoc
1417 2151 1543 2232 eidem
1574 2152 1668 2233 fidei
1683 2151 1917 2234 orthodoxae
1943 2181 2009 2231 non
2021 2169 2063 2234 est

317 2269 485 2352 dubium
515 2267 738 2358 imminere,
768 2262 820 2344 ad
850 2262 1129 2343 assumendum
1157 2261 1293 2342 Tarne
1321 2262 1519 2371 saepelatae
1560 2264 1768 2371 negotium
1799 2291 1841 2344 se
1870 2265 1987 2374 potius
2020 2265 2063 2340 in·

316 2397 474 2488 gerent,
507 2403 628 2486 quam
658 2375 823 2454 inuitari
851 2373 902 2455 ad
931 2373 1009 2453 hoc
1038 2373 1360 2453 commonitionis
1394 2374 1564 2454 alicuius
1592 2373 1787 2482 suffragio
1831 2372 2063 2482 expectabant.
2145 2459 2146 2466 Ν

316 2492 423 2592 Quia
452 2507 583 2570 tamen
612 2512 816 2594 speramus
844 2483 958 2594 quod
986 2511 1123 2564 vocem
1139 2484 1299 2564 virtutis
1328 2483 1479 2564 tribuet
1497 2485 1692 2564 Dominus
1707 2482 1799 2564 voci
1815 2513 1911 2580 suae,
1937 2483 2063 2564 verbum

316 2601 446 2682 crucis
474 2600 526 2681 ad
554 2596 852 2709 promotionem
886 2597 1013 2704 ipsius
1051 2593 1204 2703 negotij
1234 2594 1276 2673 in
1304 2597 1445 2674 vestris
1480 2595 1722 2674 Ciuitatibus
1750 2602 1791 2675 St
1821 2593 2064 2702 Diocesibus²l

317 2709 568 2796 decreuimus
596 2705 927 2818 proponendum,
957 2706 1007 2786 ad
1038 2705 1149 2813 quod
1169 2706 1201 2817 ³)
1230 2709 1286 2784 eo·
1308 2703 1574 2786 confidentius
1603 2733 1797 2814 personas
1813 2724 1956 2786 vestras
1979 2703 2060 2782 dmi·

302 2849 406 2904 -mus
434 2816 656 2926 eligendas,
685 2844 769 2927 quo
797 2820 920 2925 magis
950 2817 1000 2897 ad
1031 2815 1072 2896 id
1102 2817 1215 2895 lamae
1244 2829 1385 2894 vestrae
1413 2815 1575 2896 claritas
1605 2821 1645 2894 8c
1673 2818 1888 2924 pastoralis
1902 2813 2062 2921 officijde·

316 2935 447 3018 bitum
474 2957 550 3010 nos
577 2928 736 3008 inuitat.
766 2926 945 3037 Ideoque
974 2927 1234 3006 Fraternitati
1262 2925 1413 3005 Vestrae
1442 2925 1743 3007 praedicationis
1758 2927 1933 3008 officium
1957 2927 1990 3004 in
2011 2925 2060 3002 cis·

272 3115 276 3124 .
317 3039 410 3127 dem
438 3038 682 3123 Ciuitatibus
710 3043 751 3118 &
779 3037 1015 3118 Diocesibus
1033 3035 1065 3148 l)
1094 3037 1351 3145 praesentium
1381 3029 1619 3117 auctoritate
1648 3041 1947 3132 committimus,
1972 3038 2061 3113 inre

317 3157 544 3235 missionem
605 3149 850 3231 eccaminum
879 3151 1150 3256 iniungentes,
1179 3151 1379 3256 quatenus
1408 3149 1448 3225 in
1477 3146 1708 3228 huiusmodi
1736 3149 1874 3229 officio
1900 3157 1995 3228 iuxta
2016 3141 2063 3222 da·

317 3284 399 3346 tam
428 3260 543 3343 vobis
561 3179 603 3374 5)
623 3289 645 3340 a
673 3261 761 3341 Deo
777 3258 811 3371 ⁶)
841 3257 1093 3366 prudentiam
1113 3254 1385 3364 procedentes,
1415 3255 1518 3338 illud
1538 3257 1750 3339 efficaciter
1770 3265 1809 3339 &
1826 3257 2022 3368 prudenter
2034 3252 2063 3362 t),

317 3403 403 3458 non
430 3374 615 3455 obstante
642 3369 756 3480 quod
784 3371 862 3452 hoc
892 3369 997 3450 idem
1013 3370 1081 3476 alij
1111 3370 1277 3448 forsitan
1295 3364 1326 3476 8)
1356 3369 1406 3448 sit
1420 3371 1672 3449 commissum
1689 3375 1836 3479 exequi
1853 3367 2022 3450 studeatis
2034 3363 2065 3474 9)

318 3513 457 3568 omnes
486 3510 589 3593 quos
617 3480 669 3561 ad
684 3483 761 3562 hoc
776 3479 890 3562 utiles
906 3479 991 3561 fore
1002 3481 1196 3589 putabitis
1222 3477 1269 3592 ¹⁰)
1298 3478 1512 3558 instantius
1530 3477 1773 3576 inducendo,
1791 3500 1836 3561 vt
1851 3481 2065 3586 suscipientes

317 3625 412 3680 cum
425 3594 648 3676 reuerentia
675 3591 835 3699 signum
850 3591 1007 3688 Crucis,
1038 3593 1249 3700 ipsumque
1263 3591 1344 3668 suis
1358 3588 1548 3669 cordibus
1576 3596 1614 3670 8<
1644 3583 1821 3672 humeris
1838 3581 2065 3697 affigentcsad

318 3708 455 3794 Terrae
479 3717 706 3785 memoratae
733 3729 968 3781 succursum
996 3703 1165 3781 viriliter
1194 3729 1235 3779 se
1264 3701 1488 3807 accingant,
1516 3727 1562 3780 ac
1591 3702 1716 3808 ipsius
1744 3703 1948 3812 negotium
1974 3693 2065 3777 fideli·

318 3837 381 3903 ter
409 3829 674 3924 exequantur.
733 3813 784 3893 Et
811 3829 856 3892 vt
883 3809 1001 3918 ijdem
1039 3811 1173 3892 fideles
1203 3811 1401 3918 praemissa
1431 3837 1480 3890 eo
1509 3811 1699 3892 libentius
1733 3829 1860 3920 atque
1888 3807 2066 3890 feruentius

240 3999 244 4006 .
318 3928 511 4040 prosequi
539 3923 736 4006 studeant*
755 3949 841 4030 quo
867 3923 1065 4030 potiorem
1099 3949 1139 4000 se
1169 3921 1359 4000 nouerint
1389 3919 1562 3999 fructum
1591 3946 1642 4000 ex
1670 3924 1752 4002 suis
1780 3923 1980 4004 laboribus
2003 3942 2068 4025 per·

318 4056 520 4149 cepturos.
550 4037 633 4118 Nos
659 4033 708 4116 de
738 4033 1038 4140 Omnipotentis
1068 4033 1140 4110 Dei
1169 4027 1457 4126 misericordia,
1488 4035 1528 4108 &
1555 4027 1766 4112 Beatorum
1792 4035 1900 4113 Petri
1927 4039 1961 4110 &
1986 4024 2068 4108 Pauli

317 4148 610 4260 Apostolorum
638 4146 723 4226 eius
752 4144 993 4224 auctoritate
1023 4141 1181 4238 confisi,
1215 4147 1254 4220 a
1283 4141 1349 4222 illa
1377 4167 1501 4250 quam
1529 4141 1648 4223 nobis
1676 4143 1782 4222 Deus
1807 4139 1954 4252 ligandi
1980 4157 2069 4246 atqnc

316 4329 590 4360 ..-.-.--

364 4395 390 4470 ι)
411 4389 622 4474 propinquior.
664 4391 694 4462 a)
715 4387 747 4448 in
767 4385 927 4447 commissa
948 4385 1007 4448 tibi
1028 4385 1197 4468 prouincia.
1217 4385 1280 4446 Det
1289 4385 1406 4446 usellen
1427 4383 1508 4460 3-4
1522 4383 1667 4446 verende
1687 4383 1798 4462 lydor:
1818 4394 1952 4445 tuumac
1970 4381 2068 4442 fratum

399 4472 531 4534 satoris
549 4465 706 4550 religionis
725 4478 824 4528 vestre
845 4463 1023 4532 claritas&
1045 4469 1125 4531 zelus
1146 4467 1199 4548 qui
1221 4487 1273 4526 vos
1294 4465 1334 4526 ad
1355 4487 1393 4528 ea
1414 4487 1474 4548 que
1496 4465 1545 4528 dei
1562 4475 1762 4528 srmt'scruare
1773 4469 1972 4548 premmimns
1989 4481 2071 4544 repro-

399 4554 493 4614 mittit
512 4551 553 4612 td
634 4553 705 4613 ein
725 4550 885 4612 commissa
905 4551 962 4612 tibi
985 4552 1146 4634 prouincia
1168 4548 1389 4630 predicacionis
1410 4549 1547 4610 officium
1570 4551 1602 4608 in
1621 4547 1763 4608 fauorem
1784 4569 1821 4610 ac
1844 4546 2071 4610 utilitatem‘cim·

401 4633 473 4694 dem
494 4636 609 4714 negotia
650 4629 681 4708 5)
702 4631 769 4696 tibi.
787 4631 922 4694 Imellan
936 4623 1034 4712 *6-7)
1056 4636 1135 4693 ltises
1155 4634 1171 4690 ι’
1189 4633 1303 4692 stillet:
1323 4650 1395 4690 cum
1416 4633 1581 4712 omniqua
1603 4632 1716 4712 poteris
1736 4629 1876 4692 efficacia
1892 4627 2071 4694 &atrociore

306 4724 311 4730 '
400 4713 570 4798 procedens
590 4714 670 4777 illud
689 4735 746 4800 per
765 4724 796 4775 te
817 4733 854 4773 ac
867 4714 950 4784 ,alios
970 4714 1081 4774 batres
1102 4713 1193 4796 ipsius
1223 4710 1339 4772 ordinis
1370 4713 1530 4774 commisse
1561 4712 1617 4774 tibi
1648 4715 1824 4795 promacie,
1857 4735 1933 4796 qnos
1952 4711 1988 4774 ad
2003 4704 2071 4770 idde

400 4795 528 4860 musitio
548 4795 751 4861 dumetorum
773 4795 905 4858 fratrann
926 4794 1046 4856 duxeris
1067 4792 1223 4874 eligendos
1244 4813 1377 4873 quorum
1397 4793 1454 4854 tibi
1476 4813 1534 4876 pet·
1552 4799 1698 4858 uirtutem
1722 4795 1901 4860 obediencie
1933 4812 2026 4874 cogere
2042 4787 2071 4847 l·

401 4886 472 4976 cest
491 4875 532 4938 ad
552 4878 636 4976 idem
655 4879 793 4942 officium
813 4875 1070 4977 prosequendum,
1091 4871 1125 4938 dt
1146 4885 1268 4935 mutare
1289 4876 1635 4973 quotiens'opormnum
1657 4879 1714 4960 ipsi
1736 4879 1862 4958 negocio
1885 4875 1917 4943 ἁ
1938 4877 1988 4941 tibi
2004 4867 2072 4936 vite·

400 4961 487 5028 batur
505 4961 659 5049 expedire·
699 4959 730 5042 8)
751 4961 875 5026 mun
896 4961 1052 5024 erutuet.
1070 5021 1072 5026 ,
1092 4962 1123 5041 9)
1145 4955 1264 5020 studeas
1284 4977 1391 5042 exequi
1411 4958 1584 5043 diligenter.
1630 4963 1677 5040 ιο)
1699 4960 1867 5060 putauerit.
