4384 5946
927 476 1312 556 ..25-

209 716 443 780 sanctorum
472 697 636 780 coetibus
652 700 797 799 faciut
825 697 1107 776 annumerari!
1143 695 1424 799 Praetereaque
1451 712 1586 772 uotum
1616 710 1685 786 est,
1729 687 1893 772 testibus
1933 720 2012 778 non

209 807 532 892 Christianorum
560 809 785 903 duntaxat,
817 809 887 888 sed
912 811 959 887 &.
979 805 1240 886 Etlsnicorum
1272 805 1454 909 gentibus
1483 803 1574 882 bene
1602 804 1746 899 multis,
1779 803 1888 909 quod
1917 813 2013 912 pe‘r-
2044 798 2055 810 ’

67 926 70 1007 ὲ
206 923 376 1032 plurimi
400 938 528 998 motus
555 917 683 1000 bellici
708 936 747 996 et
763 921 991 1022 factiones,
1023 919 1158 998 multis
1187 933 1294 994 retro
1320 915 1473 1007 seculis,
1506 931 1620 1012 terra
1641 919 1820 1021 marique
1833 913 2012 1018 Regibus

209 1029 539 1138 Aquilonaribus,
565 1035 794 1138 praesertim
836 1030 1030 1138 llpsalioe·
1068 1033 1106 1106 &
1157 1027 1322 1122 Dacico,
1373 1052 1581 1131 eorumque
1621 1029 1722 1102 oirt's
1763 1027 1802 1102 &
1843 1025 2010 1108 subditis
2047 1127 2053 1134 .

199 1144 345 1244 suere,
394 1159 479 1219 tam
521 1139 569 1216 dc
607 1145 807 1248 primatus
846 1142 1160 1248 praerogatiua.
1191 1163 1309 1242 quam
1340 1137 1387 1216 de
1414 1155 1534 1215 terroe
1561 1133 1715 1227 Scorto,
1745 1133 1907 1244 ejusque
1934 1137 2009 1216 ad·

204 1255 485 1362 pertinentium
518 1255 773 1356 possessione,
819 1251 956 1356 quibus
997 1247 1118 1327 auide
1153 1250 1327 1324 imminet
1354 1265 1532 1352 uterque.
1589 1245 1746 1324 Idcirco
1775 1247 2010 1337 truculentis

210 1360 438 1467 hujusmodi
463 1360 704 1438 occidionum
732 1359 986 1463 conflictibus
1014 1365 1053 1438 in
1075 1375 1277 1467 posterum
1302 1355 1602 1464 praeveniendo,
1654 1363 1880 1434 interventu
1914 1357 2010 1452 dile·

209 1491 362 1551 ctorum
394 1469 580 1574 filiorum
621 1489 865 1564 nostrorum,
898 1468 1075 1550 Amundi
1100 1469 1341 1577 Vpsaliensis
1357 1467 1559 1572 ¹Conreqis
1599 1469 1637 1547 8
1673 1463 1880 1546 Svctnotto
1906 1468 2008 1582 l’ro·

207 1584 314 1686 regis
357 1583 518 1676 Ducite,
563 1587 646 1692 suis
687 1608 922 1686 suorumque
959 1597 1173 1686 parentum
1215 1581 1252 1653 &
1295 1579 1483 1670 aliorum,
1526 1601 1694 1683 quorum
1722 1579 1908 1671 interest,
1939 1604 2008 1663 no·

207 1690 389 1783 minibus,
416 1718 494 1798 pro
512 1693 779 1798 prosperitate
807 1695 845 1768 Sc
860 1691 1131 1770 incolumitate
1146 1686 1335 1766 Ecclesiae
1354 1690 1451 1782 Dei,
1472 1715 1598 1796 nuper
1601 1689 1739 1786 suetas
1755 1685 2005 1784 Christianae,
2131 1721 2133 1726 ’

206 1818 445 1882 conventum
489 1819 559 1893 cst,
605 1800 786 1908 aditoque
826 1800 874 1878 de
907 1803 1110 1908 primatu,
1143 1827 1192 1877 ac
1219 1825 1432 1902 regnorum
1461 1826 1585 1906 supra
1612 1795 1901 1881 nominatorum
1927 1815 2007 1886 ter,-

203 1916 347 2004 minis.
377 1910 544 2004 decreto,
590 1915 691 1989 certi
731 1909 828 2018 quid
866 1914 1131 1989 constitutum.
1202 1907 1294 2015 Quo
1340 1916 1459 1988 etiam
1490 1908 1581 2012 fine
1615 1907 1815 1986 humiliter
1842 1935 1869 1985 u
1896 1909 2008 1991 nobis

203 2019 445 2102 contendunt
486 2025 774 2100 antenominati
806 2019 891 2123 filii
927 2026 1071 2114 nostri,
1111 2036 1157 2098 ut
1176 2047 1257 2128 pro
1285 2037 1465 2128 suscepta
1493 2047 1520 2096 a
1550 2020 1719 2096 Domino
1741 2035 1938 2126 potestate
1966 2025 2006 2100 8(
2043 2105 2046 2113 ,

202 2133 451 2211 auctoritate
494 2123 581 2236 (nos
622 2131 799 2238 equidem
833 2129 929 2234 jam
969 2159 1086 2224 nunc,
1130 2157 1208 2208 non
1234 2129 1470 2208 solummodo
1498 2131 1655 2234 Regum
1682 2131 1721 2206 Sc
1748 2131 2001 2238 Principum,

201 2241 273 2322 sed
314 2246 487 2318 omnium
533 2241 849 2320 Cluistzanorum
892 2257 1005 2320 tanto
1035 2245 1266 2348 propensior
1292 2239 1514 2320 sollicitudo
1542 2254 1742 2333 coarctat,
1774 2262 1924 2346 quanto
1952 2235 2005 2332 es}

200 2351 430 2433 universali
456 2356 658 2456 regimine,
691 2352 797 2458 quod
822 2352 931 2430 nobis
959 2370 1017 2431 est
1045 2356 1298 2452 commissum,
1330 2354 1502 2430 amnium
1530 2351 1586 2432 ad
1609 2377 1684 2448 nos
1716 2377 1871 2446 causa„
1902 2358 2003 2442 uici-

198 2467 299 2542 nius⁴
340 2489 389 2538 oc
429 2465 563 2565 magis
605 2466 783 2569 proprie·
798 2459 966 2572 spectat)
995 2462 1046 2540 id*
1065 2487 1186 2565 agere
1214 2464 1394 2556 uelimus,
1426 2479 1472 2540 ut
1488 2460 1661 2564 firmum
1689 2460 2003 2571 inviolatumque

198 2588 388 2654 seruetur
429 2573 532 2664 inter
573 2599 638 2649 eos
673 2575 816 2651 initum
854 2578 969 2680 pacis
1012 2575 1052 2650 8<
1091 2575 1275 2650 amicitiae
1300 2572 1470 2673 faedus:
1506 2570 1622 2676 cujus
1638 2571 1877 2671 formulam⁸
1895 2601 2002 2654 more

198 2709 335 2763 eorum
357 2684 498 2790 patrio
524 2683 815 2790 uernaculoquc
842 2709 1015 2762 sermone
1043 2699 1265 2776 exaratam,
1296 2681 1479 2789 nobisque
1514 2685 1820 2776 transmissam„
1837 2711 1866 2760 u
1905 2713 2001 2777 uer·

199 2795 247 2874 bo
275 2792 332 2870 ud
358 2793 547 2885 verbum,
580 2819 721 2897 genere
749 2793 943 2873 scribendi
968 2799 1090 2871 curiae
1117 2809 1267 2872 nostrie
1295 2796 1486 2872 Romame
1514 2797 1685 2887 usitato,
1716 2791 1778 2870 liic
1806 2793 1999 2899 allcgobir

200 2932 306 2996 utus,
337 2928 429 3008 quae
456 2905 513 2980 sie
540 2901 679 2981 babet:
724 2905 886 2982 Limites
914 2907 1017 2982 inter
1034 2905 1193 3006 Regno
1215 2903 1384 2984 Suedius
1407 2907 1447 2984 &
1475 2905 1642 2986 Ducite:
1671 2902 1887 2994 Amundus.
1906 2907 1998 2992 Rea
2120 2896 2129 2920 ’

200 3013 441 3122 Upsoliensis
470 3014 517 3089 &·
538 3009 748 3093 Sucinotto
776 3015 930 3106 Ducite,
962 3013 1007 3090 bi
1020 3016 1215 3113 fecerunt
1236 3043 1382 3121 ponere
1402 3014 1545 3092 limites
1559 3018 1662 3093 inter
1675 3014 1820 3117 Regna
1834 3012 1998 3107 Soedise
2042 3059 2044 3062 ·
2115 3017 2119 3028 ’

198 3128 239 3201 8(
267 3125 430 3215 Daciae',
461 3140 555 3200 tunc
582 3125 788 3228 elegerunt
816 3153 837 3202 e
865 3123 1018 3202 Suedio
1047 3125 1087 3202 T
1083 3123 1267 3202 acaldum
1294 3153 1346 3204 esc
1361 3127 1401 3204 T
1397 3123 1661 3206 iundalaudia
1678 3123 1901 3232 Uplmsdiee‚
1919 3127 1998 3206 Bo·

198 3233 344 3314 tildum
360 3235 400 3312 T
395 3233 470 3310 olle
499 3261 551 3311 esc
581 3235 823 3312 Fiedrundia
852 3231 1075 3341 Upluzdtae,
1107 3234 1370 3314 Botviderum
1397 3263 1449 3314 ese
1477 3233 1831 3339 Hclsiugiafilium
1851 3237 1891 3314 T
1886 3236 1994 3334 bore,

198 3371 251 3423 eu
278 3345 346 3420 W
339 3346 603 3422 ostermannio
631 3343 808 3423 Gaseum
823 3343 962 3445 filium
989 3343 1136 3437 Rubbe,
1167 3371 1220 3422 ecc
1247 3343 1455 3425 OsGotbia
1483 3344 1762 3440 Grimaldum2
1787 3374 1842 3426 acc
1878 3349 1945 3426 W
1939 3377 1997 3426 os-

198 3453 349 3533 Gothia
376 3455 613 3534 Torstanum
632 3455 770 3557 filium
800 3453 995 3548 Emundi,
1028 3483 1080 3532 ece
1107 3453 1468 3535 Sudermanlandia
1481 3455 1729 3535 Grimoldum
1744 3453 1925 3553 Nannir,
1944 3487 1996 3554 ecc
2037 3543 2044 3554 ,
2120 3509 2130 3520 -

198 3563 349 3644 Sconia
378 3566 560 3657 Dauum,
593 3564 868 3672 Grunolpbum
897 3564 946 3641 de
974 3563 1275 3642 Grimultunum
1302 3596 1354 3644 eos
1380 3565 1625 3659 Hallnudia‚
1658 3565 1901 3662 Gunlrildum
1943 3597 1995 3649 cn·
2165 3573 2168 3592 '

198 3675 403 3766 Selandio,
435 3674 633 3753 llbbonem
660 3703 713 3754 cet
741 3675 908 3776 Fyonio,
950 3676 1137 3753 Tolueum
1165 3677 1205 3754 T
1200 3675 1293 3754 olle
1311 3677 1451 3780 filium
1478 3678 1517 3760 T
1513 3696 1592 3756 otte
1620 3704 1673 3754 eu
1710 3676 1849 3756 lutlu'a
1891 3679 1994 3766 Cirn-

84 3781 86 3865 ἶ
197 3788 309 3864 brice.
368 3782 428 3863 Hi
453 3784 655 3864 duodecim
680 3803 898 3892 posueruut
924 3813 996 3862 scoc
1023 3783 1176 3892 lapides
1203 3789 1306 3866 inter
1334 3789 1489 3895 Regna.
1526 3787 1688 3865 Primus
1713 3789 1815 3895 lapis
1842 3777 1994 3876 erectus

84 3926 86 4007 5
197 3914 254 3978 est
281 3902 324 3976 in
347 3893 619 3988 Sunturvaso,
655 3893 857 3974 Secundus
885 3901 925 3974 in
955 3895 1221 3990 Danabeclio,
1254 3903 1395 3976 tertius
1450 3913 1509 3976 est
1536 3898 1636 4006 lupis
1653 3897 1789 4002 jueta
1808 3897 2017 4007 templum

84 4010 87 4105 f
196 4000 404 4117 quoddam
424 4004 656 4099 linteamen,
688 4021 857 4112 quartus
886 4009 926 4083 in
954 4005 1200 4100 Uralssneeso,
1233 4013 1392 4114 quintus
1418 4007 1546 4087 dictus
1573 4008 1674 4114 lapis
1693 4006 1827 4101 albus,
1856 4023 1993 4095 sentus

198 4137 253 4198 est
281 4119 386 4225 lapis
413 4116 607 4195 Brimsius
635 4121 737 4194 inter
766 4117 1017 4221 Blel·iugiam
1045 4121 1084 4194 8ι
1110 4116 1308 4196 Moireum
1330 4125 1444 4198 situs.
1502 4119 1626 4200 Dana
1654 4118 1784 4199 insula
1820 4137 1877 4196 est
1917 4127 1992 4212 tri

86 4299 87 4302 ,
193 4234 363 4338 partita,
389 4227 593 4336 possidens
619 4228 711 4305 Rcse
739 4225 979 4335 Upsaliensis
1000 4230 1194 4334 potiorem
1216 4249 1374 4336 partem
1407 4233 1447 4306 &
1467 4235 1654 4338 primam,
1699 4228 1871 4305 alterum
1901 4230 1990 4320 Da·

196 4344 287 4434 cue,
319 4342 480 4416 tertiam
508 4366 605 4416 vero
633 4336 919 4442 Noruegiensis
948 4339 1050 4417 Rex.
1105 4337 1355 4419 Conventuri
1379 4343 1509 4446 Reges
1536 4340 1675 4419 turum
1702 4349 1915 4442 regnorum
1949 4345 1991 4430 in

183 4449 390 4560 predicta
418 4449 548 4528 basula
576 4448 652 4526 bac
681 4448 831 4542 Dana,
864 4464 959 4526 tuuc
988 4450 1078 4526 Rex
1106 4450 1248 4528 Ducite
1262 4450 1491 4561 Upsulensis
1504 4453 1624 4556 Regis
1638 4447 1783 4530 tenebit
1798 4451 1985 4548 frenum,

71 4596 75 4634 ;
193 4565 232 4638 8<
274 4559 564 4662 Norvegiensis
605 4557 804 4665 stapedem
845 4557 942 4663 ejus
1007 4559 1213 4640 Terminus
1241 4590 1268 4640 a
1296 4591 1372 4670 quo
1389 4567 1559 4665 factum
1586 4579 1643 4638 est
1670 4563 1822 4639 inituim
1849 4559 1989 4656 borum

190 4673 366 4759 limitum
407 4673 543 4748 existit
591 4696 719 4778 nuper
760 4673 1079 4775 supernominata
1121 4673 1251 4752 insula
1298 4675 1431 4754 Danu.
1509 4671 1660 4750 Ablu‘nc
1706 4667 1764 4752 od
1814 4678 1989 4781 primum

190 4779 366 4890 lapidem
394 4783 437 4856 in
461 4778 728 4860 Sunturuasa.
786 4779 888 4860 Hac
916 4785 1074 4860 notiora
1100 4802 1349 4863 recensentur
1376 4787 1475 4876 loca,
1519 4779 1781 4877 Stamusmtd,
1826 4781 1984 4885 Klifier,

189 4893 355 4986 Natres,
403 4890 553 4986 Locros,
592 4889 743 4986 Sletas,
785 4891 973 4988 Flalsbclc‚
1014 4892 1210 4988 §amu-sib,
1242 4890 1676 4987 Aldramanoebrcldsnc,
1691 4957 1696 4962 .
1709 4892 1987 4998 Duergberit,
2039 4971 2043 4979 ,

324 5031 372 5088 cv.
389 5030 468 5104 out
1703 5099 1706 5104 ¹
1860 4999 1885 5096 4
