4368 5950
963 367 1381 449 -226-

284 623 416 746 224.
843 691 844 696 .
1094 637 1262 707 1222.
1906 604 2044 716 Lan.

360 824 542 894 anesus.
562 824 575 885 i
596 822 686 887 Luncl
707 823 849 885 21222222
871 821 1037 886 8222222222
1058 823 1132 886 bref
1141 819 1282 885 rdrande
1303 826 1471 906 erstttning
1492 825 1528 887 af
1545 847 1582 888 eu
1604 823 1727 888 andeli
1758 821 1851 886 81220
1874 773 1970 910 utby}
1996 849 2048 892 son

409 907 1177 988 1022202102111111022-(10211101211222222222,
1207 905 1303 968 hvars
1335 904 1426 969 fader
1453 906 1689 992 irkeaojeinen
1717 909 1860 970 11222222
1891 910 1964 991 gjort
1992 913 2049 975 med

406 993 612 1078 Domlsyrkau
633 999 678 1054 ett
698 991 749 1052 fiir
769 989 870 1052 hennc
885 993 1014 1076 menligt
1034 991 1094 1056 och
1115 990 1153 1052 af
1169 989 1306 1076 caputet
1326 988 1414 1072 linge
1435 991 1602 1078 hlandratit
1623 989 1797 1079 jordabyte.

1786 1099 1816 1158 B.
1837 1122 1859 1158 ιε
1884 1105 1938 1160 223.

475 1299 479 1319 ,
613 1240 747 1352 Super
773 1243 882 1323 bonis
911 1244 953 1320 ia
986 1240 1107 1346 Roby
1134 1243 1268 1350 magle
1295 1243 1470 1324 Scototis
1497 1243 1694 1354 Capitulo.

387 1376 577 1454 Annaeus
606 1369 681 1449 Dei
710 1375 845 1477 gracia
862 1365 1083 1447 vlundensis
1112 1369 1441 1478 archiepiscopus
1485 1370 1617 1450 suecie
1645 1371 1807 1477 primas.
1865 1369 2053 1451 Vniuersis

274 1503 481 1598 presentes
523 1481 691 1591 paginas
720 1481 957 1588 inspecturis
996 1478 1185 1560 Salutem.
1246 1483 1376 1589 Super
1404 1509 1523 1561 causa
1551 1481 1745 1590 quadam.
1781 1507 1863 1588 que
1892 1482 1991 1562 inter
2003 1510 2054 1560 ca·

271 1599 449 1711 pitulum
475 1592 684 1674 lundensis
712 1590 875 1672 ecclesie
929 1596 969 1670 &
1012 1590 1217 1671 Andream
1245 1589 1575 1673 archidiaconum
1610 1593 1654 1674 in
1689 1607 1827 1672 nostra
1866 1593 2053 1699 presencia

150 1797 157 1804 ,
272 1709 519 1792 vertebatur.
548 1702 662 1814 quod
690 1702 917 1784 audiuimus
945 1707 985 1781 82
1012 1701 1196 1783 vidimus.
1225 1703 1303 1785 hoc
1332 1718 1536 1785 testamur.
1607 1704 1916 1807 Querimoniam
1946 1703 2053 1812 siqui·

204 1821 214 1838 ⁴
274 1821 366 1903 dem
396 1817 620 1901 audiuimus
649 1830 842 1922 exparte
871 1813 1051 1921 capituli,
1080 1813 1194 1923 quod
1220 1814 1395 1923 quedam
1424 1817 1691 1900 commutacio
1719 1815 1977 1923 possessionis
1994 1813 2053 1892 ni·

273 1961 353 2014 nus
394 1927 567 2041 prouide
594 1925 702 2007 sacta
728 1927 860 2007 fuerat
887 1924 995 2033 jnter
1024 1925 1217 2006 andream
1245 1923 1571 2007 archidiaconum
1601 1933 1641 2007 &
1661 1926 1882 2008 ecclesiam.
1913 1924 1956 2032 jn
1987 1953 2054 2034 qua

2065 305 2069 312 ’
2143 359 2146 494 1

2144 1607 2146 1642 1

2144 1819 2146 1868 l

274 2039 605 2128 commutacione.
636 2038 717 2118 lesa
744 2036 822 2118 fuit
850 2035 1015 2116 ecclesia
1045 2037 1151 2116 vltra
1193 2035 1359 2118 modum
1388 2039 1440 2116 Et
1469 2039 1567 2120 dum
1595 2066 1717 2147 super
1752 2037 1985 2145 hujusmodi
2010 2037 2055 2116 le·
2144 2069 2146 2128 3

275 2159 388 2238 sione
417 2147 726 2232 archidiaconus
754 2149 888 2256 sepius
916 2147 1222 2244 conueniretur,
1252 2165 1297 2227 vt
1324 2147 1544 2258 dampnum
1567 2151 1731 2232 ecclesie
1760 2146 2078 2230 202221120121·
2145 2189 2146 2216 .

276 2270 355 2348 lam
383 2265 435 2345 ab
466 2291 515 2344 eo
544 2263 589 2340 in
616 2262 700 2340 vita
721 2289 793 2339 sua
821 2260 1236 2367 recompensacionem
1265 2258 1432 2339 ecclesia
1462 2261 1597 2370 potuit
1613 2261 1808 2343 obtinere.
1855 2263 1951 2342 Post
1965 2287 2056 2342 mor·

275 2397 356 2462 tem
385 2394 516 2459 autem
546 2372 642 2453 eius.
674 2370 858 2452 dominus
889 2371 1112 2450 laurentius
1133 2370 1239 2452 filius
1255 2371 1352 2452 eius.
1370 2372 1523 2453 intuitu
1538 2371 1643 2454 dicte
1659 2373 1822 2483 querele
1836 2399 1961 2481 quam
1975 2396 2056 2478 erga
2145 2403 2146 2406 ¹

274 2508 433 2600 patrem
461 2513 578 2577 suum
604 2485 747 2565 habuit
775 2481 953 2564 ccclesia.
1003 2506 1162 2562 omnem
1233 2482 1408 2562 uerelam
1437 2499 1478 2562 et
1493 2483 1778 2593 ¹calumpniam
1808 2482 1859 2564 de
1889 2481 2057 2591 predicta

276 2599 593 2684 commutacione
622 2593 770 2674 factam
798 2595 932 2702 sopire
959 2512 1240 2701 jntendensd)

272 2713 352 2794 bus
381 2710 507 2819 patris
535 2733 671 2786 coram
699 2705 818 2785 nobis
847 2703 1076 2812 &capitulo
1088 2702 1305 2786 satisfecit.¹
1326 2703 1550 2787 Conferens
1562 2705 1726 2787 ecclesie
1743 2708 1949 2811 integrum
1965 2724 2057 2786 terre

274 2849 458 2905 mansum
486 2823 526 2896 &
553 2814 774 2896 dimidium.
805 2815 977 2910 invilla
1013 2842 1093 2924 que
1121 2834 1291 2896 vocatur
1323 2816 1441 2914 nahe
1470 2819 1597 2897 maior
1626 2819 1737 2898 iuxta
1766 2817 1987 2896 ciuitatem.
2019 2815 2061 2893 Et

230 3059 237 3072 ‘
273 3064 456 3154 tempore
483 3041 566 3121 vite
592 3065 672 3119 220.
700 3038 863 3118 nomine
889 3035 1065 3118 ecclesie.
1108 3038 1287 3119 eiusdem
1328 3056 1436 3119 terre
1479 3039 1679 3148 percipiat
1719 3025 1980 3120 usufructum
2017 3037 2061 3115 Et

1243 2595 1402 2674 eniuole
1429 2595 1538 2675 solus
1565 2622 1643 2704 pro
1686 2595 1873 2674 omnibus
1914 2590 2057 2673 heredi·
2138 2697 2141 2715 .

136 2966 139 2973 ·
231 2955 424 3038 'terram
454 2956 588 3012 coram
617 2927 734 3009 nobis
762 2927 944 3006 scotauit.
975 2924 1066 3006 Tali
1095 2941 1230 3007 tamen
1248 2927 1497 3010 condicione.
1527 2929 1583 3006 Vt
1604 2927 1712 3008 idem
1726 2928 1967 3008 laurencius.
1984 2941 2060 3004 toto
2144 2951 2146 2954 ·

274 3173 370 3267 post
395 3170 565 3235 mortem
592 3151 689 3232 eius.
704 3164 812 3230 terra
828 3148 1118 3255 predictarum
1132 3151 1242 3231 omni
1258 3154 1507 3259 proprietate
1522 3152 1725 3232 canonicis
1740 3149 1869 3231 cedat.
1887 3167 1934 3231 vt
1949 3147 1998 3230 dc
2012 3175 2060 3227 ea.
2145 3179 2146 3188 ¹

131 3343 136 3356 .
274 3295 436 3352 omnem
463 3263 660 3374 percipiat
687 3259 940 3343 usufructum
966 3261 1055 3370 jure
1088 3281 1287 3371 perpetuo
1305 3260 1607 3390 'possidendum
1637 3265 1689 3342 Et
1716 3290 1768 3343 ne
1796 3263 1872 3342 iste
1911 3279 2062 3342 contra·

275 3396 364 3461 ctus
393 3376 444 3457 ab
473 3375 609 3486 aliquo
637 3369 831 3453 heredum
859 3371 1009 3453 andree
1039 3371 1312 3480 archidiacon]
1343 3376 1386 3455 in
1415 3374 1578 3454 irritum
1610 3391 1848 3458 reuocetur.
1868 3375 1961 3454 Hoc
1977 3371 2064 3451 scri·
2144 3455 2146 3462 ,

275 3509 402 3602 ptum.
432 3485 554 3593 sigilli
581 3487 710 3566 nostri
752 3484 983 3564 testimonio
1017 3486 1310 3567 confirmamus
1355 3487 1507 3567 Datum
1549 3485 1696 3569 lundis.
1752 3488 1876 3568 Anno
1920 3479 2066 3587 dominj

273 3598 512 3684 MCCXXII.
540 3593 768 3678 indictione
796 3595 970 3677 Decima.
1929 3599 1931 3608 ’

285 3861 417 3966 225.
925 3857 1389 4000 v1222--125o

356 4082 492 4164 Kooung
517 4077 596 4144 Eam
612 4079 774 4142 Earcssons
795 4076 979 4140 belralielse
1004 4077 1044 4160 pa
1067 4076 1201 4160 Konung
1221 4078 1335 4141 Jonans
1355 4077 1388 4140 dt
1410 4078 1517 4140 Rilets
1546 4078 1696 4163 Bislopar
1728 4079 1902 4143 lb‘rtrnnade
1942 4077 2069 4143 frihetcr

408 4166 479 4229 tran
500 4164 565 4226 alla
585 4161 700 4245 Kongl.
730 4159 894 4245 utslylder
922 4161 959 4220 af
986 4159 1200 4244 kyrkogodsen
1232 4181 1275 4222 m.
1296 4183 1337 4223 nr.
1683 4243 1754 4317 Μ
1783 4261 1809 4299 a·
1826 4261 1854 4296 Γ
1870 4246 1886 4299 3
1905 4241 1942 4313 ¹¹³)

440 4389 588 4469 Ealcth
624 4372 690 4457 dei
724 4377 860 4486 gracia
895 4405 966 4459 rex
995 4375 1127 4457 suecie
1155 4377 1355 4459 vniuersis
1382 4377 1523 4459 christi
1552 4363 1737 4462 fidelihus
1765 4407 1937 4488 presens
1967 4380 2071 4459 uisu·

277 4500 333 4580 ris
365 4497 433 4578 uel
460 4491 667 4584 audituris
701 4490 898 4599 scriptum
926 4490 969 4568 in
998 4505 1252 4598 perpetuum.
1280 4490 1538 4598 volentesut
1564 4519 1610 4571 02
1640 4517 1719 4602 que
1748 4519 1823 4602 per
1850 4492 1986 4573 felicis
2013 4514 2070 4571 re·

186 4675 190 4690 ¹
277 4679 549 4700 m

358 4723 385 4797 *)
405 4719 490 4783 Utur
509 4739 626 4783 samma
644 4715 786 4794 Arsknfr,
807 4737 873 4778 som
893 4715 932 4779 de
954 4717 1039 4779 111221
1061 4717 1072 4779 1
1093 4727 1184 4780 noter
1205 4715 1305 4780 under
1326 4719 1385 4780 Nto
1410 4715 1468 4796 284
1495 4715 1674 4802 1102020210
1696 4671 1834 4799 llonung·
1861 4717 1986 4782 102222
2008 4717 2070 4802 pri·

362 4803 493 4881 vilegier
512 4802 584 4865 med
605 4803 719 4865 orden:
741 4797 887 4862 ”Adiecit
907 4821 962 4864 rex
984 4803 1115 4877 ericus”‚
1137 4801 1223 4863 111221
1243 4801 1374 4864 tillsatte
1392 4801 1452 4864 och
1474 4802 1525 4871 1111
1548 4803 1659 4864 2121011
1678 4802 1765 4878 f’tha
1785 4803 1970 4886 priuelegia
2001 4821 2072 4864 eon·

360 4885 486 4947 firmata
509 4893 581 4948 sunt
617 4904 674 4969 per
695 4881 860 4949 honorium
879 4902 995 4969 papam
1014 4887 1156 4950 tercium.
1183 4886 1363 4969 gregorium
1383 4887 1431 4950 lx
1452 4881 1485 4950 &
1506 4887 1683 4970 gregorium
1703 4883 1889 4950 decimum.”
