4398 5958
748 456 1155 538 -563-

92 688 332 783 reputantur
358 671 410 750 ab
438 669 569 780 impiis
596 669 759 750 ecclesie
787 667 858 749 lilii
885 674 925 749 8(
953 667 1107 774 prelati,
1135 694 1239 778 quos
1265 668 1330 751 dei
1357 668 1460 750 lilius
1493 665 1676 754 custodes
1703 673 1851 754 consti·
1880 669 1903 758 ’,
1976 766 1980 775 ,

91 787 168 862 tuit
194 807 338 888 sponse
365 807 453 876 sue,
481 807 527 860 ac
554 780 596 857 in
625 778 773 888 quibus
800 778 991 858 honorari
1015 777 1155 858 asserit
1182 803 1228 857 ac
1256 778 1498 888 contempni,
1526 779 1718 888 pupillam
1746 783 1852 864 oculi

90 891 162 980 sui,
195 893 304 996 tangi
333 889 550 995 prohibens
577 889 618 965 in
646 886 805 982 eisdem,
832 912 956 994 quare
985 885 1101 964 huius
1128 888 1227 966 sacri
1255 887 1410 968 consilii
1424 888 1721 995 approbacione
1734 887 1852 971 duxi·
1959 887 1962 895 '

65 1023 176 1076 -mus
203 995 477 1092 statuendum,
504 1011 549 1075 vt
574 996 608 1073 si
636 993 808 1101 aliquem
848 994 1034 1073 clericum
1062 995 1104 1072 in
1146 997 1267 1074 sacris
1307 997 1541 1076 existentem
1582 1023 1656 1104 per
1691 1025 1851 1081 manum

88 1104 274 1212 laycalem
291 1107 488 1211 captiuari
506 1105 718 1209 contigerit
733 1109 772 1180 8(
785 1103 998 1210 requisitus
1012 1108 1051 1180 8(
1065 1104 1249 1181 monitus.
1276 1105 1481 1210 captiuum
1495 1105 1552 1184 sic
1565 1105 1752 1185 clericum
1767 1135 1850 1190 non

85 1215 261 1292 restituit
277 1215 336 1292 vel
359 1215 543 1320 princeps
566 1213 759 1290 iusticiam
787 1208 1033 1303 noniecerit,
1046 1211 1080 1288 si
1093 1210 1320 1317 episcopus,
1333 1225 1465 1290 totum
1479 1239 1659 1318 regnum,
1674 1215 1708 1292 si
1722 1217 1851 1296 archi·

84 1319 304 1424 dyaconus,
320 1322 558 1427 prepositus,
573 1320 788 1398 canonicus
802 1315 864 1396 vel
879 1316 1054 1396 decanus
1068 1314 1260 1420 dyocesis,
1278 1319 1411 1428 inqua
1427 1318 1642 1418 detinetur,
1670 1322 1705 1400 si
1718 1339 1850 1407 autem

82 1429 252 1535 simplex
281 1427 476 1519 sacerdos,
504 1443 665 1506 curatus
694 1427 755 1504 vel
785 1426 951 1505 clericus
965 1426 1006 1502 in
1021 1427 1140 1504 sacris
1168 1427 1339 1506 existens
1353 1427 1578 1535 captiuatus
1592 1429 1712 1510 luerit
1726 1435 1850 1536 parti·

82 1535 229 1616 cularis
257 1539 484 1642 prouincia,
512 1563 602 1614 cum
630 1535 706 1612 hoc
734 1549 887 1613 certum
915 1535 1148 1629 constiterit,
1176 1537 1360 1641 protinus
1402 1553 1526 1614 cesset
1553 1563 1576 1614 a
1599 1536 1763 1634 diuinis,
1811 1547 1852 1624 8(

82 1649 190 1750 ipsos
219 1647 468 1750 captiuantes
482 1651 520 1722 8(
534 1645 603 1752 qui
632 1641 918 1721 mandauerint
948 1647 987 1720 8(
1014 1640 1242 1736 consilium,
1268 1641 1458 1738 auxilium
1485 1643 1548 1723 vel
1577 1641 1768 1752 fauorem,
1782 1675 1850 1729 oc·

82 1753 192 1832 culte
219 1754 280 1832 vel
310 1745 516 1832 manifeste
545 1769 587 1830 vt
611 1767 823 1858 caperetur
865 1766 934 1827 aut
963 1749 1206 1830 detineretur
1244 1751 1502 1856 prestiterint,
1529 1741 1619 1831 illias
1638 1756 1759 1835 eciam
1778 1760 1850 1866 qui

79 1871 173 1942 cum
202 1877 364 1967 possent
391 1865 431 1938 8(
458 1859 651 1940 deberent
679 1888 726 1940 ex
756 1858 886 1938 officio
929 1857 1142 1963 prohibere
1172 1865 1211 1936 8(
1238 1885 1320 1938 non
1363 1858 1658 1964 prohibuerunt
1692 1889 1849 1944 excom·

83 1961 304 2049 manicatos
334 1959 584 2049 denuncient
607 1975 645 2046 8(
673 1966 905 2046 denunciari
934 1964 1101 2060 faciant,
1127 1964 1292 2072 singulis
1322 1965 1462 2046 diebus
1491 1965 1697 2050 dominicis
1725 1979 1764 2052 8(
1792 1972 1849 2051 ie·
1932 2005 1936 2012 ·

81 2081 194 2157 stiuis
223 2078 264 2154 in
294 2078 468 2156 ecclesiis
496 2081 535 2151 8(
560 2076 734 2181 publicis
764 2073 1040 2166 conuentibus,
1066 2102 1112 2152 ac
1155 2077 1276 2154 eciam
1305 2073 1390 2154 aliis
1418 2074 1515 2153 locis
1560 2081 1789 2183 oportunis,
1817 2082 1850 2158 si

80 2212 178 2264 vero
206 2188 383 2295 episcopi
411 2183 636 2264 huiusmodi
677 2200 865 2261 statutum
901 2209 977 2289 pro
1012 2180 1175 2261 modulo
1203 2187 1242 2260 8(
1301 2209 1347 2259 ro
1390 2209 1505 2289 posse
1545 2210 1619 2262 suo
1662 2189 1850 2298 prosequi
1892 2182 1898 2196 ’

82 2321 164 2373 non
192 2293 418 2372 studuerint
446 2292 507 2369 vel
538 2293 749 2386 voluerint,
781 2292 840 2368 vel
871 2293 993 2370 eciam
1029 2209 1314 2400 prosequendo
1355 2289 1509 2375 debiles¹
1545 2290 1694 2373 fuerint
1722 2301 1761 2372 8(
1788 2324 1850 2374 re-

80 2403 198 2495 missi,
228 2401 280 2480 ab
307 2403 416 2480 omni
444 2400 579 2479 cilicio
607 2399 823 2506 pontificali
853 2407 891 2480 8(
920 2399 1077 2493 diuinis,
1107 2404 1146 2477 8(
1173 2400 1356 2505 ingressu
1384 2398 1546 2478 ecclesie
1582 2403 1772 2498 mouerint
1808 2432 1850 2484 se

77 2536 309 2616 suspensos,
344 2507 471 2589 donec
500 2523 705 2587 statutum.
721 2507 945 2588 huiusmodi
977 2505 1125 2586 fuerint
1153 2507 1364 2585 efficaciter
1377 2509 1624 2616 prosequuti,
1641 2509 1849 2592 inferiores
1944 2519 1947 2534 '

76 2644 176 2698 vero
203 2619 237 2695 si
263 2635 455 2698 statutum
483 2614 709 2695 huiusmodi
739 2617 1002 2722 neglexerint,
1046 2630 1115 2692 aut
1143 2618 1268 2694 eciam
1303 2611 1506 2695 noluerint
1547 2618 1780 2714 obseruare,
1808 2648 1849 2701 se

75 2725 240 2806 vinculo
268 2726 691 2806 excommunicacionis
720 2725 808 2830 ipso
837 2725 944 2802 facto
973 2724 1163 2804 nouerint
1190 2724 1412 2803 innodatos.

720 2919 782 2994 De
809 2917 949 2994 laabim
976 2918 1212 2995 clericorum.

244 3059 340 3136 Item
368 3057 576 3135 statuimus
606 3070 649 3133 vt
677 3055 977 3158 archidyaconi,
1006 3056 1199 3162 prepositi
1228 3054 1367 3136 decani
1396 3064 1435 3137 8(
1462 3059 1686 3140 sacerdotes
1713 3067 1754 3142 8(
1780 3090 1849 3144 cu·
1881 3102 1882 3107 ¹
1993 3115 2002 3130 -

74 3168 156 3246 rati
183 3167 316 3245 clausa
347 3163 516 3270 desuper
544 3162 726 3242 delerant
756 3163 1006 3256 indumenta,
1045 3163 1102 3268 jta
1145 3163 1254 3273 quod
1298 3169 1542 3247 extrinsecus
1585 3196 1627 3248 se
1655 3175 1737 3247 non
1765 3175 1848 3252 cin·

72 3291 174 3382 gant
209 3290 491 3380 tonsuramque
542 3271 715 3352 debitam
760 3271 934 3352 habeant
975 3277 1013 3348 8(
1042 3288 1357 3380 competentem,
1391 3274 1571 3382 alioquin
1598 3304 1698 3384 pena
1728 3280 1849 3362 trium

75 3381 326 3462 marcharum
356 3383 576 3486 puniantur
604 3380 680 3457 nisi
710 3383 898 3486 premissa
929 3398 1021 3458 ante
1050 3379 1231 3459 futurum
1260 3384 1471 3462 concilium
1506 3382 1697 3464 duxerint
1722 3386 1846 3468 adim·

77 3489 236 3598 plcnda.

410 3631 472 3708 De
499 3633 647 3710 clericis
675 3635 744 3709 vel
769 3661 901 3711 corum
928 3636 1180 3715 seruientibus
1214 3641 1513 3720 transeuntibus.

238 3769 336 3844 Item
365 3767 573 3845 statuimus
600 3765 712 3874 quod
740 3769 875 3848 clerici
903 3785 1113 3850 teneantur
1141 3773 1295 3853 clericis
1323 3781 1363 3854 8(
1390 3779 1655 3867 seruientibus
1683 3783 1846 3864 clerico-

72 3901 163 3954 rum
191 3874 490 3954 transcuntibus
519 3877 737 3954 necessaria
773 3879 946 3958 vendere
982 3881 1044 3957 vel
1078 3883 1231 3960 venalia
1273 3886 1454 3964 inuenire
1495 3889 1571 3968 nisi
1599 3891 1704 3996 ipsos
1734 3895 1845 3973 colli·
1881 3926 1885 3936 ’

70 4009 166 4094 gere
209 3984 407 4061 voluerint
437 3985 590 4062 intuitu
626 3983 806 4065 karitatis
842 3987 1020 4095 alioquin
1050 3990 1168 4066 trium
1205 3992 1453 4072 marcharum
1482 4021 1583 4100 pena
1611 4000 1845 4102 puniantur,

69 4095 130 4200 jta
158 4091 268 4200 quod
297 4089 397 4170 duas
425 4092 605 4171 marchas
634 4097 829 4199 percipiat
870 4096 948 4174 loci
989 4097 1216 4176 ordinarius
1250 4104 1290 4176 8(
1322 4103 1485 4180 terciam
1526 4106 1593 4184 cui
1630 4115 1846 4194 necessaria

71 4202 343 4281 inhumaniter
370 4200 519 4280 fuerint
549 4199 742 4307 denegata
766 4203 816 4306 'Si
845 4230 941 4284 vero
969 4205 1102 4283 clerici
1132 4209 1341 4284 transitum
1371 4207 1569 4296 facientes.
1611 4241 1752 4320 perse
1781 4223 1845 4300 vel
1878 4253 1882 4279 ³

68 4312 289 4390 seruientes
316 4335 409 4388 suos
436 4311 628 4389 incuriis
657 4311 905 4392 sacerdotum
935 4339 1004 4393 seu
1033 4315 1155 4392 eciam
1186 4315 1387 4420 laycorum
1414 4317 1578 4428 aliquod
1589 4349 1667 4430 »per
1693 4328 1866 4409 violem·

68 4421 173 4497 ciam
203 4419 391 4520 reperiat,
421 4445 522 4525 pena
551 4419 623 4496 XL
651 4419 903 4499 marcharum
925 4422 1260 4530 quemadmodum
1284 4423 1388 4527 layci
1421 4428 1455 4505 si
1483 4431 1844 4536 rapinamfecerint

69 4528 293 4635 puniantur
328 4523 385 4628 J'ta
428 4527 537 4634 quod
565 4529 700 4607 XXVI
730 4531 910 4609 marchas
934 4531 1048 4607 ⁴XVI
1077 4530 1225 4609 solidos
1268 4535 1462 4640 percipiat
1480 4533 1484 4542 ’
1505 4537 1581 4616 loci
1618 4541 1842 4626 ordinarius

67 4643 108 4714 8(
139 4635 236 4713 ΧΙΙΙ
268 4635 427 4712 marche
457 4645 494 4714 8(
523 4638 618 4714 VIII
647 4636 763 4717 solidi
801 4655 1029 4718 remaneant
1058 4641 1122 4716 cui
1151 4640 1344 4719 violencia
1392 4642 1510 4723 fuerit
1539 4648 1735 4755 irrogata,
1769 4683 1842 4736 nec

73 4744 207 4822 minus
241 4743 382 4849 quiin
411 4743 531 4820 'curiis
573 4746 822 4828 sacerdotum
858 4748 1071 4826 violencias
1110 4747 1278 4828 fecerint
1320 4751 1408 4856 ipso
1450 4751 1558 4835 facto
1598 4764 1841 4842 sentenciam

69 4851 495 4932 excommunicacionis
523 4851 739 4944 incurrant,
769 4883 791 4932 a
814 4883 893 4962 qua
907 4857 982 4932 nisi
1011 4859 1121 4960 prius
1150 4856 1455 4938 satisfaccionem
1479 4863 1735 4948 exhibuerint
1748 4899 1838 4952 cum
