4398 5958
1049 393 1160 444 -'
1218 379 1298 470 ms
1407 415 1464 443 -
1600 365 1655 462 ,’

336 614 495 744 '624
533 655 536 660 ·
920 597 1122 780 “21277
1171 554 1335 718 d‘31
1357 613 1535 718 ssMars.
1600 605 1604 615 ’

437 824 519 896 not:
541 831 671 898 snam
687 831 732 894 ts
752 832 834 896 nom
847 829 989 893 sannae
1010 817 1225 893 arseminae
1246 830 1284 892 af
1298 829 1425 894 stades
1446 833 1494 894 sn
1513 820 1703 894 ‘stolam
1765 855 1767 862 ι
1811 819 1859 972 D·
1935 913 1976 986 ω

1781 923 1803 942 ”“
1837 933 1884 970 ca.
1898 923 1935 988 β’
1976 951 1984 972 ι

520 1049 693 1131 Maerens
723 1050 797 1131 Dei
825 1051 955 1162 gratia
984 1048 1193 1159 Sweorum
1223 1046 1409 1127 omnibus
1438 1064 1519 1128 tam
1545 1048 1819 1160 presentibus
1842 1077 1951 1158 quam
1974 1048 2079 1132 buna

356 1177 560 1272 presentes
588 1159 723 1240 literas
751 1159 948 1242 audituris
976 1175 1016 1238 et
1044 1157 1207 1238 lecturis
1236 1156 1403 1238 salutem
1432 1159 1474 1237 in
1504 1160 1690 1239 Domino
1702 1160 1959 1241 'Universit'ati
1980 1177 2079 1240 vestra

270 1287 271 1290 ’
355 1288 540 1356 constare
567 1270 752 1385 rolumus
780 1289 819 1350 et
847 1269 1021 1380 liquere,
1049 1264 1161 1382 quod
1191 1294 1264 1346 nos
1292 1271 1445 1347 curiam
1471 1269 1504 1348 F
1506 1266 1627 1348 lazsta
1664 1299 1754 1349 cum
1791 1271 1960 1350 omnibus
1994 1271 2080 1376 perti·

354 1382 504 1463 nentiis
532 1383 614 1461 suis
641 1381 849 1463 sororibus
877 1381 920 1460 in
950 1378 1074 1472 Sch0,
1104 1393 1287 1484 exparte
1315 1378 1525 1458 Domicelli
1539 1380 1685 1460 Karuli
1700 1382 1776 1462 rite
1791 1379 1974 1475 collatam,
1997 1405 2081 1488 quan

356 1491 554 1573 Dominus
581 1495 726 1571 Petrus
753 1489 953 1599 llagualdi
982 1488 1084 1568 filius
1114 1485 1230 1567 dictis
1265 1489 1636 1570 sanctimonialibus
1679 1493 1809 1570 minus
1849 1489 2082 1570 rationabiliter

355 1619 591 1711 usurparat,
619 1599 770 1682 eisdem
798 1592 1019 1681 sororibus
1035 1594 1313 1704 adjudicamus
1328 1617 1526 1707 perpetuo
1553 1595 1853 1708 possidendam,
1880 1599 2083 1682 introducen-

355 1731 417 1796 tes
445 1715 550 1823 ipsas
577 1713 620 1791 iu
648 1711 900 1820 corporalem
929 1710 1054 1817 ipsius
1088 1709 1215 1800 curiae,
1251 1709 1539 1818 possessionem
1568 1740 1613 1790 ac
1642 1709 1828 1790 inductas
1868 1709 2083 1790 defendentes

355 1822 668 1931 Inhibentesque
696 1822 863 1901 firmiter
893 1846 944 1899 ne
973 1819 1064 1929 quis
1093 1819 1317 1899 memoratis
1346 1818 1584 1900 dominabus
1612 1821 1820 1928 praefatam
1850 1821 1982 1900 curiam
2005 1814 2084 1898 inde·

354 1931 444 2016 bito
473 1935 645 2014 alienare
673 1928 820 2011 audeat
849 1931 913 2010 vel
942 1945 1168 2037 praesumat.
1213 1929 1254 2007 Si
1284 1928 1375 2037 quis
1404 1958 1500 2009 vero
1538 1946 1677 2024 contra
1714 1933 1908 2039 praemissa
1947 1954 2026 2008 ausu
2045 1943 2084 2004 te·

356 2043 529 2125 merario
557 2042 758 2124 contraire
788 2041 1096 2150 presumpserit,
1124 2036 1443 2147 indignationem
1479 2038 1542 2120 dei
1572 2041 1876 2149 omnipotentis,
1903 2055 1939 2120 et
1964 2041 2083 2119 Sancte

355 2182 455 2251 rum,
473 2153 560 2260 ejus
588 2151 767 2232 omnium
794 2167 836 2230 et
864 2167 1043 2230 nostram
1070 2177 1112 2227 se
1141 2149 1300 2229 nouerit
1329 2151 1595 2231 incursurum.
1632 2153 1680 2229 ln
1710 2181 1758 2230 cu
1762 2151 1827 2258 jus
1856 2147 2083 2230 faetieviden·

355 2265 452 2344 tiam
480 2282 521 2343 et
549 2281 784 2371 perpetuam
812 2261 1039 2341 firmitatem
1069 2259 1321 2366 presentibus
1348 2260 1522 2368 sigillum
1556 2279 1738 2344 nostrum
1774 2261 1952 2342 duximus
1976 2285 2083 2366 appen-

356 2372 545 2454 dendum.
576 2375 725 2452 Datum
752 2372 889 2450 Arusii
916 2376 1035 2450 Anno
1065 2369 1230 2450 Domini
1257 2371 1570 2480 MECLXXVll
1598 2372 1738 2483 pridie
1759 2369 1954 2450 Kalendas
1978 2367 2082 2476 Aprilis

356 2483 641 2566 Coronationis
669 2497 823 2562 nostrae
845 2508 951 2560 anno
980 2481 1122 2589 prim'o.
1229 2489 1232 2495 ’
1425 2523 1427 2531 J

345 2741 496 2848 «625.
1007 2777 1154 2882 1277
1204 2739 1253 2845 d.
1300 2741 1504 2887 8Apr.

438 2961 518 3026 Bisl.
539 2959 670 3021 Hermes
691 2959 702 3018 i
723 2958 898 3042 Linktping
919 2957 1165 3099 stadlastelsespd
1187 2959 1246 3020 den
1267 2960 1382 3026 mellan
1404 2963 1571 3022 Nunnorna
1594 2961 1604 3020 i
1625 2952 1969 3040 Solbe1·gakloste1·ocb
1986 2953 2081 3034 [lebabi

489 3041 680 3103 sockneboar
700 3039 741 3121 pal
772 3039 920 3102 Gottland
941 3038 1068 3100 traffade
1089 3041 1398 3104 dves-enslommelse
1419 3063 1472 3102 om
1492 3041 1616 3123 delning
1637 3042 1679 3102 af'
1690 3040 1741 3102 det
1759 3042 1858 3120 offer,
1885 3063 1943 3104 som
1972 3039 2008 3099 Sat
2022 3034 2080 3096 otas

449 3181 452 3184 ,
489 3123 576 3185 ason
595 3121 656 3184 och
677 3120 736 3202 aug·
757 3123 848 3187 sua
868 3123 921 3184 vra
941 3113 1113 3202 thermas
1133 3123 1250 3206 Carefl·
1871 3205 1892 3260 Β
1921 3205 1943 3258 3,
1959 3207 1993 3271 4„
2019 3201 2024 3216 ·

521 3340 719 3420 Omnibus
747 3354 949 3449 presentes
978 3340 1131 3418 litteras
1160 3340 1409 3447 inspecturis.
1440 3340 1488 3418 H.
1518 3336 1582 3418 dei
1611 3341 1744 3446 gracia
1788 3338 2009 3448 lincopensis
2028 3332 2082 3439 epi·

356 3473 502 3556 scopus
529 3448 698 3528 salutem
744 3451 788 3529 in
831 3447 994 3530 domino
1035 3450 1326 3557 sempiternam
1382 3449 1540 3528 Tenore
1584 3451 1793 3576 presentis
1828 3451 1953 3530 littere
1988 3461 2082 3524 nostro

355 3558 488 3668 sigillo
517 3557 686 3666 sigillare
715 3575 898 3638 constare
927 3559 1112 3639 volumus
1127 3559 1337 3639 euidenter
1357 3559 1673 3642 sanctimoniales
1688 3558 1896 3666 gutlandia
1923 3559 1966 3640 dc
1990 3565 2081 3634 monte

354 3669 469 3762 solis¹
492 3673 532 3747 a
579 3669 843 3776 parochianos
886 3668 936 3749 de
971 3669 1174 3777 helgbawi
1216 3669 1333 3750 nobis
1376 3669 1629 3776 presentibus
1666 3672 1721 3748 sic
1757 3674 1980 3751 conuenisse
2002 3685 2081 3768 super

354 3777 624 3890 prouentibus
653 3784 694 3857 a
720 3779 1000 3860 oblacionibus
1037 3779 1369 3884 proueniantibus
1399 3780 1440 3857 in
1468 3779 1623 3886 capella
1669 3779 1896 3888 habergarn
1930 3778 1969 3886 jn
1992 3769 2082 3880 vigilia

355 3895 397 3972 &
424 3888 490 3971 die
518 3889 626 3969 beati
654 3889 762 3968 olaui
791 3889 909 3996 Regis
938 3881 977 3966 sc
1011 3889 1186 3967 martiris
1219 3886 1333 3998 quod
1376 3887 1565 3968 medietas
1599 3891 1780 3970 omnium
1817 3882 2083 3973 oblacionun&

386 4002 628 4080 rouentuum
662 3998 823 4080 ibidem·
846 4015 927 4076 tam
943 3998 1001 4076 in
1028 3999 1164 4104 vigilia
1206 4028 1328 4108 quam
1370 4000 1412 4080 in
1440 3997 1505 4079 die
1535 4001 1747 4107 proueniat
1776 4003 1872 4110 ipsis
1899 3992 2082 4078 monialibus

355 4029 482 4202 libere
520 4117 559 4190 &
586 4111 671 4189 sine
691 4109 811 4215 omnj
853 4134 986 4188 onere.
1030 4107 1219 4194 Medietas
1262 4137 1358 4190 vero
1401 4111 1653 4217 parochianis
1681 4114 1753 4218 qui
1781 4123 2082 4218 expensasaonno

355 4220 407 4305 ad
435 4219 733 4305 edificacionem
747 4218 1152 4300 &conseruacionem
1181 4218 1287 4299 dicte
1316 4220 1470 4328 capelle
1498 4219 1704 4300 subibunt.
1735 4221 2036 4328 presbiterrero
2050 4207 2081 4298 ,a

354 4331 518 4413 ecclesia
546 4328 857 4436 helgbawiesob
897 4328 1138 4438 officiaque
1172 4328 1370 4438 impendit
1413 4329 1562 4411 ibidem
1591 4329 1996 4438 diebus-supradietis
2015 4321 2081 4402 ulta

354 4441 443 4524 illas
471 4441 509 4520 ΙΙ
538 4439 719 4521 marchas
747 4467 849 4549 quas
877 4440 929 4519 ab
958 4440 1139 4521 indiuisis
1168 4439 1435 4548 prouentibus
1462 4439 1640 4521 eiusdem
1669 4447 1707 4520 ὃς
1738 4440 2005 4523 oblacionibus
2019 4455 2081 4540 per·

355 4551 487 4656 cipere
508 4565 775 4630 consueuerat
804 4548 856 4628 ab
900 4553 1088 4658 antiquo.
1110 4553 1225 4632 annis
1255 4552 1419 4659 singulis
1448 4551 1649 4631 marcham
1678 4554 1835 4658 argenti
1860 4537 2082 4659 ¹percipiatis

353 4674 471 4770 parte
507 4658 577 4744 ¹illa
612 4687 701 4767 que
736 4657 991 4768 parochianis
1032 4665 1221 4768 prouenit
1264 4660 1502 4768 supradietis
1544 4663 1678 4762 Quam
1721 4661 2005 4742 ordinacionem
2031 4674 2083 4760 qu⁰

355 4769 407 4852 ad
435 4769 714 4876 presbiterum,
728 4765 1005 4876 supradictum
1032 4769 1306 4852 ratificandam
1321 4773 1528 4853 dumtaxat
1549 4770 1737 4854 duximus
1751 4799 1960 4883 quousque
1984 4770 2084 4846 iterun

410 4874 603 4958 tlandiam
630 4880 790 4960 visitare
819 4877 1011 4960 debemus
1040 4885 1081 4960 ἃ
1107 4881 1223 4961 nobis
1251 4879 1420 4962 forsitan
1442 4880 1647 4963 videbitur
1675 4911 1720 4963 su
1753 4911 1796 4964 er
1823 4884 1914 4980 boc·
1928 4881 2025 4979 aliter
2035 4893 2084 4950 ‘or'

319 5075 324 5084 ,
353 4905 579 5074 libandum
607 4987 755 5071 Datum
782 5015 889 5073 anno
919 4988 1073 5076 domini
1099 4991 1320 5076 MCCLXX
1347 4994 1531 5104 septimo.
1560 5009 1676 5080 sexto
1704 4911 1797 5078 idus
1824 4992 1970 5105 aprilis.
