4398 5958
828 509 886 535 ....
988 465 1076 570 ,493
1187 510 1261 553 -.

133 712 254 796 quam
303 681 453 762 futuris
480 681 523 790 jn
557 703 809 794 perpetuum.
869 688 919 764 ln
962 685 1109 766 uestitu
1146 681 1339 767 deaurato
1374 683 1536 766 ecclesie
1577 711 1726 793 sponse
1768 684 1925 785 christi,

133 825 212 906 que
241 797 436 877 uarietate
470 797 729 878 circumdata.
770 797 920 906 sponso
949 824 1023 876 suo
1067 797 1246 904 speciosa
1274 796 1403 876 forma
1443 826 1516 905 pre
1566 797 1656 878 liliis
1701 797 1920 880 hominum.

131 905 388 1015 jn'uariabilis
429 907 662 1014 jntegritate
702 907 798 1016 fidej
816 914 872 988 .&
908 907 1111 992 soliditate
1153 909 1259 1016 spej,
1299 905 1517 988 a'dextris
1550 909 1716 990 ¹assistit.
1762 911 1923 1008 Cister-

131 1019 273 1098 ciensis
306 1015 421 1114 ordo,
450 1017 599 1099 diuinis
629 1021 878 1128 mancipatus
906 1020 1122 1128 obsequiis.
1153 1023 1192 1098 ἃ
1220 1021 1331 1127 jnter
1359 1018 1574 1127 religiones
1601 1035 1767 1116 ceteras,
1798 1021 1922 1130 glori·-
1999 1093 2003 1105 ,

131 1157 200 1209 ose
230 1130 376 1238 virgini
404 1129 685 1240 singularitate
714 1131 950 1212 deuocionis
966 1132 1173 1236 ascriptus.
1202 1159 1251 1212 ex
1279 1129 1536 1236 justitutione
1554 1132 1754 1238 primaria.
1772 1139 1921 1240 &pro-

129 1239 325 1321 fessorum
355 1241 499 1346 ipsius,
528 1257 723 1350 quantum
753 1269 802 1322 cx
832 1243 915 1321 alto
944 1241 1198 1336 conceditur,
1228 1243 1521 1348 prosecutionis
1553 1243 1750 1349 jnstancia
1781 1244 1921 1324 rutilat

127 1354 316 1447 caritate,
346 1350 492 1430 candet
521 1355 766 1434 castimonia.
795 1358 835 1432 &
864 1349 1166 1461 pulchritudine
1196 1353 1515 1431 conuersationis
1537 1354 1677 1433 elucet.
1708 1353 1841 1462 Hujus
1856 1382 1921 1434 or-

126 1462 236 1546 dinis
265 1461 428 1567 candidj
457 1463 627 1570 nazarej.
657 1463 756 1570 dictj
786 1452 974 1543 videlicet
1003 1462 1247 1571 professores
1275 1461 1448 1542 eiusdem
1480 1463 1556 1543 suh
1586 1477 1671 1543 arte
1701 1466 1949 1546 obseruan.

128 1577 186 1654 tie
215 1567 467 1654 districtione
483 1575 672 1654 viuentes.
702 1576 745 1654 in
773 1571 1243 1682 conspectueorundem.
1273 1575 1402 1681 Regis.
1436 1575 1591 1684 Regum
1620 1582 1659 1654 &
1688 1577 1839 1684 Regiae
1854 1604 1931 1657 ce··

125 1687 236 1766 lestis
265 1683 419 1792 phialas
448 1682 803 1786 odoramentorum
836 1687 975 1794 plenas
1006 1687 1049 1762 in
1079 1685 1306 1764 orationum
1328 1684 1561 1765 assiduitate
1590 1704 1822 1794 presentant
1850 1690 1933 1769 be-:

124 1797 338 1904 neplacitis
373 1794 536 1875 illorum
553 1825 626 1906 per
641 1823 765 1904 opera
782 1796 941 1905 pietatis
954 1797 1192 1903 juseruiunt.
1226 1801 1265 1874 &
1285 1797 1341 1875 sie
1357 1795 1671 1904 hospitalitatem
1687 1798 1933 1879 obseruant.¹

122 1905 241 2018 quod
269 1905 348 2015 sibj
377 1933 587 2015 pauperes,
616 1908 864 2016 pauperibus
894 1906 1059 2002 diuites,
1102 1905 1179 1985 illis
1210 1905 1397 1989 munifici.
1432 1907 1509 1987 sibi
1542 1907 1668 2016 parcj.
1713 1909 1955 1993 laboribus.
2036 1989 2048 1998 ,

121 2045 211 2098 non
241 2019 615 2126 parcuntpropriis.
645 2018 715 2098 sed
745 2020 858 2099 uictu
887 2021 929 2098 in
958 2020 1020 2097 sui
1050 2017 1187 2097 uultus
1217 2017 1362 2098 sudore
1391 2021 1560 2128 quesito.
1591 2048 1632 2099 se
1660 2020 1777 2127 tenuj
1806 2019 1919 2100 exhi·
1965 2087 1969 2094 .

119 2131 244 2225 bent,
273 2129 351 2207 illis
379 2129 626 2209 subueniunt
654 2128 947 2212 habundanter.
976 2129 1061 2208 Hec
1090 2128 1253 2237 quidem
1286 2129 1401 2209 uobis
1431 2129 1611 2209 fauorem
1627 2137 1805 2211 omnium
1821 2160 1918 2212 uen-

14 2323 27 2332 ,
119 2239 283 2335 dicant,
312 2241 384 2320 hec
415 2268 489 2320 uos
518 2237 773 2321 fauorabiles.
804 2259 915 2320 recto
930 2239 1144 2321 cuiuslibet
1172 2241 1347 2346 pectoris
1364 2240 1421 2349 pij
1450 2240 1602 2346 judicio
1624 2259 1914 2350 representant.

119 2351 238 2433 Solet
280 2351 386 2459 enjm
439 2379 577 2460 regum
607 2352 905 2460 &principum
949 2351 1200 2460 aliorumqire
1229 2351 1473 2458 ¹lllagnatum
1518 2351 1782 2434 familiaribus
1810 2357 1933 2462 ipso··

115 2491 214 2544 rum
245 2462 590 2570 contemplacione
620 2460 778 2551 deferri.
806 2466 973 2566 Quanto
1001 2464 1137 2570 itaque
1167 2461 1339 2568 amplius
1354 2462 1724 2572 tampeeuliaribus
1758 2492 1917 2546 eorum-

114 2573 225 2656 dem.
254 2575 400 2684 summj
429 2575 533 2683 regis
562 2579 601 2654 Sc
629 2577 764 2683 regine
794 2575 948 2656 celestis
978 2571 1136 2653 famulis
1159 2575 1347 2679 ipsorum
1375 2573 1558 2653 obtentu.
1590 2577 1632 2654 in
1647 2578 1725 2656 suis
1740 2577 1919 2659 est‘sub-

113 2680 366 2766 ueniendum
396 2683 718 2782 necessitatibus,
748 2691 787 2765 &
816 2683 1161 2793 oportunitatibus
1190 2684 1465 2765 assistendum.
1494 2684 1696 2778 Profecto
1723 2686 1917 2794 jmmensa

109 2789 229 2906 jnter
258 2813 488 2911 comparata
516 2796 737 2904 disparitas.
768 2825 993 2878 mensuram
1021 2796 1331 2903 comparationis
1359 2794 1589 2904 huiusmodi
1616 2825 1700 2877 non
1728 2797 1932 2879 admittit.-

108 2911 199 2990 Hee
237 2933 311 2986 nos
341 2924 505 2988 monent
537 2909 746 3003 atteneius,
774 2907 954 2990 hec-nos
982 2914 1022 2986 St
1056 2907 1200 2986 fratres
1228 2922 1387 2986 nostros
1429 2907 1646 3000 hortantur
1689 2909 1934 3018 jnstantius..

106 3019 239 3101 vobis
269 3024 309 3098 8(
337 3020 588 3100 monasteriis
603 3021 747 3098 uestris
768 3038 908 3100 contra
925 3016 1189 3127 jucidentium
1204 3015 1446 3098 decimarum
1475 3024 1514 3099 ἃ
1543 3019 1711 3100 aliarum
1737 3023 1930 3100 exactio--

103 3159 211 3213 num
232 3121 460 3237 jnsfantias,
489 3146 697 3238 oportuno
725 3130 901 3212 remedio
917 3130 1145 3239 prouidere.
1176 3127 1288 3234 Quid
1304 3129 1412 3236 enjm
1427 3158 1531 3238 opus
1551 3147 1611 3211 est
1640 3128 1930 3212 sedecima-rec
1962 3221 1971 3226 ,

101 3244 171 3326 vel
204 3267 289 3350 per
317 3261 451 3350 partes
478 3244 637 3348 exigere
666 3242 717 3323 ad
745 3240 1004 3323 seruiendum
1033 3241 1177 3323 exinde
1206 3239 1388 3336 domino,
1418 3270 1498 3351 que
1526 3243 1759 3350 ipsiussunt
1787 3246 1914 3324 serui·

98 3356 176 3439 ciis
209 3354 398 3434 totaliter
427 3353 631 3460 deputata.
662 3354 843 3464 ideoque
872 3353 924 3434 de
953 3357 1132 3464 ipsorum
1160 3352 1331 3433 fratrum
1359 3369 1592 3433 nostrorum
1621 3355 1800 3437 consilia.
1829 3383 1932 3435 vos*

96 3469 374 3548 Monasteria.
405 3483 619 3574 ceteraque
650 3465 814 3546 loca&
844 3467 948 3568 bona
978 3464 1156 3545 eiusdem
1184 3463 1356 3558 ordinis,
1392 3492 1438 3544 ac
1468 3465 1600 3571 ipsum
1630 3466 1831 3562 ordinem,
1861 3468 1911 3546 ab

101 3603 256 3660 onere·
273 3575 505 3671 cuiuslibet,
536 3578 748 3684 repentine
776 3603 823 3655 ae
852 3574 1171 3662 extraordinarie
1200 3575 1352 3658 decime
1381 3603 1450 3654 scu
1479 3575 1653 3680 alterius
1689 3580 1911 3658 exactionis

100 3688 345 3783 eximimus,
376 3686 596 3766 districtius
624 3687 872 3794 jnhibentes,
903 3687 1018 3767 vobis
1047 3685 1218 3768 dictisue
1247 3688 1505 3768 monasteriis.
1532 3688 1642 3768 ¹locis
1671 3706 1740 3767 aut
1774 3688 1909 3785 bonis,
2003 3693 2004 3698 ’

98 3797 305 3885 decetero
333 3797 565 3906 huiusmodj
594 3797 787 3879 decimam
817 3803 856 3878 &
884 3800 1153 3893 exactionem,
1183 3823 1441 3908 quocumque
1469 3802 1632 3878 nomine
1661 3817 1908 3898 censeantur,

96 3911 285 4022 jmponj.
315 3925 386 3988 aut
413 3909 669 4016 jmponendis
687 3911 727 3989 in
751 3925 967 4016 posterum.
996 3909 1365 4019 quantumcumque
1395 3910 1644 4017 generaliter.
1673 3909 1933 4018 subquauis·

94 4028 239 4109 forma
275 4020 339 4100 vel
354 4022 610 4127 expressione
639 4022 869 4118 verborum,
886 4050 906 4100 a
923 4021 1039 4102 vobis
1066 4022 1184 4129 exigi.
1214 4020 1278 4100 vel
1309 4046 1381 4098 uos
1410 4049 1531 4128 super
1547 4019 1623 4099 illis
1652 4020 1932 4128 aliquatenusss

94 4133 331 4219 molestari.
363 4133 633 4212 Decernentes
647 4161 806 4214 exnunc
836 4160 996 4212 omnem
1024 4131 1268 4212 sentenciam
1289 4133 1572 4238 suspensionis.
1603 4131 1809 4240 jnterdictj
1837 4159 1934 4213 seu·

91 4243 557 4332 excommunicacionis.
586 4245 629 4323 iu
657 4243 741 4324 vos.
771 4243 1023 4325 Monasteria.
1052 4245 1172 4323 Loca.
1204 4241 1267 4346 vel
1297 4241 1404 4322 bona
1420 4241 1612 4352 predicta.
1646 4261 1813 4352 propter
1831 4244 1908 4323 hoc
1941 4257 1944 4268 ¹

91 4381 375 4474 quacumque
404 4355 646 4434 auctoritate
669 4357 808 4450 latam.
840 4357 994 4436 irritam
1036 4359 1075 4435 8c
1102 4355 1275 4461 joanem.
1308 4381 1353 4434 ae
1381 4355 1538 4435 uiribus
1567 4357 1730 4434 omnino
1759 4383 1932 4435 carere·

90 4469 221 4556 Nulli
255 4493 355 4574 ergo
385 4470 458 4547 &e
486 4483 622 4549 nostre
651 4469 940 4574 exempcionis,
970 4466 1229 4575 jnhibicionis
1259 4467 1624 4545 &constitutionis
1653 4469 1727 4546 &c
1758 4468 1933 4546 Datum·

89 4579 307 4693 Lugduni
338 4604 411 4683 per
433 4603 593 4656 manum
608 4579 787 4686 Magistri
804 4579 1033 4685 Lanfrancj,
1062 4575 1337 4682 archidiaconj
1360 4578 1630 4685 pergamensis
1658 4595 1793 4658 sancte
1824 4580 1905 4659 Ro·
1952 4574 1955 4592 ’

88 4719 222 4778 mane
258 4687 444 4782 ecclesie,
472 4691 803 4798 vicecancellarii.
836 4693 964 4772 Nonis
993 4688 1142 4796 aprilis.
1173 4686 1415 4767 indictione.
1454 4690 1558 4769 lll:a.
1611 4689 1905 4770 incarnacione

85 4801 332 4894 dominice,
361 4802 491 4877 Anno.
521 4799 892 4899 bl⁰.CC⁰.LXXV⁰,
922 4799 1190 4911 pontificatus·
1209 4825 1324 4894 vero,
1360 4799 1522 4880 Domini
1552 4799 1760 4908 Gregorij,
1790 4817 1906 4912 pape,

86 4913 270 5022 decimj.
303 4911 425 4990 Anno
453 4928 608 5018 quarte.
