4406 5966
816 343 901 426 ..⁷
986 365 1067 474 679
1111 329 1137 394 Ἰ
1180 409 1233 437 ..-

133 746 140 762 Ι
338 697 341 707 ,
422 603 725 749 Tillegg:
777 597 1139 747 Fdrbigctrtgne
1179 597 1270 706 och
1313 597 1618 755 Odoterade.
1729 729 1733 737 ἴ

25 915 29 924 .
129 841 259 946 820.
751 832 903 1003 ((58
948 830 998 936 d.
1049 831 1121 940 28
1168 831 1297 940 Nov.
1559 777 1563 786 ·
1684 832 1916 940 Laterau.

203 1057 294 1124 Pdsv.
315 1058 498 1122 Aumrssms
519 1053 591 1118 Νι(
611 1051 779 1118 Skrisvelse
799 1054 848 1117 till
869 1046 1059 1138 Biskopurua
1079 1051 1238 1203 ime
1269 1052 1341 1116 med
1367 1055 1559 1140 uppmaning
1580 1065 1628 1118 att
1648 1057 1783 1138 ialttega
1801 1052 1843 1118 de
1863 1053 1916 1115 vid

255 1140 465 1225 Kyrlomiitet
485 1138 523 1202 al
539 1139 674 1220 Legnteu
694 1139 849 1205 Nicotaus
879 1138 1061 1199 Amareis
1091 1137 1111 1199 f
1185 1145 1191 1158 ‘

256 1224 356 1288 samle
376 1221 438 1286 och
458 1221 506 1285 till
527 1219 609 1285 Rom
630 1219 813 1284 &frenanda
833 1219 879 1283 Stt
895 1217 1184 1305 Peterspenniugeu.

1576 1301 1612 1359 tt
1631 1319 1658 1374 y.
1678 1301 1782 1374 12:93.

290 1442 525 1521 Anastasius
554 1440 799 1550 Episcopus,
827 1466 966 1520 servus
996 1465 1205 1519 servorum
1242 1438 1335 1535 Dei,
1376 1436 1676 1519 venerabilibus
1704 1438 1917 1547 Episcopis

124 1551 292 1648 Sveeiae,
320 1550 489 1630 salutem
523 1557 562 1632 8(
590 1549 862 1660 Apostolicam
896 1547 1233 1630 benedictionem.
1270 1545 1521 1645 Gaudemus,
1557 1548 1702 1656 fratres
1731 1550 1916 1631 charissi-

121 1665 197 1759 mi,
225 1666 265 1742 8(
293 1661 561 1770 omnipotenti
592 1662 678 1743 Deo
707 1659 949 1742 exsolvimus
980 1662 1200 1772 gratiarum
1230 1660 1426 1756 actiones,
1454 1659 1550 1770 quia
1571 1659 1808 1768 promissam
1823 1661 1919 1742 olim
2022 1675 2026 1679 ’

123 1776 167 1855 in
197 1771 295 1854 lines
324 1774 435 1855 orbis
463 1789 663 1854 terrarum
692 1771 912 1853 Ecclesiam
941 1769 1020 1879 jam
1036 1769 1217 1852 videmus
1246 1769 1481 1867 exhibitam,
1511 1775 1551 1849 8(
1580 1768 1739 1852 vineam
1757 1771 1919 1853 Domini

122 1882 303 1966 Sebaoth
318 1884 374 1963 ita
391 1885 591 1966 cernimus
606 1883 831 1979 dilatatam,
860 1899 907 1962 ut
929 1910 1040 1963 nunc
1069 1911 1209 1964 revera
1224 1879 1411 1965 videatur
1426 1880 1656 1991 impletum,
1684 1879 1798 1990 quod
1813 1882 1918 1964 mul·

94 2012 165 2102 ‚to
195 2011 288 2076 ante
317 1997 372 2075 ait
401 1997 605 2103 Propheta
633 1992 788 2077 dicens:
817 1992 1011 2075 Extendit
1040 1994 1222 2102 palmites
1251 2020 1345 2073 suos
1374 2019 1504 2104 usque
1539 1991 1592 2078 ad
1621 2019 1753 2091 mare,
1784 1999 1825 2074 8(
1852 2021 1918 2076 us·
1952 2063 1957 2070 .

151 2135 201 2186 ue
232 2103 283 2187 ad
312 2104 736 2215 flumenpropagines
765 2105 862 2214 ejus.
893 2104 1211 2187 Praedicantibus
1239 2101 1438 2215 siquidem
1474 2103 1681 2213 Apostolis
1709 2103 1917 2202 nimirum,

120 2135 250 2298 lidelis
278 2216 455 2326 populus
484 2214 667 2327 quotidie
698 2218 872 2296 Domino
901 2232 1139 2326 generatur,
1154 2219 1208 2296 ¹&
1237 2216 1382 2296 sterilis
1412 2217 1525 2296 alvus
1553 2244 1644 2326 quae
1672 2241 1758 2297 non
1786 2217 1919 2325 parie-

119 2328 214 2424 bat,
243 2329 299 2408 ita
327 2328 521 2408 naturalis
551 2327 655 2409 filius
692 2344 884 2436 augetur,
927 2343 974 2406 ut
1000 2328 1115 2437 juxta
1157 2353 1296 2407 vocem
1325 2329 1466 2410 Psaltae
1492 2328 1537 2406 in
1566 2353 1726 2407 omnem
1769 2344 1920 2411 terram

119 2439 265 2522 exiisse
296 2436 483 2519 videatur
519 2466 641 2520 sonus
675 2437 984 2546 Apostolorum,
1030 2443 1071 2518 8(
1098 2438 1141 2517 in
1170 2439 1268 2518 lines
1296 2437 1550 2524 orbisterrac
1593 2438 1718 2519 verba
1755 2466 1916 2540 eorum;

122 2550 251 2654 Quod
280 2551 470 2633 nimirum
503 2579 553 2632 ex
581 2549 659 2630 hoc
688 2547 896 2630 evidenter
937 2547 1059 2632 datur
1087 2548 1271 2659 intelligi,
1300 2550 1413 2659 quod
1442 2550 1675 2630 commissus
1717 2550 1921 2659 guberna·

1218 1136 1259 1199 da
1278 1134 1403 1219 stadgar
1423 1159 1465 1201 m.
1484 1157 1537 1219 m,
1558 1148 1637 1202 samt
1657 1149 1702 1201 att
1723 1139 1842 1220 trbgen
1863 1140 1914 1199 iu·
2042 1181 2046 1188 ·

18 2751 20 2758 ,
118 2664 224 2745 tioni
252 2679 395 2742 vestrae
424 2661 599 2771 populus
627 2659 677 2741 de
705 2660 853 2741 finibus
881 2675 999 2740 terrae
1028 2661 1174 2742 clamat
1202 2658 1255 2741 ad
1285 2660 1518 2759 Dominum,
1547 2666 1585 2742 8(
1614 2662 1826 2770 gentilium
1855 2691 1917 2744 re·
1985 2683 1989 2691 ’
2048 2660 2053 2677 '
2128 2763 2131 2770 Α

24 2873 35 2884 .
118 2771 233 2870 tibus
262 2770 481 2869 derelictis,
511 2773 554 2852 in
583 2772 843 2881 perceptione
871 2771 1067 2852 doetrinae
1095 2770 1338 2883 Apostolicae
1366 2773 1578 2881 gloriatur.
1609 2771 1782 2855 Rediens
1796 2775 1921 2884 siqui·

120 2881 216 2964 dem
251 2882 303 2965 ad
332 2883 606 2993 Apostolicam
636 2882 770 2965 sedem
803 2884 1043 2964 venerabilis
1062 2883 1184 2965 srater
1199 2900 1335 2965 noster
1356 2883 1548 2966 Nicolaus
1568 2883 1805 2966 Albanensis
1822 2887 1920 2996 Epi·

118 3023 288 3104 scopus,
317 2994 488 3077 eundem
518 2996 717 3104 populum
745 2997 915 3076 verbum
943 2996 1105 3077 Domini
1136 2995 1186 3077 de
1215 3025 1285 3077 ore
1313 3024 1387 3077 suo
1430 2994 1606 3076 libenter
1634 2997 1830 3105 recepisse
1859 3023 1920 3077 as·
1962 3062 1969 3078 .
2110 3073 2120 3086 ,

119 3109 270 3207 seruit,
302 3109 353 3187 Et
381 3124 463 3186 tam
492 3134 564 3187 vos
592 3135 713 3218 quam
747 3107 977 3188 universum
1017 3107 1234 3218 populum,
1276 3106 1387 3188 illam
1417 3109 1453 3188 ei
1482 3106 1769 3204 reverentiam,
1811 3104 1919 3189 illam

121 3216 381 3300 devotionem
409 3224 450 3297 8(
478 3213 767 3315 obedientiam,
797 3246 888 3330 quae
910 3220 1071 3327 Legatis
1100 3218 1203 3302 sedis
1231 3217 1494 3327 Apostolicae,
1524 3246 1601 3327 pro
1627 3219 1919 3328 Apostolorum

116 3333 384 3411 veneratione
412 3329 603 3426 debetur,
632 3332 880 3411 unanimiter
908 3328 1162 3439 impendisse.
1197 3329 1316 3412 Unde
1345 3347 1502 3441 quanto
1528 3329 1634 3413 idem
1664 3331 1840 3440 populus
1869 3331 1920 3413 ad

114 3438 371 3525 audiendum
399 3440 568 3521 verbum
599 3442 763 3525 Domini
791 3469 833 3522 se
863 3443 1153 3551 promptiorem
1168 3441 1370 3540 exhibuit,
1399 3448 1439 3523 8(
1459 3439 1662 3528 ¹doctrinae
1677 3441 1922 3568 Apostolicae
2051 3490 2059 3500 ·

109 3550 574 3650 ‚avidiorem.ostendit,
610 3569 727 3633 tanto
755 3579 829 3632 nos
857 3555 1051 3633 attentius
1094 3552 1314 3635 eruditioni
1343 3559 1383 3633 8(
1410 3553 1691 3635 informationi
1731 3581 1819 3661 eJus
1848 3555 1921 3632 im-

120 3667 276 3752 minere
305 3692 461 3772 semper
491 3681 686 3772 optamus.
716 3665 768 3744 Et
794 3663 988 3773 quoniam
1017 3665 1230 3773 praesentia
1258 3664 1462 3774 corporali
1491 3694 1574 3748 non
1598 3693 1830 3773 possumus,
1860 3665 1919 3741 al'-
1965 3665 1985 3760 j

122 3777 236 3860 fectu
264 3780 305 3856 8(
333 3775 459 3855 literis
495 3801 587 3853 eum
617 3775 802 3854 volumus
831 3775 1004 3857 visitare.
1063 3778 1325 3885 Quapropter
1354 3782 1394 3856 8(
1426 3804 1535 3858 nuno
1578 3777 1635 3856 eis
1676 3773 1919 3884 Apostolicae
2000 3842 2005 3849 .

124 3885 420 3970 benedictionis
448 3884 672 3995 alloquium
700 3914 774 3994 per
816 3885 965 3993 scripta
1007 3904 1147 3966 nostra
1190 3889 1516 3983 transmittimus,
1550 3893 1590 3967 8(
1619 3885 1671 3967 de
1712 3882 1918 3986 servandis

122 4002 203 4098 his,
233 4027 323 4108 quae
353 3999 459 4078 inter
488 4024 560 4077 vos
587 3995 845 4105 supradictus
872 3997 999 4080 frater
1027 4012 1164 4078 noster
1191 3997 1383 4094 instituit,
1411 3997 1559 4080 nostris
1588 3997 1713 4078 literis
1729 3994 1919 4076 admone-

123 4139 224 4194 mus.
254 4111 316 4191 Ne
345 4109 486 4220 igitur,
515 4104 629 4219 quod
659 4109 767 4188 Deus
795 4125 968 4200 avertat,
997 4104 1038 4188 id
1066 4107 1224 4190 accidat
1258 4108 1365 4188 inter
1399 4137 1485 4203 eos,
1528 4107 1641 4219 quod
1669 4105 1791 4188 deflet
1820 4109 1917 4186 Pro·

124 4224 245 4331 pheta
274 4219 427 4302 dicens:
458 4217 605 4327 Populi
633 4221 837 4328 petierunt
869 4247 1013 4327 panem
1035 4223 1083 4299 8(
1111 4247 1195 4300 non
1238 4233 1326 4298 erat
1367 4220 1441 4328 qui
1469 4217 1675 4328 frangeret
1722 4219 1797 4317 eis,
1839 4215 1920 4297 fre-

126 4359 255 4444 quens
283 4331 514 4414 exhortatio
543 4347 676 4411 vestra
705 4359 787 4410 non
817 4331 935 4426 desit,
964 4345 1010 4409 ut
1038 4333 1082 4409 in
1110 4329 1369 4411 veneratione
1412 4331 1685 4412 Sacrosauetae
1726 4329 1918 4408 Romanae

124 4442 314 4526 Ecclesiae
345 4442 451 4524 sicut
478 4441 582 4522 bene
610 4458 841 4552 coeperunt,
866 4440 1130 4522 'immobiliter
1159 4457 1433 4551 perseverent,
1463 4449 1501 4522 8(
1530 4439 1690 4522 devotis
1719 4437 1917 4520 mentibus
1975 4477 1980 4486 ·

124 4581 172 4638 ac
202 4553 338 4637 studio
364 4547 592 4635 incessabili
619 4551 843 4663 supradicti
872 4553 1008 4634 fratris
1036 4553 1166 4632 nostri
1194 4553 1504 4635 constitutiones
1516 4550 1744 4634 observent.
1773 4553 1918 4630 Atten-

124 4666 230 4762 dite,
259 4665 452 4776 quoniam
479 4662 753 4771 speculatores
782 4663 866 4746 dati
894 4665 988 4745 estis
1019 4661 1157 4746 domui
1192 4662 1336 4762 lsrael,
1378 4661 1479 4745 tuba
1506 4665 1557 4746 sit
1585 4665 1629 4744 in
1657 4681 1821 4772 gutture
1851 4689 1918 4743 ve·
2008 4755 2013 4766 Ι

125 4792 211 4857 stro
240 4782 280 4856 8(
307 4803 390 4856 non
418 4771 522 4856 detis
550 4774 751 4856 silentium
780 4777 838 4876 ei3
866 4775 1121 4857 Annunciate
1149 4773 1306 4885 populo
1337 4774 1591 4886 Dei-scelera
1618 4802 1774 4870 eorum,
1804 4800 1855 4852 ne
1885 4776 1918 4855 si
2046 4843 2060 4887 ,ἶ

124 4885 232 4969 forte
260 4914 346 4967 non
373 4885 716 4970 annunciaierltis
744 4887 869 5000 impio
898 4887 1153 4998 iniquitatem
1181 4913 1313 4986 suam,
1342 4888 1429 4997 ipse
1457 4886 1620 5000 quidem
1651 4887 1848 4968 moriatur
1874 4886 1918 4965 in
2015 4983 2021 5011 Ι
