4398 5958
846 387 1264 478 -505-

144 624 319 766 607.·
459 620 535 775 ,ι’
802 565 843 636 “’
956 621 1123 764 1276.

220 840 356 921 Konung
377 827 509 903 Maerens
531 839 571 902 Its
590 813 781 923 privilegio*
794 837 844 904 aa·
865 841 944 922 biga
965 841 1099 929 borgare
1120 850 1165 905 att
1185 809 1333 904 bandlai
1354 815 1490 922 Sverige.
1556 823 1585 974 K'
1609 926 1663 975 Η
1690 923 1750 995 Q
1769 925 1798 992 ἢ
1922 885 1929 900 .

305 1058 477 1138 micros
508 1058 583 1138 Dei
612 1059 738 1166 gratia
767 1059 853 1140 Rex
881 1060 1180 1148 Sueoruu1‚&e.
1211 1061 1337 1141 Nosse
1365 1059 1551 1139 volumus
1569 1053 1933 1146 universosetsim

137 1170 272 1278 gulos,
302 1166 414 1278 quod
443 1195 516 1248 nos
546 1165 599 1252 ad
631 1169 861 1250 instantiam
890 1172 1096 1277 petitionis
1125 1171 1263 1252 dilecti
1290 1168 1409 1249 nobis
1437 1169 1574 1250 fratris
1617 1173 1774 1253 Ernesti
1802 1175 1929 1282 Magi·

137 1284 209 1364 stri
240 1283 392 1360 Domus
421 1277 684 1358 Theutonicae
712 1278 762 1361 de
790 1281 961 1360 Livonie
990 1282 1262 1388 Burgeusibus
1290 1278 1341 1361 de
1368 1281 1471 1386 Riga
1510 1281 1628 1360 talem
1670 1281 1852 1364 dedimus
1881 1285 1927 1364 li·

137 1394 356 1491 bertatem,
386 1390 503 1469 utin
532 1389 661 1498 Regni
691 1391 818 1470 nostri
847 1389 1048 1498 partibus,
1077 1420 1169 1473 cum
1198 1391 1295 1472 illuc
1310 1393 1586 1498 pervenerint,
1615 1411 1747 1474 emant
1762 1412 1814 1474 et
1829 1425 1925 1478 ven·

137 1504 235 1585 dant
263 1517 303 1581 et
331 1504 463 1582 sinte
492 1499 691 1579 'thelonio
718 1515 761 1578 et
789 1500 841 1581 ab
869 1502 979 1580 omni
1009 1502 1211 1583 solutione
1255 1500 1404 1607 injusta
1447 1500 1565 1580 liberi
1592 1519 1632 1581 et
1660 1507 1808 1600 securi,
1852 1509 1928 1588 hoe

137 1614 267 1693 solum
296 1626 485 1719 excepto,
513 1611 547 1689 si
574 1604 658 1691 Nos
681 1611 934 1727 'quandoque
964 1628 1133 1718 propter
1161 1615 1435 1694 necessitatem
1463 1626 1582 1692 terrae
1610 1629 1759 1694 nostrae
1791 1609 1925 1727 aliqua
2052 1629 2077 1708 f
2121 1663 2123 1667 ·

136 1727 179 1804 in
207 1723 335 1804 Terra
364 1735 504 1802 nostra
531 1720 574 1799 in
606 1723 807 1827 emptione
835 1741 877 1803 et
903 1720 1136 1804 venditione
1164 1724 1368 1806 observari
1404 1723 1700 1830 praeeipiamus‚
1746 1727 1857 1835 quod
1887 1745 1927 1809 et

2 1857 6 1864 ·
135 1835 294 1944 prael'ati
322 1833 543 1940 Burgenses
582 1833 694 1912 velut
737 1831 795 1910 illi
823 1833 873 1916 de
918 1830 1135 1913 Gotlandia
1164 1840 1204 1915 8(
1230 1832 1398 1918 Lubelre
1441 1831 1558 1918 simili
1602 1833 1723 1924 modo
1752 1857 1923 1920 servent.

136 1949 285 2027 Datum
316 1944 467 2024 Arusiae
495 1950 610 2023 Anno
642 1945 802 2026 Domini
829 1943 1111 2031 MCCLXXVI
1140 1973 1249 2034 anno
1279 1943 1408 2059 Regni
1438 1945 1566 2023 nostri
1594 1945 1738 2062 primo.
1821 2033 1827 2041 ,

137 2334 270 2441 608.
954 2343 1120 2484 1276.

81 2619 89 2628 ,
215 2555 323 2620 Srooes
344 2556 391 2620 till
412 2557 546 2640 Ljnnom
567 2555 628 2620 och
649 2556 716 2620 dese
737 2557 802 2620 Fru
823 2558 997 2624 Cartennas
1019 2562 1214 2624 Testamente
1235 2562 1273 2623 al‘
1288 2561 1420 2645 Ljuoom
1441 2563 1488 2626 till
1510 2561 1650 2624 Almana
1671 2561 1795 2624 kloster.

924 2681 926 2689 ⁴
1579 2675 1791 2731 bonnm

299 2810 350 2888 ln
377 2809 538 2888 nomine
566 2823 701 2888 sancte
730 2813 769 2889 &
798 2809 1008 2919 indiuiduo
1038 2812 1230 2893 trinitatis
1259 2813 1345 2920 Ego
1374 2839 1449 2919 syg
1477 2839 1502 2891 o
1532 2801 1582 2892 de
1606 2801 1778 2909 lirunom
1802 2839 1921 2893 vxor·
2008 2841 2012 2846 ·

130 2948 210 3030 que
239 2948 327 3000 mea
368 2919 533 2998 cristina
575 2918 914 2999 consideracionis
948 2924 1097 3002 intuitu
1134 2841 1486 3030 perpendenteslr

1488 2925 1578 3004 uius
1606 2920 1730 3003 seculi
1773 2938 1921 3002 statum
2047 2937 2053 2956 '

131 3033 173 3110 in
204 3028 377 3112 deterius
406 3029 554 3110 cotidie
583 3032 815 3138 permutari.
853 3034 1020 3113 seientes
1050 3035 1175 3113 eciam
1204 3027 1406 3114 incertam
1429 3031 1513 3112 lore
1557 3031 1724 3111 cuilibet
1758 3033 1919 3112 mortali
2055 3101 2057 3107 .

41 3143 50 3150 “
128 3169 201 3222 sue
231 3141 457 3222 vocacionis
486 3139 638 3219 horam.
670 3148 709 3220 8(
738 3139 947 3223 eredentes
975 3145 1142 3222 firmiter
1170 3143 1477 3224 elemosinarum
1506 3143 1727 3249 largicione
1755 3157 1920 3249 peccata
2044 3235 2054 3242 ,

128 3269 266 3334 nostra
297 3278 412 3361 posse
441 3248 587 3358 redimj
617 3267 899 3332 testamentum
927 3270 1109 3346 nostrum
1140 3253 1216 3334 sub
1246 3254 1320 3334 bac
1349 3254 1479 3332 forma
1503 3254 1713 3334 statuimus
1728 3252 1921 3333 ordinan-

128 3363 238 3444 dum.
268 3363 334 3443 Ad
361 3361 555 3441 honorem
586 3361 760 3470 gloriose
790 3362 855 3442 dei
883 3366 1088 3472 genitricis
1117 3369 1156 3442 8(
1185 3393 1340 3472 semper
1369 3365 1534 3472 virginis
1564 3365 1686 3442 marie
1730 3359 1918 3444 Claustro

127 3475 179 3556 de
208 3474 386 3554 aluastro
414 3474 565 3553 curiam
595 3490 773 3553 nostram
802 3474 845 3551 in
875 3474 1115 3581 occidentalj
1146 3475 1315 3573 liranum
1344 3504 1434 3555 cum
1470 3475 1657 3556 omnibus
1690 3476 1918 3555 attinenciis
1952 3542 1959 3558 .
2039 3545 2046 3559 .

126 3585 346 3666 mobilibus
376 3589 415 3662 8(
442 3575 715 3663 immobilibus
744 3582 793 3662 ad
823 3585 1046 3666 subsidium
1077 3584 1815 3668 monachorumibidemdominodeo
1836 3614 1917 3666 ser·

128 3699 331 3777 uieucium
375 3694 494 3800 legali
521 3693 746 3774 donacione
775 3693 1019 3775 conferimus
1048 3697 1087 3774 iu
1119 3698 1297 3804 presenti
1331 3697 1430 3775 iure·
1463 3710 1661 3803 perpetuo
1710 3693 1916 3803 possiden·
1950 3741 1958 3756 ·

127 3807 232 3887 dam.
262 3808 357 3886 illuc
372 3805 505 3884 locum
528 3820 664 3884 nostre
679 3802 871 3910 eligentes
887 3806 1105 3914 sepulture,
1134 3809 1198 3885 lta
1214 3821 1347 3896 tamen
1363 3807 1476 3915 quod
1491 3803 1592 3911 dictj
1608 3804 1752 3885 fratres
1780 3806 1914 3887 debita
2021 3801 2031 3814 ’

126 3935 266 3998 nostra
296 3916 444 4027 quibus
474 3915 644 4022 obligatj
659 3919 1041 4023 sumuspersoluent
1057 3945 1133 4024 pro
1149 3915 1310 3997 duobus
1338 3917 1554 3997 octonariis
1582 3917 1747 4022 grangie
1775 3944 1915 4024 supra-

124 4029 245 4110 dicte.
274 4042 497 4108 statuentes
527 4027 693 4106 firmiter
723 4027 834 4134 quod
864 4027 1029 4106 anullo
1065 4027 1260 4108 heredum
1302 4043 1533 4106 nostrorum
1577 4041 1670 4134 post
1711 4023 1915 4107 decessum

124 4156 308 4220 nostrum
340 4167 412 4248 per
441 4137 666 4242 generalem
694 4139 832 4220 mortis
862 4136 1138 4222 condicionem
1168 4137 1339 4220 donacio
1379 4153 1520 4222 nostra
1546 4137 1730 4244 superius
1759 4136 1862 4216 facta
1892 4165 1914 4216 a

124 4252 376 4361 possessione
405 4247 504 4330 dieti
533 4247 704 4354 Cenobij
734 4245 863 4355 'possit
908 4248 1028 4332 modo
1063 4249 1199 4356 aliquo
1241 4246 1435 4353 reuocarj.
1479 4246 1556 4326 nisi
1598 4273 1672 4325 nos
1701 4247 1742 4331 iu
1771 4240 1917 4356 diebus

126 4363 275 4444 nostris
304 4358 523 4444 secundum
554 4375 732 4440 nostram
763 4363 801 4444 &
830 4361 1007 4467 ipsorum
1038 4358 1232 4439 redimere
1260 4357 1557 4443 decreuerimus
1572 4358 1738 4468 parilem
1769 4356 1913 4466 volun·

121 4489 258 4555 tatem.
289 4473 329 4552 Si
358 4471 449 4580 quis
476 4497 574 4550 vero
603 4469 839 4554 temeritatis
865 4498 937 4553 seu
967 4471 1120 4550 malicie
1149 4483 1337 4576 pretextu
1359 4467 1569 4550 infirmare.
1600 4467 1678 4552 hoc
1700 4484 1912 4552 testamen·

122 4603 211 4666 tum
241 4601 422 4662 nostrum
452 4581 625 4661 voluerit
652 4583 1069 4666 excommunicacione
1084 4578 1151 4685 dej
1170 4580 1295 4686 patris
1308 4577 1595 4686 omnipotentis
1624 4583 1911 4664 &sanctorum
1984 4603 1989 4615 ·

123 4697 301 4776 omnium
331 4692 499 4771 feriatur
527 4698 566 4772 8(
593 4720 684 4770 cum
713 4691 844 4800 impiis
859 4692 902 4774 in
917 4691 982 4772 die
998 4690 1136 4797 iudicij
1153 4689 1349 4797 percipiat
1357 4691 1608 4798 porcionem.
1637 4689 1762 4769 Cuius
1778 4688 1837 4798 rej
1852 4705 1910 4767 te-

165 4939 190 5014 *)
212 4932 406 5012 ’'Originalet
427 4931 521 4994 linnes
544 4932 553 4990 i
575 4930 670 5020 llige,
692 4930 852 4999 morinen
873 4942 907 4994 dr
929 4930 1180 4999 communicerad
1201 4929 1238 4995 uf
1254 4917 1449 5028 Langebekl'
1479 4943 1483 4952 '
1658 5009 1707 5107 64

152 5105 162 5118 ,
255 5047 443 5119 ΜΒΜΜ
569 5107 572 5114 ,
