4368 5950
854 415 1399 594 -u-'ffin-

303 711 472 884 propter
500 684 701 794 novellam
730 691 1090 799 plantationem&
1118 691 1300 800 ejusdem
1325 691 1503 800 regionis
1530 690 1740 776 hominum
1768 694 2015 802 pertinaciam
2027 725 2064 786 ac

301 805 383 910 ,oei
407 805 527 888 etiam
554 803 835 912 intemperiem
862 801 1015 885 electus
1043 802 1193 886 ibidem
1221 833 1307 888 non
1335 801 1388 886 ad
1431 805 1627 884 honorem
1669 820 1895 914 assumptus
1921 803 1986 893 sed
2010 835 2066 890 ex·
2157 875 2160 886 .

300 917 457 1026 positus
484 915 685 1020 martyrio
710 928 934 1021 reputetur,
963 915 1099 999 nullus
1126 914 1211 996 fere
1253 912 1307 995 ad
1349 914 1457 996 illius
1485 916 1663 1024 regimen
1703 913 1807 1006 sedit
1837 916 1981 1025 aspirat
2005 923 2067 1000 uisi
2151 929 2160 976 t

299 1027 371 1138 qui
400 1025 529 1114 divini
561 1023 677 1106 verbi
706 1023 793 1107 zelo
821 1039 1046 1106 succensus·
1065 1027 1151 1134 pati
1178 1041 1344 1133 exoptat
1377 1055 1455 1134 pro
1492 1026 1644 1114 Christi
1680 1029 1843 1111 nomine
1878 1029 2067 1116 cruciatus

299 1139 452 1220 Verum
479 1165 573 1219 cum
599 1136 663 1216 vir
691 1133 858 1243 quidam
887 1136 1086 1234 moribus,
1116 1153 1164 1216 ut
1192 1137 1354 1232 asseris,
1372 1134 1421 1217 8(
1448 1155 1563 1219 aetate
1592 1153 1775 1219 maturus
1803 1144 1845 1222 8ι
1872 1138 2068 1226 scientia&

299 1248 531 1330 virtutibus.
548 1243 775 1355 redimitus,
789 1246 862 1372 qui
877 1253 1046 1356 propter
1060 1246 1227 1330 verbum
1246 1246 1339 1343 Dei,
1354 1246 1469 1357 quod
1486 1247 1639 1356 populo
1656 1247 1715 1331 illi
1729 1239 1973 1358 aliquandiu
1983 1277 2068 1358 pra·

300 1358 461 1452 dicavit,
490 1355 630 1436 abeis
659 1355 778 1463 plura
805 1385 887 1464 Jam
916 1357 1106 1440 sustinuit
1135 1357 1293 1469 piacula
1320 1359 1565 1465 passionum,
1594 1356 1646 1440 ad
1662 1359 1770 1468 illius
1785 1358 1967 1440 Ecclesiae
1977 1365 2068 1468 'regi-

299 1494 394 1550 men
421 1470 480 1562 sit-
501 1483 687 1564 vocatus,
718 1483 766 1545 ut
793 1468 850 1548 sie
876 1471 1012 1576 praesit
1046 1473 1228 1578 aspirans
1271 1467 1324 1549 ad
1364 1467 1474 1575 illud
1510 1469 1624 1578 quod
1660 1471 1786 1580 magis
1821 1487 2070 1579 consequatur
2159 1537 2160 1542 a

300 1581 539 1684 martyrium
567 1601 690 1686 quam
719 1577 933 1674 honorem,
961 1580 1058 1687 ipsi„
1085 1607 1137 1660 ex
1158 1607 1209 1660 eo
1243 1577 1359 1690 quod
1394 1606 1478 1659 non
1509 1597 1570 1661 est
1597 1579 1648 1666 de
1678 1581 1859 1688 legitimo
1887 1583 2070 1664 matrimo-
2159 1623 2160 1628 Ν

300 1692 372 1772 nio
400 1707 533 1786 natus,
562 1689 649 1770 sine
678 1687 840 1768 lieentia
867 1705 1015 1772 nostra
1035 1719 1180 1780 munus
1210 1690 1524 1772 consecrationis
1539 1679 1770 1800 impendere
1784 1691 1960 1774 noluisti.
1988 1696 2071 1776 Cum
2158 1707 2160 1768 t

300 1802 426 1908 igitur
467 1825 617 1908 urgens
659 1815 849 1906 exposcat
891 1803 1105 1882 necessitas
1133 1808 1172 1882 &
1200 1799 1363 1881 evidens
1391 1800 1547 1882 utilitas
1576 1801 1619 1884 id
1647 1805 1841 1912 requirat,
1872 1803 1985 1884 nobis
2010 1803 2072 1882 bu·
2159 1793 2160 1862 ἶ

302 1907 714 2018 militer·supplicasti
742 1927 789 1989 ut
819 1938 911 1991 oum
939 1937 989 1989 eo
1010 1911 1243 2021 dispensare
1274 1910 1586 1995 misericorditer
1608 1912 1880 2021 dignaremur.
1909 1915 1988 1994 Nos
2012 1913 2073 2021 igi·

301 2039 370 2108 tur
398 2023 479 2102 tuis
507 2020 850 2129 postulationibus
877 2020 1078 2118 inclinati,
1107 2051 1181 2131 per
1210 2020 1433 2131 apostolica
1460 2025 1610 2132 scripta
1628 2021 1866 2106 mandemus
1895 2039 2074 2134 quatenus

301 2133 336 2214 si
363 2151 424 2213 est
451 2132 526 2228 ita,
555 2159 648 2212 eum
675 2157 725 2210 eo
753 2133 840 2218 vioe
869 2150 1007 2211 nostra
1036 2132 1260 2242 dispenses,
1290 2134 1507 2242 injungens
1535 2134 1666 2216 eidem
1693 2150 1762 2232 ut,
1791 2137 1898 2219 sicut
1926 2137 2073 2242 incepit,
2159 2227 2160 2238 Ν

164 2324 169 2335 ,
302 2237 472 2326 eandem
499 2242 700 2323 novellam
727 2242 1021 2350 plantationem
1047 2246 1238 2327 informet
1264 2246 1391 2326 verbo
1406 2247 1560 2353 pariter
1588 2252 1627 2337 &
1656 2245 1842 2355 exemplo
1857 2251 1898 2326 8<
1912 2247 2074 2326 insistere
2158 2299 2159 2302 a

302 2352 463 2439 studeat
491 2351 708 2460 diligenter
736 2353 787 2436 ad
815 2354 1100 2462 extirpandum
1129 2358 1371 2465 paganitatis
1401 2381 1579 2438 errorem
1596 2363 1636 2437 8<
1650 2359 1844 2436 terminos
1858 2355 2075 2439 Christiane

303 2464 395 2548 fidei
423 2462 672 2562 dilatandos3
702 2465 799 2572 quia
827 2463 921 2545 lieet
948 2493 1084 2547 omnes
1114 2469 1282 2548 virtutes
1310 2465 1362 2547 ad
1391 2467 1596 2564 bravium,
1625 2467 1710 2548 sola
1739 2485 1876 2552 tamen
1905 2491 2071 2573 perseve-
2159 2543 2160 2560 ,

302 2576 435 2768 llmlla
463 2590 693 2703 coronatur.
725 2577 872 2660 Datum
902 2577 1092 2658 Laterani
1121 2579 1191 2662 ΙΙΙ.
1213 2577 1307 2660 Kal.
1338 2580 1376 2659 N
1378 2576 1537 2684 ovemb,
1569 2578 1830 2687 pontificatus
1845 2577 1975 2660 nostri
1986 2601 2078 2656 anno
2159 2571 2160 2666 ζ

336 2713 388 2768 uo
417 2711 556 2768 ecrmo.
1597 2713 1609 2718 ··

319 3075 471 3216 137.=
992 3077 1452 3183 raro—1216.

722 3295 855 3378 Konung
875 3294 954 3359 Eure
976 3295 1154 3364 Krurssors
1175 3294 1375 3382 Skyddsbrel
1390 3298 1441 3359 lb'r
1462 3285 1546 3360 sati
1566 3299 1693 3360 kloster.

1710 3453 1714 3461 .
1748 3415 1774 3466 A
1804 3415 1827 3467 3.
1846 3413 1874 3468 b.
1898 3430 1922 3468 a:
1944 3434 1967 3470 r.

474 3551 529 3644 ψ.
586 3547 631 3624 Ε.
661 3544 727 3628 dei
755 3545 883 3654 gratia
910 3572 1097 3626 sueorum
1127 3575 1207 3629 rex.
1238 3545 1447 3628 Vniuersis
1474 3546 1551 3627 sub
1580 3545 1734 3627 ditione
1763 3575 1834 3628 sua
1855 3546 2081 3631 constitutis.

309 3653 487 3734 salutem.
544 3656 695 3737 Notum
723 3657 776 3736 sit
803 3656 1057 3737 uniuersitati
1087 3674 1220 3738 uestre
1278 3657 1361 3739 uod
1378 3660 1494 3739 sicut
1522 3685 1595 3738 rex
1624 3655 1799 3738 kanutus
1828 3676 2082 3768 paternoster

308 3767 497 3875 prouisor
525 3793 571 3845 ac
604 3765 841 3874 prolocutor
869 3783 991 3875 atque
1022 3765 1211 3848 defensor
1238 3687 1432 3876 alltorque
1460 3769 1698 3848 iniuriarum
1726 3771 1889 3878 cenobij
1919 3771 1971 3851 de
1992 3770 2085 3852 saba.
2158 3853 2159 3856 g

308 3873 445 3986 quoad
460 3875 564 3956 uixit
577 3877 722 3957 extitit.
751 3879 808 3956 sic
836 3903 999 3986 quoque
1022 3903 1094 3956 nos
1108 3875 1329 3956 seeundum
1343 3877 1648 3986 possibilitatem
1663 3895 1843 3961 nostram
1858 3877 2083 3964 omnimodis

308 3987 476 4067 existere
510 3984 625 4068 uelle.
690 3990 839 4068 Omnes
868 3987 992 4094 igitur
1020 3987 1092 4093 qui
1123 4013 1260 4096 pacem
1289 4003 1330 4067 et
1359 3989 1569 4070 amicitiam
1599 4016 1694 4098 erga
1736 3990 1955 4083 cenobium
1998 3986 2083 4072 illud
2159 4035 2160 4038 κ

309 4095 584 4179 custodierint.
646 4126 785 4205 pacem
813 4102 853 4176 &
881 4097 1092 4176 amicitiam
1121 4126 1143 4176 a
1171 4095 1289 4178 nobis
1317 4122 1358 4178 se
1386 4116 1674 4180 consecuturos
1702 4099 1983 4184 indubitanter
2010 4125 2084 4210 spe·

308 4234 398 4288 rare
413 4206 573 4288 debent.
602 4223 643 4287 et
672 4208 846 4289 credere.
902 4208 1160 4316 Quicumque
1189 4235 1289 4288 uero
1319 4206 1545 4290 molestiam⁴
1566 4209 1743 4320 aliquam
1771 4213 1830 4292 illi
1859 4214 1928 4293 uel
1958 4209 2085 4293 iniuri-

309 4341 372 4399 am
415 4319 593 4425 irrogare
636 4319 933 4424 presumserint.
964 4334 1035 4396 aut
1070 4321 1338 4426 possessiones
1373 4319 1481 4399 illius
1510 4317 1789 4404 fraudulenter
1816 4322 2087 4434 subripuerint
2149 4318 2160 4388 '-

312 4426 378 4504 uel
405 4428 605 4508 uiolenter
632 4428 863 4536 inusserint.
892 4431 991 4507 iram
1019 4433 1059 4506 8(
1087 4427 1404 4538 indignationem
1432 4448 1611 4512 nostram
1640 4433 1886 4516 incursuros.
1916 4441 1959 4516 &
1988 4457 2086 4515 ano·

310 4533 373 4614 bis
399 4553 440 4618 π
468 4534 689 4620 uindictam
718 4565 905 4647 passuros
933 4539 1059 4618 sciant
1087 4567 1132 4619 ac
1160 4543 1454 4647 pertimescant.

690 4669 735 4744 Pa
758 4689 1070 4764 pergamentsremsen
1091 4649 1289 4764 qlarlrtnger
1310 4704 1348 4745 en
1369 4684 1447 4746 liten
1467 4679 1518 4748 del
1539 4685 1576 4746 al
1592 4685 1720 4767 sigillet.
