4368 5950
922 461 1028 581 ἐς.
1135 437 1239 544 234·
1327 481 1385 531 ·.·.
1722 533 1726 538 .
1900 481 1905 492 ’
2100 363 2143 418 '‹

282 719 413 792 222.
859 665 1488 798 ·11224·d.11Jan.·
1686 735 1691 745 ·
1804 665 2043 812 'Lateran

357 899 450 966 Ptfv.
470 853 635 964 Homerus.
650 894 720 960 lllts
740 864 984 976 bclallniug'till
1007 865 1101 960 sisio
1124 860 1128 870 Ι
1161 912 1199 954 ne
1219 887 1322 956 under
1342 831 1731 968 trucidationes
1751 847 2047 976 nom-cipitata·
2142 841 2143 862 l

325 985 330 995 '
406 979 506 1047 sttdes
527 989 574 1041 att
596 973 673 1062 lytla
692 969 943 1061 lrle·Bislopen
966 944 1071 1052 libam
1092 913 1251 1038 balmon.
2021 1020 2024 1026 ,

1524 1085 1555 1140 Β.
1579 1099 1609 1142 rt
1628 1103 1671 1158 70·
1688 1085 1790 1145 Art-8.
1812 1083 1867 1158 Ep.
1886 1087 1941 1160 194.

443 1231 647 1426 Ηέἓιίονίω
673 1229 744 1418 δῖ
772 1225 1068 1310 ἢνιεναόιῖὣω
1082 1223 1299 1328 fratribus
1319 1220 1620 1331 Suffragcncis
1634 1223 1856 1308 bmdamtk
1884 1223 2050 1322 Ecetra,

553 1357 664 1421 ,utem
731 1367 764 1417 c.
2039 1385 2042 1390 -

288 1481 301 1526 ·’
433 1475 547 1568 'Cum
575 1497 668 1593 post
695 1481 863 1590 petitam
892 1484 1040 1561 &cut
1067 1504 1198 1591 supra·
1220 1507 1343 1589 usqam
1372 1480 1678 1560 Canonicorum
1729 1478 2055 1561 Lundcnsiumin

141 1617 145 1628 '
278 1603 484 1698 dilectum,
497 1597 625 1684 filium
643 1652 678 1700 ‚.
723 1651 734 1672 .
777 1611 925 1676 ..tunc
952 1588 1211 1673 Lundcnsem
1239 1592 1495 1699 Prepositum
1519 1596 1595 1690 &n
1616 1599 1620 1608 '
1640 1619 1762 1702 usquc
1803 1589 2055 1676 tribuendum
2143 1651 2144 1662 .

277 1719 384 1798 Sane
412 1710 504 1790 licet
531 1731 692 1788 necesse
719 1730 803 1784 non
832 1701 939 1782 foret
967 1702 1116 1782 nostris
1145 1727 1217 1782 vos
1247 1701 1394 1782 litteris
1435 1701 1631 1800 excitare,
1673 1717 1720 1785 ut
1762 1701 1972 1784 intendere
2002 1701 2057 1788 de·
2143 1785 2144 1804 ,

251 1823 407 1908 ·beatis
424 1818 565 1902 eidem
591 1815 748 1913 veluti,
766 1815 840 1926 qui
864 1811 920 1896 ad
946 1812 1025 1896 hoc
1053 1840 1104 1894 ex
1133 1811 1273 1894 debito
1301 1812 1514 1895 noscimini
1557 1810 1641 1921 jam
1686 1815 1835 1910 teneri,
1868 1809 2058 1894 'Fraterni
2142 1811 2144 1852 ÷

279 1953 403 2020 tatem
443 1923 618 2014 vestram
665 1953 873 2010 monemus
915 1939 1069 2006 attente
1112 1951 1186 2033 per
1230 1923 1456 2034 apostolica
1506 1925 1671 2034 scripta.
1691 1924 1945 2021 mandantes,
1972 1951 2059 2114 pu·
2142 1923 2145 2060 l

56 2059 59 2066 '
160 2093 164 2104 ,
278 2063 399 2131 tenus
428 2044 466 2124 ci
493 2059 701 2150 tamquam
760 2038 838 2118 atri
864 2051 905 2117 et
934 2035 1088 2144 pastori
1117 2037 1341 2118 animarum
1367 2051 1613 2140 restrarum,
1641 2036 1760 2146 plene
1796 2063 1844 2117 ac
1872 2035 1982 2118 hum'
1999 2036 2060 2114 iter

278 2154 499 2264 intendatis
527 2150 616 2260 ejus
643 2067 821 2231 salubria
848 2149 1001 2228 monita
1035 2143 1292 2258 suscipiendo
1319 2145 1483 2245 devote,
1530 2174 1578 2229 ac
1606 2145 1900 2231 inviolabiliter
1941 2148 2065 2230 obser„
2143 2169 2145 2218 1

280 2266 443 2370 vando,
484 2267 541 2344 ita
573 2259 688 2371 quod
708 2289 789 2370 -per
818 2275 1050 2372 promptam
1078 2255 1352 2342 obedientiam
1380 2274 1571 2357 vestram,
1613 2274 1654 2340 ct
1682 2257 1751 2341 ille
1780 2260 1823 2340 in
1850 2286 1952 2340 cura
1976 2256 2066 2366 regis,
2144 2335 2145 2340 .

278 2379 399 2462 minis
415 2375 505 2458 'sibi
534 2372 735 2455 commissi
763 2369 961 2453 efficacius
989 2369 1152 2478 operari
1179 2369 1330 2467 valeat,
1360 2387 1401 2452 et
1429 2396 1502 2452 vos
1529 2396 1757 2481 congruum
1772 2367 1985 2461 afferentes
1998 2363 2063 2448 sol·
2144 2353 2145 2404 ³

278 2487 485 2572 licitudini
513 2511 585 2568 sue
615 2479 918 2572 amminiculum
944 2480 1040 2563 inde
1068 2480 1230 2592 possitis
1258 2481 1404 2563 merito
1432 2482 1667 2589 promereri.
1696 2479 1895 2594 Alioquin
1922 2495 2064 2562 senten·
2144 2581 2145 2584 Ν

278 2603 381 2685 tiam
411 2626 535 2710 quam
562 2593 857 2676 rationabiliter
885 2591 1025 2674 tulerit
1051 2593 1096 2675 in
1137 2589 1325 2690 rebelles,
1368 2607 1498 2672 ratam
1539 2587 1798 2691 habebimus,
1826 2610 1867 2675 et
1892 2589 2066 2674 faciemus

282 2727 449 2797 auctore
477 2707 653 2789 Domino
681 2708 917 2798 inconcusse
945 2704 1108 2786 servari.
1139 2704 1289 2784 Datum
1318 2718 1365 2784 ut
1393 2729 1528 2811 supra.
2144 2767 2145 2802 ³

450 2822 501 2904 In
527 2814 669 2899 eodem
697 2813 819 2898 modo
848 2815 1043 2924 scriptum
1071 2829 1133 2896 est
1162 2814 1352 2921 Capitulo
1380 2811 1590 2895 Lundcnsi
1604 2843 1739 2926 =usque
1766 2815 1916 2914 teneri,
1945 2833 1985 2898 et
2008 2814 2077 2923 qni¹
2144 2823 2145 2832 '

280 2937 359 3020 sub
387 2933 478 3046 ejus
506 2927 726 3040 gubernari
753 2927 948 3038 regimine
975 2924 1103 3037 ipsius
1132 2922 1317 3006 doctrina
1346 2924 1493 3006 instrui
1520 2939 1562 3005 ct
1591 2923 1801 3010 informari
1828 2924 2009 3008 moribus
2023 2921 2068 3004 as·
2144 2935 2145 2984 1

194 3085 200 3106 ¹
282 3046 479 3140 fectastis,
508 3039 559 3122 de
593 3037 970 3148 superhabundanti
998 3054 1132 3120 tamen
1161 3035 1474 3118 Vniversitatem
1502 3056 1677 3120 vestram
1691 3063 1903 3122 monemus
1934 3053 2071 3132 attente
2145 3047 2146 3136 j

283 3183 360 3266 per
387 3149 608 3267 apostolica
636 3149 752 3232 vohis
779 3151 931 3259 scripta
959 3147 1219 3244 mandantes,
1253 3165 1455 3257 quatenus
1485 3148 1522 3228 ei
1551 3165 1759 3262 tamquam
1793 3150 1902 3259 patri
1933 3147 2071 3230 anima·
2145 3145 2146 3172 ¹

284 3294 379 3348 rum
406 3282 630 3348 vestrarum
658 3266 734 3343 810.
762 3291 885 3374 usque
913 3265 956 3342 in
971 3263 1114 3369 finem.
1173 3258 1324 3342 Datum
1337 3260 1397 3340 ‘ut
1425 3285 1559 3371 supra.
2144 3257 2146 3268 ⁴

294 3525 425 3635 223.
497 3599 500 3604 -
855 3570 858 3581 ·
921 3525 1167 3652 122411.
1218 3563 1284 3629 21
1335 3525 1445 3630 lan.
1540 3577 1543 3590 ·
1853 3525 2079 3632 Laterau.
2145 3535 2146 3538 ‘

367 3711 460 3780 parv.
481 3681 640 3774 notorius
661 3710 715 3772 ΙΙΙ.
737 3707 986 3774 till'Dane'mark
1005 3681 1142 3776 riirande
1158 3711 1304 3776 Abboten
1325 3711 1496 3778 Wrnasutrs
1516 3709 1641 3776 sledda
1659 3711 1886 3776 canonisation.
1931 3705 1955 3766 ',

1543 3825 1574 3880 F.
1596 3839 1625 3882 t:
1644 3823 1686 3897 74.
1703 3823 1758 3878 An.
1775 3823 1800 3878 ἃ
1818 3823 1871 3896 Ep.
1890 3825 1955 3880 208.

453 3963 620 4047 Litterce
651 3961 891 4069 Apostolicae
926 3955 1102 4040 Honorii
1134 3959 1218 4040 III.
1249 3961 1401 4044 Christi
1415 3958 1609 4066 fidelibus
1628 3989 1706 4071 prr
1733 3961 1922 4067 Regnum
1951 3960 2082 4043 Data

488 4075 716 4206 constitutis
743 4071 906 4156 directae
932 4071 982 4152 de
1008 4076 1303 4154 cattottizuttbne
1331 4073 1398 4155 W
1392 4074 1514 4153 ntra
1539 4071 1711 4154 Abbati
1728 4069 2082 4178 MonastcriiScn·

337 4241 348 4262 Ο
454 4184 786 4378 Ηοοειὶοἷιζῗηῖα
811 4294 982 4376 Dilectis
1012 4291 1120 4397 filiis
1148 4295 1358 4376 Vniversis
1385 4295 1540 4376 Christi
1554 4293 1749 4402 fidelibus
1778 4321 1859 4405 per
1899 4295 2083 4403 Regnat

487 4410 616 4488 Datie
642 4410 876 4488 constitutit.
931 4403 1114 4486 ,tauma
1141 4407 1214 4484 810.
1522 4463 1527 4474 „

289 4619 292 4627 ,
456 4547 719 4630 Sacrosancta
748 4544 925 4646 Ecclesia
953 4543 1091 4626 divina
1119 4545 1209 4626 lucc
1237 4543 1401 4655 perfusa
1433 4573 1508 4654 per
1535 4543 1691 4627 Orbem
1720 4511 1955 4626 Terralrum·
1970 4545 2083 4654 longe

289 4655 450 4761 lateque
477 4659 613 4741 radios
644 4686 716 4738 sue
745 4656 1028 4737 illustrationis
1056 4657 1215 4756 emittit,
1244 4656 1342 4738 dum
1370 4659 1415 4739 in
1443 4658 1600 4738 Sanctis
1628 4656 1710 4738 suis
1737 4655 1935 4738 mirabilis
1953 4657 2084 4739 Domi·

288 4779 369 4846 nus
402 4764 525 4845 vitam
557 4787 733 4850 sanctam
762 4795 913 4866 eorum,
940 4769 1014 4877 qui
1041 4769 1344 4851 seminaverunt
1370 4769 1414 4849 in
1442 4768 1613 4850 lacrimis
1628 4763 1917 4849 miraculorum
1936 4771 2094 4851 virtute.

289 4871 514 4980 confirmat,
557 4879 760 4989 signisque
800 4879 1067 4990 sequentibus
1107 4879 1274 4978 indicat,
1317 4879 1430 4990 quod
1458 4880 1513 4960 cis
1542 4876 1799 4990 splendorem
1828 4905 1905 4988 pro
1938 4877 2088 4961 meritis

290 4984 763 5093 tribuittscmpiternum,
792 4988 1007 5072 ostendens
1034 4990 1212 5072 thesauri
1238 4991 1303 5071 sui
1331 4989 1492 5074 divitias
1519 4991 1563 5072 in
1591 5017 1685 5072 vasa
1705 4989 1998 5090 misericordie,
2014 5015 2088 5101 que

291 5093 546 5184 iustificando
574 5097 879 5210 predestinatos,
909 5117 950 5185 et
977 5100 1242 5214 glorificando
1270 5103 1398 5187 iustos
1425 5103 1470 5186 in
1498 5100 1668 5213 gloriam
1681 5104 1928 5216 preparavit.
1993 5103 2090 5187 Cum
