4406 5966
727 475 885 580 ſtr·-.
989 489 1077 612 7³9
1191 529 1347 636 ··..

36 731 41 742 ’
145 709 255 825 apud
298 736 402 822 quos
444 707 550 819 eligo
591 706 840 816 sepulturam
883 704 1051 790 confero
1087 704 1273 817 predium
1301 731 1440 789 meum
1462 707 1505 790 in
1538 706 1671 791 ruthe.
1726 709 1831 808 Jtem
1857 724 1940 792 tres

2 851 5 856 ·
145 821 325 906 marchas
339 821 599 906 denariorum
612 819 790 918 claustro
817 817 1078 901 Alwastrensi
1114 835 1156 900 et
1183 818 1432 902 tantumdem
1459 818 1637 901 claustro
1666 816 1716 901 de
1744 841 1938 904 warnem.

98 979 101 984 Δ
144 938 357 1032 Jtemjtrcs
383 932 565 1014 marchas
594 959 670 1041 pro
700 957 822 1039 opere
851 929 1013 1038 lapideo
1040 929 1093 1012 ad
1123 958 1238 1028 usum
1266 930 1553 1030 monachorum
1568 927 1804 1013 nouenallis.
1833 935 1855 1010 J
1858 949 1940 1014 tem

146 1044 313 1136 cuilibet
341 1044 506 1151 ecclesie
534 1045 579 1124 in
606 1037 720 1124 cuiu's
748 1043 940 1151 parochia
967 1045 1215 1124 mansionem
1243 1042 1376 1123 habeo
1404 1042 1572 1124 confero
1599 1071 1720 1130 snam
1735 1043 1940 1125 marcham
2040 1057 2043 1067 '

67 1151 72 1160 ’
144 1156 403 1239 denariorum
430 1158 473 1236 sc
500 1153 665 1236 alteram
694 1152 905 1236 sacerdoti.
960 1155 1065 1236 Jtem
1093 1153 1257 1235 ecclesie
1285 1151 1337 1252 de
1364 1155 1489 1235 vaexio
1524 1154 1602 1235 .Vl.
1618 1155 1799 1236 marchas
1815 1155 1939 1238 dena·

143 1269 310 1349 riorum.
366 1268 471 1347 Jtem
498 1262 699 1346 sacerdoti
729 1261 779 1345 de
806 1265 968 1346 naesiom
996 1293 1118 1349 unam
1145 1291 1321 1348 marcam
1354 1263 1625 1349 denariorum.
1682 1269 1785 1348 Jtem
1823 1266 1940 1366 Stir-
1988 1357 1991 1364 ,

141 1405 240 1488 gero
282 1376 434 1459 lamule
470 1401 560 1460 meo
588 1367 752 1460 confero
780 1375 905 1458 baech.
961 1377 1064 1458 Jtem
1092 1376 1220 1458 seruis
1247 1375 1300 1457 δι’
1315 1375 1471 1459 ancillis
1497 1378 1687 1459 omnibus
1714 1403 1817 1488 quos
1845 1404 1939 1488 pos·

1 1574 2 1580 x
91 1549 96 1562 ,
142 1487 255 1572 sideo
283 1487 450 1571 confero
483 1487 722 1570 libertatem.
781 1489 885 1568 Jtem
913 1487 1061 1570 ordino
1088 1486 1140 1571 ad
1167 1487 1415 1570 solucionem
1437 1493 1568 1572 crucis
1597 1490 1660 1572 .X.
1677 1489 1859 1571 marchas
1874 1513 1939 1570 ar·
2050 1550 2055 1559 .

131 1601 263 1712 'genti
308 1605 348 1680 &
390 1601 598 1682 committo
639 1599 756 1685 fratri
791 1625 881 1680 meo
924 1599 1087 1681 domino
1124 1601 1179 1682 .F.
1207 1598 1377 1708 legifero
1405 1598 1518 1709 quod
1547 1602 1679 1683 soluat
1707 1599 1758 1682 de
1786 1599 1935 1683 debitis

139 1713 238 1794 meis
279 1729 490 1820 argentum
535 1730 811 1793 memoratum.
882 1710 987 1794 Jtem
1030 1709 1168 1793 fadero
1210 1709 1373 1791 haroldi
1411 1711 1498 1792 filio
1527 1712 1775 1794 dextrarium
1803 1707 1937 1794 meum

131 1833 262 1935 'quem
291 1821 417 1905 habui
445 1824 496 1907 de
524 1823 671 1932 jacobo
700 1823 810 1906 dicto
839 1820 1084 1937 jaernhuuud
1113 1822 1189 1904 sub
1218 1823 1294 1904 ista
1329 1820 1567 1904 condicione
1595 1824 1707 1934 quod
1742 1822 1864 1906 vadat
1891 1826 1950 1905 in·

140 1936 297 2044 righam
325 1935 368 2014 in
396 1936 581 2045 expensis
610 1936 705 2018 meis
734 1935 788 2017 ob
817 1961 998 2016 meorum
1025 1934 1296 2016 remissionem
1325 1949 1593 2044 peccatorum.
1650 1936 1755 2014 Jtem
1787 1932 1937 2016 ordino

141 2045 256 2157 quod
281 2043 365 2126 duo
386 2043 437 2127 de
453 2048 588 2156 pueris
603 2048 699 2128 meis
720 2045 875 2128 'vadant
902 2044 956 2128 ad
988 2045 1352 2129 sanctumolauuna
1378 2046 1423 2125 in
1451 2046 1635 2154 expensis
1662 2047 1772 2129 meis.
1830 2047 1935 2129 Jtem

141 2156 310 2238 confero
339 2155 501 2237 domine
519 2159 581 2238 .K.
612 2156 757 2239 dilecte
786 2160 917 2241 sorori
946 2147 1031 2240 mee
1059 2160 1211 2239 curiam
1240 2159 1283 2238 in
1308 2154 1543 2266 holtoptum
1572 2159 1627 2238 ita
1656 2156 1768 2266 quod
1796 2156 1848 2236 sit
1862 2185 1935 2239 sua
2027 2149 2063 2184 '¹

83 2375 87 2382 ι
138 2271 278 2378 'preter
320 2267 560 2350 diuisionem
605 2269 783 2380 legalem.
825 2272 903 2351 ista
935 2285 1072 2350 tamen
1099 2271 1262 2352 racione
1291 2268 1387 2376 quia
1415 2271 1545 2349 minus
1573 2269 1714 2349 ceteris
1742 2267 1935 2351 fratribus

139 2385 180 2460 St
208 2406 348 2461 sorore
377 2378 427 2460 de
456 2379 575 2460 bonis
604 2379 956 2490 patrimonialibus
983 2381 1165 2462 noscitur
1192 2379 1389 2461 habuisse.
1459 2381 1565 2459 Jtem
1606 2377 1794 2459 denarios
1830 2407 1935 2490 quos

12 2519 15 2531 ¹
137 2492 238 2572 mihi
280 2516 491 2600 gunnarus
530 2492 746 2573 tenebatur
788 2488 957 2572 confero
986 2507 1140 2599 asgoto.
1198 2493 1301 2571 Jtem
1331 2515 1409 2598 pro
1436 2487 1641 2570 soluendis
1678 2488 1935 2600 debitisque

36 2699 38 2710 Ι
134 2601 308 2703 ,tenebar
337 2598 544 2684 lodwicho
589 2600 858 2684 roschildensi
899 2602 990 2682 misi
1032 2595 1136 2684 duos
1175 2598 1396 2711 palefridos
1431 2601 1478 2681 δι’
1499 2628 1621 2684 vnam
1650 2626 1791 2682 cornu.
1848 2602 1935 2684 Hec
2022 2641 2024 2648 ·

137 2729 236 2794 sunt
263 2712 403 2796 debita
461 2740 513 2794 ue
541 2712 701 2795 soluere
729 2731 882 2796 teneor.
911 2713 1086 2794 Johanni
1114 2710 1318 2821 sigmundi
1346 2709 1430 2792 filio
1444 2711 1523 2794 .IX.
1546 2707 1730 2792 marchas
1745 2710 1935 2793 denario·

136 2848 242 2908 rum.
276 2739 490 2936 *Emundo
518 2825 562 2906 in
589 2823 822 2933 shiaeningia
851 2823 932 2906 .ΙΧ.
960 2824 1142 2906 marchas
1169 2823 1440 2906 denariorum.
1484 2819 1731 2912 'Hermanno
1747 2823 1841 2903 albo
1856 2824 1934 2904 ibi-

138 2931 231 3017 dem
264 2950 415 3017 teneor.
445 2934 566 3016 Ill:or
592 2934 776 3018 marchas
804 2933 1076 3017 denariorum.
1103 2936 1209 3017 Jtem
1236 2934 1460 3016 hermanno
1487 2932 1665 3016 balsamo
1693 2931 1844 3036 ibidem
1873 2951 1935 3016 te-

28 3119 33 3130 .
137 3043 240 3126 neor
268 3060 351 3126 tres
377 3044 560 3128 marchas
590 3045 850 3128 denariorum
877 3073 970 3128 cum
999 3043 1177 3128 dimidia.
1233 3047 1338 3126 Jtem
1366 3042 1556 3154 aeggardo
1585 3043 1636 3126 de
1661 3071 1774 3126 scare
1849 3047 1932 3143 .ΙΙΙ.

136 3157 319 3238 marchas
361 3155 667 3238 denariorum.=
711 3159 817 3237 Jtem
857 3154 1097 3266 godmundo
1138 3154 1271 3266 stolpa
1306 3156 1393 3241 '.Ill.
1437 3155 1621 3236 marchas
1663 3153 1935 3240 denariorum.

137 3271 243 3351 Jtem
270 3264 434 3350 ecclesie
461 3264 513 3348 de
541 3265 674 3360 holsio
703 3269 787 3349 .ΙΠ.
817 3260 1001 3348 marchas
1029 3265 1302 3349 denariorum.
1330 3264 1566 3349 Ecclesiein
1587 3291 1680 3350 vam
1708 3267 1812 3350 ‚xla
1827 3295 1933 3351 oras.

135 3379 313 3461 Domino
340 3376 525 3460 hedicho.
556 3379 694 3460 llllzor
721 3377 901 3460 marchas
929 3377 1199 3460 denariorum.
1229 3377 1427 3459 Denarios
1447 3375 1581 3458 'ceiam
1608 3395 1751 3461 teneor
1781 3380 1935 3489 persol-

138 3517 236 3572 uere
264 3515 342 3600 pro
370 3488 508 3570 balteo
536 3487 600 3573 M.
629 3489 764 3570 fratris
792 3489 881 3569 mci.
910 3487 1081 3569 Duobus
1109 3489 1268 3571 rusticis
1289 3489 1341 3572 de
1368 3487 1563 3598 parochia
1582 3485 1849 3596 shaeningensi
1876 3509 1934 3572 te·

133 3627 240 3684 neor
283 3601 346 3684 .ΙΙ.
382 3597 568 3688 marchas
600 3627 692 3682 cum
720 3597 899 3683 dimidia.
928 3599 1144 3682 Contestor
1170 3613 1306 3682 autem
1333 3596 1500 3681 heredes
1516 3623 1637 3681 meos
1665 3600 1743 3704 sub
1770 3622 1960 3700 suarum⁴

134 3707 322 3826 periculo
350 3712 576 3793 animarum
605 3708 719 3823 quod
748 3711 783 3790 si
809 3709 928 3820 plura
958 3707 1097 3792 debita
1130 3711 1311 3794 inuenta
1344 3708 1498 3792 fuerint
1539 3711 1738 3792 veraciter
1778 3712 1932 3819 persol-

135 3838 236 3908 uant
265 3851 312 3904 ea
338 3820 391 3904 de
418 3820 538 3905 bonis
566 3823 677 3904 meis.
691 3820 864 3913 fideliter
891 3823 1091 3904 uniuersa.
1146 3821 1232 3904 Hec
1260 3835 1395 3903 autem
1423 3819 1562 3905 debita
1581 3837 1725 3904 teneor
1738 3823 1930 3933 recipere.
1993 3871 1995 3878 ·

133 3937 199 4020 De.
224 3934 405 4048 gothone
437 3933 736 4046 quinquaginta
763 3931 947 4015 marchas
976 3933 1248 4016 denariorum.
1302 3933 1363 4014 De
1390 3957 1471 4014 vna
1511 3927 1679 4014 muliere
1706 3930 1757 4015 de
1786 3934 1931 4017 alshae·

134 4045 222 4132 rad
250 4047 393 4129 Illltor
418 4041 601 4128 marchas
628 4037 898 4128 denariorum
926 4045 1184 4157 Quecunque
1209 4059 1344 4126 autem
1373 4044 1552 4152 recipere
1566 4057 1710 4151 teneor
1723 4047 1929 4130 committo

135 4158 255 4258 fratri
284 4185 373 4242 meo
389 4154 555 4240 domino
582 4157 636 4240 .F.
665 4154 778 4268 quod
806 4154 971 4266 colligat
995 4183 1043 4238 ea
1070 4162 1112 4239 &
1138 4153 1302 4241 ordinet
1328 4153 1382 4236 ad
1409 4155 1658 4238 solucionem
1697 4154 1929 4240 debitorum

135 4295 330 4353 meorum.
385 4269 605 4354 Committo
632 4267 799 4378 insuper
826 4266 955 4350 eidem
978 4270 1132 4349 curiam
1158 4295 1287 4349 meam
1313 4268 1359 4348 in
1391 4265 1603 4349 hallastom
1643 4265 1758 4379 quod
1802 4271 1929 4378 ipsam
2011 4334 2016 4342 .

94 4466 99 4478 ,
134 4378 285 4474 habeat
308 4384 354 4461 u
381 4375 543 4461 ordinet
569 4375 624 4461 ad
650 4377 900 4461 solucionem
928 4375 1159 4461 debitorum
1186 4405 1368 4460 meorum
1394 4405 1476 4490 que
1489 4405 1619 4490 usque
1645 4378 1844 4487 complete
1863 4379 1929 4463 fu·

137 4492 246 4574 erint
285 4489 504 4602 persoluta.
574 4491 793 4574 Contestor
825 4489 946 4572 etiam
988 4505 1031 4572 et
1057 4517 1161 4601 rogo
1188 4488 1355 4574 heredes
1381 4515 1491 4572 meos
1532 4487 1646 4602 quod
1673 4517 1928 4604 quecumque

134 4600 230 4687 dedi
246 4599 399 4714 iaciant
424 4600 539 4682 firma
566 4627 652 4684 esse
681 4606 723 4684 &
748 4614 850 4684 rata.
878 4599 1090 4711 presertim
1118 4629 1209 4684 cum
1236 4629 1283 4684 ea
1312 4598 1489 4686 dederim
1517 4628 1567 4685 ex
1595 4600 1777 4712 ipsorum
1805 4603 1928 4687 lictsn¹

133 4715 217 4816 eia,
239 4716 281 4795 &
322 4738 494 4794 assensu.
565 4713 765 4798 Omnibus
791 4712 913 4796 etiam
945 4709 1121 4797 offensas
1147 4714 1310 4798 remitto
1338 4717 1380 4798 &
1406 4727 1504 4826 peto
1531 4711 1631 4796 mihi
1657 4711 1841 4799 similiter
1873 4714 1926 4796 ab
2034 4793 2038 4804 .

134 4823 325 4908 omnibus
352 4819 566 4934 indulgeri
652 4871 655 4879 ·

98 5037 102 5050 ,
634 4965 684 5032 m
703 4965 879 5036 tumidam
899 4976 1123 5042 munuum.
1143 4965 1240 5035 suu
1264 4968 1417 5066 rugosa
1535 4973 1558 5062 w·

261 5079 1433 5173 Fdrstusigilletirbortfulletsdetondmiinncsigrdutvsmbvm
1458 5099 1562 5155 rema
1585 5079 1795 5152 vultuata
