4406 5966
872 409 1420 575 '4690'-

358 789 361 796 ¹
397 709 448 774 ta
474 689 609 802 pretio
637 684 689 772 de
707 701 864 780 eaetero
890 683 1166 798 possidebunt
1199 687 1242 770 Si
1269 687 1474 799 quievero
1503 711 1719 798 perversus
1733 701 1804 768 aut
1830 683 2078 798 inridrnpra·

310 721 415 892 ms
441 801 688 898 substantias
715 820 954 928 nostrasque
973 799 1200 920 sententias
1228 797 1425 910 dissipare
1467 815 1660 898 conatur,
1687 795 1854 883 vinculo
1880 801 2077 884 anathema·

311 919 364 1000 tis
392 930 434 998 et
460 913 601 1028 gladio
621 930 775 1010 nostrae
803 911 1010 1023 subjaceat
1038 911 1217 1032 ultionis

320 1307 455 1420 832.
1021 1303 1424 1412 1216-1223.

396 1526 578 1594 arte-Birt.
598 1530 750 1591 mauors
770 1527 780 1589 i
801 1526 892 1588 Lund
914 1534 993 1586 tamt
1013 1521 1204 1609 Biskoparne
1226 1525 1310 1588 csse
1330 1526 1392 1590 och
1413 1473 1531 1591 Barbas
1554 1526 1751 1614 iLinliiping
1767 1525 2084 1612 Stndffistelseplgnn·

451 1611 685 1699 letatadgandet
705 1631 758 1673 orn
779 1609 1096 1694 Biskopsvisitationer
1116 1608 1158 1692 pd
1179 1609 1337 1672 Gottlnnd.
1856 1689 1875 1745 J
1901 1691 1926 1746 ³·
1941 1691 1973 1745 ω

484 1829 674 1910 Aunnsas
704 1825 854 1907 Diuina
883 1825 1138 1906 miseratione
1167 1828 1395 1911 Lundensis
1422 1827 1782 1937 Archiepiscopns,
1816 1842 1917 1908 tuno
1942 1833 2084 1936 Aposto-
2154 1841 2155 1914 t

316 1941 404 2024 licae
431 1939 536 2022 sedis
564 1939 759 2048 Legatus,
787 1937 937 2019 Sueciae
964 1936 1135 2037 Primas,
1167 1959 1207 2021 et
1236 1942 1406 2022 Carolus
1434 1941 1751 2049 Liugacopcnsis
1765 1937 2006 2048 Episcopus,
2028 1966 2084 2018 nec
2153 1919 2155 2008 l

317 2080 404 2135 non
432 2071 473 2135 et
501 2049 741 2132 Benedictus
769 2048 908 2130 eadem
937 2051 1068 2158 gratia
1096 2061 1302 2134 successor
1336 2079 1442 2134 suus.
1487 2052 1695 2132 Vniuersis
1737 2065 1821 2129 tarn
1849 2051 2082 2158 praesentibus
2154 2029 2155 2100 l

308 2171 440 2275 'quam
468 2163 640 2272 posteris
670 2177 884 2270 praesentes
912 2162 1048 2241 literas
1078 2163 1332 2273 inspecturis,
1363 2165 1541 2246 Salutem
1556 2163 1599 2243 in
1615 2163 1749 2271 coqui
1765 2177 1824 2240 est
1852 2163 1959 2242 salus
1985 2163 2082 2240 onni-
2154 2161 2155 2254 J

171 2345 176 2352 .
317 2305 399 2358 um.
428 2275 494 2357 Ad
521 2291 707 2356 nostrum
733 2275 891 2382 spectat
924 2270 1121 2371 officium,
1165 2302 1249 2356 non
1289 2277 1417 2356 solum
1450 2275 1540 2355 lites
1568 2291 1609 2354 ct
1638 2275 1936 2354 contentiones·
1958 2287 2082 2352 exortas

217 2447 222 2461 .
318 2386 478 2484 sedare,
510 2387 774 2468 verumetiam
815 2383 963 2466 futuris
1005 2385 1264 2494 prouidendo
1293 2387 1471 2484 casibus,
1501 2413 1552 2467 ne
1581 2384 1756 2468 suboriri
1785 2383 1948 2465 valeant
1974 2409 2081 2463 corun

318 2497 569 2596 occasiones,
597 2513 797 2608 quantum
825 2523 1037 2604 possumus
1065 2517 1285 2607 amputare.
1324 2503 1471 2596 Porro,
1501 2497 1599 2608 qnia
1623 2495 1892 2577 dissensiones
1921 2512 1960 2575 et
1984 2494 2082 2601 litigia

319 2609 558 2720 frequenter
584 2609 773 2689 oriuntur
801 2635 849 2687 cx
878 2637 945 2705 eo,
974 2608 1087 2718 quod
1116 2613 1203 2719 ipsa
1232 2613 1322 2692 iura
1350 2614 1436 2692 siue
1464 2625 1635 2705 statuta,
1664 2607 1891 2689 secundum
1934 2633 2015 2716 quae
2042 2606 2110 2704 vij

318 2719 499 2804 nendum
527 2735 606 2818 est,
635 2719 824 2802 omnibus
852 2717 894 2798 in
923 2720 1041 2799 simul
1084 2720 1343 2830 degentibus,
1372 2723 1467 2822 dum
1497 2721 1649 2830 scripta
1679 2745 1761 2800 non
1790 2718 2008 2812 habentur,
2032 2741 2085 2822 per

320 2829 577 2914 obliuionum
604 2833 799 2913 iacturam
827 2823 890 2912 vel
920 2833 1079 2940 penitus
1109 2836 1343 2931 elabuntur,
1373 2834 1438 2914 rel
1467 2835 1510 2912 in
1540 2830 1699 2913 diuersa
1729 2829 1862 2909 studia
1896 2857 1970 2940 pro
1995 2827 2085 2907 libitu

319 2945 598 3055 cuiuscunque
618 2945 840 3052 'variasque
868 2944 1083 3051 opiniones
1111 2944 1411 3043 distrahuntur,
1454 2941 1563 3024 vnde
1593 2941 1768 3052 perutile
1797 2938 1887 3020 fore
1917 2954 2085 3032 censetur,

320 3083 367 3137 ea
394 3059 547 3164 scripto
576 3053 868 3148 commendari,
897 3069 1052 3137 uttam
1080 3059 1210 3138 errori
1238 3073 1359 3166 quam
1389 3083 1527 3166 prauae
1541 3055 1744 3134 voluntati
1760 3052 1931 3133 tollatur
1951 3050 2085 3141 occasio,

319 3168 459 3276 sicque
487 3164 622 3274 fragili
650 3179 911 3248 succumatur
940 3168 1159 3264 memoriae,
1188 3183 1233 3248 vt
1262 3167 1396 3276 quiuis
1410 3166 1577 3262 habeat,
1606 3163 1657 3246 a'd
1686 3162 1799 3274 quod
1828 3191 2026 3244 recurrere
2037 3160 2085 3240 de·

279 3339 283 3348 .
318 3275 415 3360 beat
441 3275 690 3359 certificandi
719 3276 868 3384 gratia,
897 3276 1010 3360 side
1042 3279 1180 3388 aliquo
1211 3279 1377 3388 positiui
1404 3278 1512 3358 luris
1546 3276 1718 3370 articulo
1761 3275 1974 3385 contingat
1997 3271 2084 3355 dubi·

320 3389 419 3483 tari,
447 3386 640 3498 quaelibet
668 3406 802 3468 autem
830 3403 939 3467 terra
967 3416 1044 3497 pro
1073 3391 1134 3469 sui
1170 3389 1367 3500 qualitate
1397 3405 1437 3468 et
1467 3413 1626 3467 morum
1655 3385 1912 3488 diuersitate,
1957 3413 2034 3466 suas
2053 3405 2086 3460 ae

320 3499 453 3582 varias
478 3497 585 3606 leges
611 3497 771 3578 habeat.
800 3497 949 3607 Legem
978 3501 1084 3580 enim
1113 3495 1186 3609 (rt
1202 3501 1380 3582 Isidorus
1408 3496 1482 3610 ait)
1526 3499 1616 3578 loco
1651 3515 1691 3578 et
1719 3497 1861 3605 patriae
1908 3494 2083 3577 conuenire

321 3612 527 3693 conuenit.
555 3608 663 3688 Hinc
691 3607 892 3718 estquod
921 3611 1052 3692 insula
1081 3609 1357 3711 Gothlandiae‚
1385 3611 1490 3690 sicut
1519 3609 1642 3716 longo
1657 3609 1777 3698 maris
1791 3625 1932 3689 tractu
1956 3607 2001 3688 ab
2021 3600 2083 3710 aliis

320 3723 442 3805 terris
470 3735 704 3829 separatur,
732 3716 789 3799 sie
818 3719 926 3801 illius
967 3723 1110 3803 incolae
1153 3725 1196 3803 in
1237 3726 1324 3804 iure
1366 3722 1543 3831 positiuo
1573 3735 1614 3800 et
1642 3717 1997 3800 consuetudinario
2029 3733 2087 3794 un

320 3831 496 3918 seculari
523 3859 646 3944 quam
675 3829 955 3913 Ecclesiastico
983 3860 1034 3914 ex
1063 3861 1210 3942 magna
1238 3850 1355 3942 parte
1381 3833 1594 3944 variantur
1628 3831 1679 3912 ab
1708 3830 1796 3940 alijs
1826 3832 1997 3940 populis.
2036 3825 2090 3906 llla

321 3944 522 4057 siquidem
548 3970 626 4053 pro
655 3943 719 4022 sui
747 3941 975 4024 modicitate
1004 3963 1046 4027 et
1079 3945 1381 4027 sustentationis
1421 3941 1554 4024 inedia
1595 3939 1794 4024 sustinere
1836 3942 1979 4052 nequit
2004 3955 2091 4048 pote·
2152 3999 2153 4008 ,

319 4071 467 4140 statum
496 4053 739 4163 grauamina.
769 4054 1044 4158 Quamobrem
1071 4072 1252 4166 tempore
1295 4083 1379 4168 quo
1424 4057 1597 4164 primum
1637 4053 1723 4134 haec
1752 4069 1861 4155 terra
1890 4067 2027 4164 sponte
2049 4051 2092 4130 iu·

319 4197 418 4280 gmn
447 4165 540 4250 fidei
568 4168 755 4277 suscepit,
784 4165 970 4248 Ecclesiae
997 4167 1295 4278 Lingacopensi
1322 4194 1364 4247 se
1393 4165 1508 4248 nullo
1536 4182 1706 4274 cogente
1721 4164 1913 4262 subiecit,
1943 4163 2093 4243 talicon·

320 4276 499 4378 ditione,
527 4293 573 4362 π
602 4280 828 4388 Episcopus
856 4278 917 4358 illi
945 4279 1182 4389 praesidens,
1211 4279 1263 4362 ad
1293 4278 1396 4360 hano
1426 4272 1599 4360 insulam
1627 4301 1705 4384 pro
1734 4277 1968 4386 Episcopali
1989 4271 2094 4355 officio

322 4388 584 4488 visitandam,
605 4415 699 4471 non
727 4389 805 4468 nisi
848 4391 968 4472 tertio
1011 4389 1197 4504 quolibet
1239 4416 1345 4472 anno
1388 4385 1534 4472 debeat
1562 4404 1604 4472 et
1632 4389 1695 4468 ius
1723 4387 1882 4470 habeat
1916 4384 2095 4474 accedere,

323 4501 407 4585 Sed
434 4530 528 4584 cum
553 4503 662 4584 intra
689 4497 862 4583 insulam
893 4520 933 4583 et
960 4501 1202 4614 episcopalia
1232 4499 1407 4584 faciendi
1433 4507 1601 4597 venerit,
1636 4497 1843 4581 dimidiam
1872 4507 2028 4608 partem
2050 4519 2095 4574 ec·
2152 4551 2153 4576 l

323 4612 555 4712 elesiarum,
582 4627 797 4724 quaesunt
826 4613 869 4693 in
897 4613 1030 4697 tribus
1057 4631 1176 4698 terrae
1203 4615 1421 4697 trientibus
1448 4611 1653 4722 corporali
1690 4612 1903 4718 praesentia
1934 4605 2095 4696 visitabit,
2152 4629 2153 4720 ᾗ

323 4725 395 4834 vbi
423 4752 446 4806 a
473 4726 643 4834 singulis
671 4725 966 4824 sacerdotibus,
994 4727 1067 4838 qui
1095 4743 1190 4809 sunt
1217 4724 1366 4809 eisdem
1394 4726 1519 4806 trium
1546 4722 1831 4819 refectionum,
1877 4744 2094 4809 mensarum,
2151 4725 2153 4770 ⁴

324 4837 689 4946 subterpositarum
721 4836 870 4920 habeat
897 4839 1193 4947 procuratores.
1237 4835 1302 4920 Ad
1333 4836 1456 4918 laicos
1484 4862 1582 4918 vero
1617 4833 1840 4945 pertinebit
1868 4835 1912 4915 in
1942 4829 2095 4942 qualibet

228 4994 234 5010 =
323 4949 516 5056 parochia
545 4947 626 5030 XII
653 4971 780 5059 equos
807 4947 887 5031 sibi
914 4952 1077 5063 suisque
1117 4951 1267 5063 quibus
1307 4949 1509 5042 vehantur
1553 4944 1846 5058 administrare,
1888 4947 1976 5028 Nee
2014 4941 2094 5022 enin

324 5083 419 5142 oum
436 5061 589 5178 maiori
615 5061 810 5146 comitatu
838 5061 925 5144 sine
952 5059 1116 5176 sequela
1142 5087 1310 5147 suorum
1338 5079 1488 5144 terram
1517 5076 1678 5152 tenetur
1691 5071 1921 5172 peragrare.
1950 5048 2094 5138 Dimidia
2151 5099 2152 5174 3
