4384 5946
1 592 2 656 l
102 617 106 631 2

1 679 19 690 „
129 727 176 832 7·
490 604 494 612 ¹
958 675 1159 825 (Odit)

840 453 1225 532 -13‘.-.·

246 974 251 986 j

207 866 430 988 iube-Biikop·
452 903 601 969 bnassau
621 903 811 986 uppmaniug
832 899 884 964 til-l
908 901 1091 966 Prelaterne
1114 903 1124 961 i
1146 899 1186 963 K·
1209 897 1449 988 Lunuesghike
1462 909 1517 962 ,att
1538 898 1630 986 badja
1652 901 1727 966 Gud
1747 901 1799 984 liir
1820 900 1880 966 deu
1902 903 1915 966 i
2047 891 2055 925 '

250 988 376 1052 Norden
396 986 570 1071 nybiirjade
592 987 823 1080 liirsamlingens
844 986 980 1047 tillvtixt.
1662 1025 1665 1030 ,

269 1099 343 1218 ‘In
370 1139 533 1218 nomine
561 1155 705 1217 sanctae
735 1141 774 1214 8(
803 1134 1019 1217 individuae
1049 1136 1264 1216 Trinitatis.
1322 1135 1564 1214 Auscharius
1594 1137 1720 1241 gratia
1749 1137 1823 1217 Dei
1838 1139 1915 1219 Ar*
1936 1145 1943 1220 ’,

1 1303 2 1334 ;
128 1251 407 1359 chiepiscopus
436 1249 623 1329 omnihus
642 1263 797 1326 'sanctae
827 1247 900 1325 Dei
929 1248 1114 1328 Ecclesiae
1143 1245 1383 1326 Praesulibus
1412 1248 1453 1324 in
1482 1272 1607 1351 regno
1629 1242 1821 1354 duntaxat
1835 1248 1918 1327 Lu·

1 1381 2 1392 ’
128 1365 275 1446 dovici¹
291 1360 410 1465 Regis
439 1358 792 1438 commanentibus.
850 1357 975 1439 Nosse
1000 1387 1074 1445 ,vos
1103 1359 1236 1464 cupi0,
1264 1359 1360 1466 quia
1388 1358 1430 1436 in
1451 1357 1544 1437 hoc
1574 1355 1709 1438 libello
1740 1361 1918 1438 contine·

128 1469 227 1590 tur,
254 1471 428 1581 qualiter
456 1470 573 1551 Ebho
603 1470 807 1548 Remensis
836 1468 1191 1576 Archiepiscopus,
1221 1465 1359 1548 divino
1388 1465 1542 1549 afflatus
1573 1467 1737 1574 Spiritu,
1766 1485 1921 1575 tempo·
1967 1549 1972 1560 ,

128 1587 241 1666 ribus
269 1576 434 1660 Domini
461 1578 660 1659 Ludovici
689 1580 964 1685 Imperatoris,
995 1608 1085 1658 cum
1114 1605 1309 1659 consensu
1337 1581 1461 1686 ipsius
1489 1607 1535 1658 ac
1564 1605 1666 1684 pene
1694 1580 1816 1659 totius
1831 1607 1921 1686 regr

1 1747 2 1760 κ
128 1693 170 1775 ni
198 1693 285 1800 epis
314 1689 469 1800 Synodi
498 1707 768 1797 congregatae,
798 1689 963 1767 Romam
993 1687 1108 1785 adiit,
1137 1692 1273 1798 ibique
1302 1717 1324 1768 a
1351 1689 1580 1792 Venerabili
1606 1691 1718 1797 Papa
1740 1691 1921 1769 Pascha-

130 1807 158 1888 li
184 1803 389 1913 publicam
418 1798 716 1908 evangelizandi
745 1800 942 1878 licentiam
972 1802 1015 1879 in
1035 1799 1224 1909 partibus
1252 1799 1465 1907 Aquilonis
1501 1802 1667 1907 accepit.
1736 1803 1788 1881 Et
1820 1827 1923 1908 qua.-

131 1920 222 1998 liter
244 1931 389 2022 postea
416 1911 647 1992 Ludovicus
675 1912 898 2016 Imperator
926 1909 1004 1990 hoc
1032 1938 1135 2017 opus
1164 1912 1407 2004 sublimavit,
1437 1939 1559 2020 seque
1586 1912 1629 1990 in
1643 1913 1830 1993 omnibus
1845 1911 1924 1990 lar·

129 2055 226 2137 gum
254 2023 433 2132 praebuit
458 2029 497 2101 &
526 2022 783 2116 benevolum,
812 2027 852 2100 8(
880 2040 1029 2101 caetera‘
1050 2049 1140 2128 quae
1156 2022 1248 2100 huic
1263 2021 1473 2128 Legationi
1488 2023 1755 2128 contigerunt.
1778 2119 1781 2124 1
1812 2022 1924 2124 Qua-.-

129 2155 299 2250 propter
327 2129 562 2242 suppliciter
592 2129 805 2239 deprecor,
833 2150 880 2211 ut
908 2130 1017 2240 apud
1046 2133 1174 2210 Deum
1202 2132 1469 2228 intercedatis,
1484 2149 1680 2241 quatenus
1696 2135 1781 2214 haec
1794 2133 1924 2262 Lega-

1 2291 2 2330 1
131 2253 190 2332 tio
219 2273 400 2327 crescere
425 2251 464 2324 ὃς
492 2243 732 2323 fructificare
761 2260 958 2321 mereatur
986 2243 1029 2320 in
1056 2243 1243 2322 Domino.
1300 2243 1386 2321 lam
1414 2245 1519 2323 enim
1546 2244 1707 2326 Christo
1723 2246 1924 2353 propitio,
1972 2293 1987 2316 ε

1 2373 2 2464 3
133 2363 174 2442 8i
198 2355 309 2468 'apud
340 2357 477 2435 Danos
506 2361 545 2434 a
574 2351 681 2461 apud
712 2353 887 2432 Sueones
914 2354 1064 2462 Christi
1092 2351 1255 2433 fundata
1284 2370 1346 2433 est
1374 2354 1566 2450 Ecclesia,
1609 2362 1648 2435 &
1691 2355 1934 2449 Sacerdotes·
2033 2387 2042 2394 ·

1 2475 2 2544 1
132 2474 284 2580 absque
312 2467 588 2576 prohibitione
616 2465 785 2572 proprio
813 2461 1037 2569 iunguntur
1065 2464 1207 2543 cilicio.
1257 2466 1414 2544 Precor
1440 2469 1556 2546 etiam
1593 2484 1637 2545 ut
1679 2467 1749 2545 has
1793 2466 1927 2548 literas
2044 2466 2051 2482 ’

1 2615 2 2620 ’
134 2586 176 2663 in
219 2579 466 2662 bibliotheca
505 2592 637 2656 vestra
665 2573 716 2652 a'd
733 2595 980 2682 'perpetuam
1008 2577 1240 2655 memoriam
1268 2578 1412 2680 reponi
1440 2575 1610 2673 faciatis,
1639 2583 1829 2684 &prout
1865 2580 1926 2659 lo-

1 2739 2 2744 =
135 2723 206 2775 cus
234 2690 447 2771 dictaverit
474 2705 556 2767 tam
584 2714 657 2764 vos
686 2711 805 2792 quam
835 2714 1081 2766 successores
1112 2689 1255 2782 vestri,
1283 2687 1354 2765 ubi
1382 2687 1591 2768 utilitatem
1634 2706 1805 2771 vestram
1833 2674 1925 2796 peri-

1 2861 2 2864 =
133 2802 366 2914 spexeritis,
407 2815 550 2880 notum
576 2797 780 2876 omnibus
810 2796 917 2876 istud
947 2797 1106 2896 faciatis.
1164 2796 1430 2905 Omnipotens
1459 2799 1567 2878 Deus
1595 2797 1712 2879 faciat
1739 2829 1927 2900 vos.·om7

1 2961 2 3028 }
134 2942 208 2996 nes
234 2912 354 3019 hujus
383 2912 517 3022 operis
545 2910 612 3017 pia
640 2907 916 2998 benevolentia
944 2909 1178 3022 participes,
1207 2913 1247 2989 &
1275 2909 1317 2987 in
1346 2910 1495 2989 coelesti
1523 2911 1652 3017 gloria
1681 2911 1828 2992 Christi
1854 2939 1928 2993 co·

1 3041 2 3054 ¹
132 3022 323 3107 haeredes.

136 3421 181 3526 8.
874 3414 1005 3524 865.
1048 3411 1073 3522 i
1110 3401 1279 3524 Dec,r

1880 3534 1889 3566 l

209 3639 308 3706 Pafv.
328 3635 483 3703 Nicotaus
503 3638 543 3700 Its
564 3601 736 3714 Fullmakt,
755 3635 849 3720 jomte
869 3635 1017 3715 Paruum,
1039 3639 1090 3701 fot·
1119 3642 1257 3706 Rrumr
1267 3647 1314 3703 att
1325 3657 1403 3703 vara
1413 3634 1648 3728 lrhe-Bisltopi
1671 3641 1836 3728 Hamburg
1850 3567 1935 3718 cit}

263 3725 459 3802 assumus,
480 3722 586 3834 tillika
606 3721 678 3783 med
699 3719 857 3802 tatiltiga
872 3721 1082 3786 lb'rcslrister.

301 3876 509 3982 Nicotaus
539 3873 781 3982 Episcopus,
810 3898 949 3952 servus
978 3900 1188 3980 servorum
1217 3857 1310 3970 Dei,
1342 3873 1671 3961 reverendissimo
1700 3886 1739 3960 &
1767 3851 1931 3959 sanctis·

134 3993 233 4076 simo
262 3984 457 4068 confratri
485 4002 627 4064 nostro
655 3983 863 4078 himberto
892 3982 1210 4097 Archiepiscopo
1241 3982 1610 4096 Hammahurgensi.
1674 3990 1716 4080 Si
1752 3975 1933 4098 pastores

131 4106 268 4184 ovium
295 4096 423 4179 solem
451 4095 625 4204 geluque
653 4121 730 4200 pro
759 4095 890 4200 gregis
919 4096 1100 4177 custodia
1128 4097 1193 4178 die
1221 4123 1267 4175 ac
1293 4117 1411 4179 nocte
1453 4099 1557 4180 ferre
1593 4101 1770 4181 contenti
1816 4118 1933 4197 sunt,

132 4231 178 4294 nt
205 4240 257 4291 ne
287 4234 446 4319 quaen
475 4207 530 4284 eis
559 4225 629 4286 aut
656 4203 829 4284 errando
856 4223 1015 4312 pereat,
1042 4225 1111 4287 aut
1139 4206 1274 4286 ferinis
1318 4207 1464 4290 laniata
1505 4212 1704 4291 morsibus
1732 4205 1934 4318 rapiatur,
2003 4205 2005 4210 ’

132 4322 263 4406 oculis
282 4344 449 4426 semper
477 4316 737 4424 vigilantibus
762 4315 1122 4424 ,circumspectant3
1157 4337 1309 4427 quanto
1353 4318 1522 4419 sudore,
1565 4338 1794 4430 quantaque
1837 4351 1933 4402 cura

132 4435 327 4540 dehemus
372 4455 456 4509 esse
484 4427 719 4535 pervigiles,
749 4453 843 4520 nos,
872 4428 944 4536 qui
980 4447 1160 4538 pastores
1200 4427 1420 4510 animarum
1458 4431 1647 4524 dicimur,
1684 4421 1946 4513 attendamus·
2059 4507 2061 4512 .
2154 4457 2163 4466 “

1 4563 3 4632 3
134 4553 176 4626 &
204 4558 433 4651 susceptum
456 4535 638 4640 ⁴officium
667 4537 854 4618 exhihere
883 4564 978 4644 erga
1005 4537 1227 4621 custodiam
1255 4539 1545 4622 dominicarum
1574 4542 1709 4621 ovium
1737 4573 1822 4626 non
1850 4537 1933 4628 ces·

1 4681 2 4768 ζ
136 4683 286 4749 semus,
316 4679 367 4732 ne
396 4653 439 4729 in
465 4647 617 4757 judicio
645 4648 772 4730 divini
801 4651 991 4729 examinis
1019 4679 1097 4757 pro
1126 4670 1263 4732 nostra
1291 4651 1442 4735 desidia
1471 4671 1564 4733 ante
1584 4681 1780 4734 summum
1797 4657 1932 4736 Pasto-
2012 4663 2013 4668 ’

1 4811 2 4876 i
67 4845 72 4862 ,
137 4797 220 4850 rem
243 4763 504 4870 negligentiae
533 4777 666 4842 reatus
695 4761 906 4841 excruciet.
967 4759 1083 4842 Unde
1112 4760 1232 4845 modo
1262 4762 1426 4845 honoris
1447 4764 1670 4844 reverentia
1685 4763 1937 4854 sublimiores

136 4882 240 4960 inter
259 4892 436 4986 ,caemros
464 4870 702 4981 judicamur.
756 4869 926 4986 Pallium
954 4863 1084 4954 autem
1115 4892 1192 4954 ture
1220 4874 1458 4955 fraternitati
1487 4871 1539 4956 ad
1570 4879 1776 4956 missarum
1792 4867 1936 4983 soleni-

137 4992 210 5072 nia'
230 4981 472 5072 celebranda
500 4984 776 5082 concedimus,
803 4979 915 5092 quod
944 4983 1019 5066 tibi
1045 5013 1129 5067 non
1146 4985 1290 5081 aliter,
1318 4983 1503 5068 Ecclesiae
1531 5005 1610 5070 tua
1639 4988 1857 5100 privilegiis
1891 4988 1937 5070 in
