4398 5958
671 473 843 556 .··
953 373 1042 510 525'
1143 474 1204 497 .-

97 665 178 729 et..
208 683 255 728 .·.
286 641 543 730 llosln'ldensi
584 649 796 762 Episcopis
823 647 989 760 pallium
1009 647 1068 729 de
1089 655 1269 755 ‘corpore
1295 649 1406 733 Beati
1439 651 1549 732 Petri
1582 643 1806 761 sumptum.
1837 672 1903 750 ,rt

96 756 199 841 illud
228 758 420 860 tibiales
442 761 720 844 nostrariuxta
749 762 932 842 formam
958 775 1081 869 quem
1108 759 1165 838 eis
1193 760 1403 858 mittimus,
1430 761 1508 870 ipsi
1531 762 1601 843 'vel
1622 788 1763 846 eorum
1782 759 1885 848 alter
1913 820 1916 828 -

96 869 297 975 assignent
325 875 364 950 tc
392 869 567 966 tradant,
606 875 646 952 &
681 889 775 954 ate
801 873 913 980 juxta
933 871 1114 949 formam
1136 895 1257 978 quam
1284 871 1465 954 similiter
1483 874 1542 954 eis
1554 871 1768 983 dirigimus
1785 873 1883 958 fldess
1925 888 1929 898 '

95 981 226 1061 litatis·
260 983 529 1060 iuramentum
556 1008 630 1089 per
645 981 1041 1064 dictos·Ganonicum
1055 978 1333 1088 Vpsallensem
1350 1001 1391 1065 et
1403 982 1612 1064 Rectorem
1631 985 1884 1092 procidimus
1926 981 1929 988 ’

94 1089 388 1173 destinandum.
418 1091 637 1174 vNolentes
665 1094 777 1204 quod
806 1121 880 1202 per
894 1093 971 1172 hoc
984 1089 1191 1170 Lundensi
1205 1090 1481 1198 praeiudicium
1496 1093 1723 1203 generetur,
1738 1096 1883 1203 Upsal·
1919 1099 1922 1108 '

92 1201 273 1284 lensibus
289 1229 387 1281 vero
408 1203 671 1289 Ecclesiisius
685 1233 838 1285 nouum
847 1199 1021 1313 aliquod
1035 1201 1278 1310 acquiratur.
1308 1202 1373 1282 Tu
1389 1199 1729 1286 autemillointra
1743 1205 1886 1287 llccle'·.¹
1935 1283 1945 1300 ,

92 1313 191 1392 siam
208 1329 318 1390 tuam
342 1311 420 1394 illis
450 1309 593 1394 diebus
605 1319 745 1411 utaris,
775 1316 847 1425 qui
874 1313 1054 1420 expressi
1087 1312 1129 1391 in
1156 1313 1282 1418 ipsius
1299 1313 1496 1395 Ecclesiae
1524 1314 1750 1428 Priuilegijs
1784 1341 1882 1398 con·
1928 1327 1931 1334 '

6 1457 7 1468 ¹
92 1424 286 1503 tinentur.
318 1422 374 1501 Vt
396 1425 535 1532 igitur¹
549 1425 705 1532 signum
735 1452 818 1509 non
848 1424 1048 1531 discrepet
1076 1449 1099 1501 a
1127 1422 1304 1529 signato,
1333 1422 1403 1504 sed
1430 1423 1542 1534 quod
1570 1427 1675 1534 geris
1703 1429 1880 1510 exterius
1926 1423 1930 1430 ’

93 1535 202 1613 intus
237 1561 372 1614 serues
399 1535 442 1613 in
472 1551 604 1615 mente
632 1536 911 1618 discretionem
928 1550 1050 1613 ‘tuam
1080 1559 1286 1612 monemus
1314 1549 1355 1612 et
1375 1534 1587 1616 hortamur
1602 1541 1889 1648 attenteque?

90 1663 208 1750 tenus
236 1642 501 1726 humilitatem
530 1661 571 1724 et
599 1650 789 1728 iustitiam
817 1646 940 1727 dante
969 1643 1160 1738 Domino,
1181 1644 1254 1753 qui
1274 1642 1346 1723 dat
1364 1661 1585 1726 muneraet
1600 1647 1761 1754 praemia
1776 1643 1904 1727 clar?
1927 1661 1930 1668 ’

90 1756 204 1862 gitur
232 1781 472 1855 conseruare
512 1756 691 1854 studeas,
716 1763 810 1868 'quae
837 1782 955 1837 suum
983 1769 1147 1834 seruant
1175 1770 1216 1832 et
1249 1772 1491 1862 promouent
1526 1771 1773 1837 seruatorem
1782 1799 1800 1853 ‚·
1836 1769 1883 1837 et'

91 1863 369 1973 Vpsallensem
405 1866 621 1949 Ecclesiam
649 1895 837 1976 sponsam
865 1883 974 1946 tuam
1001 1891 1116 1945 cures
1144 1862 1312 1948 sollicita
1340 1879 1506 1946 auctore
1527 1865 1702 1946 Domino
1716 1864 1886 1974 spiritu·¹

90 1974 210 2165 anthr·
223 1993 263 2056 et
278 1977 551 2084 temporaliter
565 1995 838 2088 augmentare.
866 1977 1017 2056 Datum
1044 1976 1182 2054 Romae
1209 1971 1321 2082 apud
1349 1989 1530 2057 sanctum
1558 1977 1722 2078 Petrum
1749 1976 1879 2060 Nonis

88 2113 166 2193 apr
197 2114 230 2166 rs
260 2112 368 2166 anno
395 2114 543 2194 primo.
1058 2104 1063 2123 ·
1874 2107 1878 2118 “

78 2470 225 2615 Ι649.
463 2483 466 2488 ’
738 2479 888 2622 1278
934 2477 981 2582 d·
1031 2481 1063 2584 5
1110 2415 1235 2628 Apri
1727 2481 1876 2589 Rom.

44 2716 48 2728 .
171 2692 260 2786 Pdlv.
281 2695 433 2759 Nicotaus
454 2697 523 2759 Illas
541 2696 685 2780 uppdmg
705 2699 754 2762 till
773 2698 1169 2783 BiskopaaneiLinhdpiug
1188 2695 1251 2760 och
1272 2695 1400 2760 Roslild
1419 2707 1464 2761 att
1484 2697 1817 2785 diver-lemnapellium
1826 2702 1876 2766 till

220 2775 398 2840 lule-Bish.
420 2780 511 2843 lacos
532 2783 542 2841 i
564 2781 690 2866 Upsala.

1509 2859 1745 2936 mamm&

253 2998 459 3078 Nrconcs
488 2999 701 3106 episcopus
729 3025 870 3078 seruus
898 3023 1106 3076 seruorum
1136 2997 1210 3078 dei.
1242 2994 1548 3079 Venerabilibus
1573 2995 1768 3077 fratribus
1795 2996 1874 3077 lin·

79 3103 260 3218 copensi,
278 3113 317 3186 8<
332 3105 604 3204 Roslrildensi‚
619 3112 827 3217 episcopis.
857 3107 1034 3188 Salutem
1051 3113 1089 3186 &
1105 3107 1365 3216 apostolicam
1378 3103 1711 3187 benedictionem.
1726 3106 1873 3216 Munus

78 3217 403 3299 confirmacionis
418 3219 788 3299 &consecracionis
809 3216 980 3320 dilectus
995 3215 1099 3297 lilius
1113 3217 1288 3299 lacobus
1301 3219 1450 3297 electus
1464 3216 1699 3323 wpsalensis
1726 3241 1768 3296 se
1797 3217 1875 3300 rite
1893 3245 1903 3254 ·
1921 3283 1930 3292 ,

80 3355 103 3408 a
130 3328 361 3409 uenerabili
389 3326 514 3408 fratre
551 3345 691 3409 nostro
731 3329 1037 3436 archiepiscopo
1065 3326 1251 3410 lundensi
1281 3329 1424 3408 swecie
1453 3331 1623 3434 primate
1651 3326 1878 3432 optinuisse

83 3466 317 3550 proponens
344 3438 512 3520 concedi
541 3466 613 3548 per
642 3469 716 3521 nos
744 3439 822 3520 sibi
843 3439 873 3550 ι)
901 3437 1076 3546 palleum
1107 3439 1260 3546 insigne
1301 3436 1465 3546 quidem
1495 3436 1756 3545 plenitudinis
1784 3435 1874 3517 offi-

82 3551 134 3657 cij
164 3550 376 3660 pastoralis
403 3551 597 3629 instancia
626 3578 708 3659 qua
728 3549 870 3630 ‘decuit
899 3549 1129 3657 postulauit.
1146 3549 1182 3661 ²)
1209 3548 1365 3629 dilectis
1393 3547 1485 3655 filijs
1500 3545 1649 3627 andrea
1664 3549 1874 3628 'canonico

22 3759 25 3762 ,
82 3659 299 3771 wpsalensi
330 3665 369 3739 &
397 3687 564 3765 symone
579 3677 737 3740 rectore
764 3659 927 3741 ecclesie
941 3656 992 3737 de
1014 3657 1199 3764 giristum
1216 3657 1249 3770 3)
1267 3659 1612 3766 >procuratoribus
1625 3658 1707 3736 suis
1724 3657 1757 3766 ⁴)
1776 3683 1872 3765 pro-

80 3789 170 3879 pter
199 3772 276 3850 hoc
308 3768 359 3850 ad
388 3786 566 3850 nostram
595 3773 845 3930 presenciam
873 3766 1091 3850 destinatis.
1121 3770 1225 3849 Sane
1253 3766 1511 3877 postmodum
1539 3767 1688 3848 dilecto
1703 3766 1786 3844 lilio
1800 3791 1872 3874 pe·

57 3897 143 3961 tro
171 3881 369 3960 canonico
398 3878 583 3960 lundensi
618 3879 633 3992 )
662 3878 759 3961 dicti
789 3879 1080 3987 archiepiscopi
1117 3896 1368 3987 proponente
1396 3876 1484 3958 fore
1512 3874 1667 3956 dudum
1694 3878 1872 3956 auctori·

81 4006 161 4074 tate
194 3989 342 4071 indulti
377 3992 587 4098 apostolici
615 3991 885 4071 obscuratum.
917 3989 1101 4072 videlicet
1129 3988 1241 4099 quo'd
1284 3985 1515 4069 huiusmodi
1544 3986 1719 4095 palleum
1747 3983 1871 4067 debet

79 4102 207 4184 eidem
236 4099 540 4210 archiepiscopo
568 4103 791 4210 presentari
834 4129 907 4209 per
951 4127 1043 4179 eum
1084 4117 1222 4207 postea
1265 4099 1392 4179 electo
1442 4096 1656 4206 wpsalensi
1705 4093 1869 4178 traden-

79 4210 188 4294 dum.
232 4211 430 4321 dictisque
449 4209 483 4323 6)
524 4211 858 4318 procuratoribus
908 4210 1035 4320 ipsius
1086 4209 1212 4290 Electi
1239 4209 1270 4322 ⁷)
1314 4207 1562 4289 contrarium
1603 4205 1870 4287 asserentibus

79 4349 163 4404 esse
191 4323 448 4403 obseruatum
476 4335 720 4429 atempore
736 4323 849 4404 cuius
889 4321 1080 4401 memoria
1116 4346 1198 4398 non
1228 4317 1373 4399 existit.
1429 4319 1512 4398 Nos
1555 4344 1677 4424 super
1710 4314 1790 4411 hoc
1817 4315 1880 4396 de·

79 4458 262 4543 congruo
290 4429 466 4514 remedio
495 4430 712 4540 prouidere
740 4433 940 4526 volentes,
969 4431 1086 4513 uobis
1115 4457 1190 4538 per
1218 4427 1380 4510 eosdem
1404 4427 1641 4509 canonicum
1668 4424 1867 4534 wpsalen-

118 4679 144 4754 ·)
166 4672 256 4736 Ener
275 4693 313 4734 eu
334 4671 372 4734 ai
387 4672 573 4756 Bishopnrne
593 4675 702 4737 Ama
722 4677 733 4736 i
754 4673 918 4758 Strcngnds
944 4671 1007 4734 och
1027 4669 1127 4734 Knn
1148 4673 1160 4734 i
1179 4661 1247 4734 ibo
1273 4667 1363 4818 ggord
1384 4667 1520 4746 assiliit,
1541 4677 1615 4730 man
1630 4665 1673 4730 ,dr
1703 4663 1763 4727 och
1796 4637 1868 4748 dap.
1917 4629 1921 4635 ἱ
1959 4613 1960 4616 ¹

122 4760 151 4836 ι)
170 4757 230 4826 tibi
251 4755 325 4816 iK.
346 4775 370 4816 c.
395 4752 466 4836 187,
488 4755 623 4818 dicullo
643 4757 734 4820 desta
754 4759 905 4820 olillreter
924 4757 1012 4820 tara.
1054 4757 1084 4833 2)
1105 4753 1273 4839 postulasti.

1313 4755 1324 4836 )
1344 4749 1454 4839 Upect
1473 4753 1562 4816 Dior.
1581 4752 1734 4816 tillaa'ittea.
1754 4747 1787 4830 4)
1807 4749 1867 4818 lul!

154 4835 191 4920 5)
212 4838 420 4902 Prucsuatore
439 4836 592 4904 tillsir'ttea.
611 4835 644 4920 6)
663 4841 782 4924 meque
802 4845 833 4922 7)
853 4841 947 4928 ipsius
966 4837 1056 4901 electi
1077 4839 1231 4905 merlam.
1263 4859 1266 4864 ·
1299 4887 1301 4892 ¹
