4368 5950
6 1941 14 1950 ⁷
123 1901 248 1981 sertio

824 493 1234 572 -,77...

131 685 433 796 subsequenter
461 685 582 765 etiam
609 683 828 794 quaesivisti
856 699 994 782 utrum
1010 680 1196 765 monachi
1224 686 1402 768 omnium
1416 649 1646 770 sanctorum
1661 653 1918 798 privilegium

130 799 248 880 bonas
277 795 477 896 memoriae
504 797 550 876 E.
581 793 881 904 predecessoris
908 797 984 876 ((11
1004 821 1127 902 super
1153 794 1459 903 episcopalibus
1493 795 1656 880 decimis
1698 801 1920 896 retinendis
2053 901 2059 906 ,

128 905 337 990 indultum·
361 903 580 988 extendere
607 903 766 986 valeant
793 904 846 987 cd
875 905 1144 1014 possessiones
1172 903 1434 1009 postmodnm
1447 909 1661 1016 acquisitas
1674 915 1714 993 8(
1727 913 1772 994 in
1786 930 1919 1019 postes

58 1061 63 1068 ·
126 1043 219 1100 rm
248 1014 525 1128 acquirendas.
554 1017 796 1142 Superque
824 1015 902 1098 tale
931 1015 1074 1098 damus
1100 1031 1182 1096 tuce
1208 1013 1455 1100 fraternitati
1468 1043 1724 1126 respouurm,
1750 1021 1919 1132 quodsi

126 1128 374 1212 decimamrn
402 1126 561 1206 illarum
588 1127 771 1208 remusro
797 1123 904 1208 facta
933 1123 1306 1210 extitit'seouhdum
1333 1127 1549 1214 mnouieas
1560 1131 1799 1227 sanctiones,
1814 1159 1918 1240 pras·

127 1237 313 1320 decessor
341 1257 436 1320 tuus
463 1235 672 1318 indefinite
701 1233 874 1319 decimas
901 1237 1148 1345 episcopales
1176 1237 1420 1318 monasterio
1441 1237 1707 1338 remittendo,
1734 1268 1834 1328 cum.
1854 1243 1916 1324 ni·
1975 1278 1981 1284 ·

127 1349 188 1429 hil
216 1348 437 1456 exceperit,
465 1351 504 1426 8(
532 1361 692 1455 poterat
719 1348 938 1454 excepisse,
968 1376 1013 1426 ac
1042 1349 1085 1427 in
1113 1345 1317 1428 beneficiis
1339 1341 1565 1453 planissima
1596 1350 1647 1431 sit
1675 1349 1915 1458 interpretas

126 1462 186 1540 tio
228 1456 476 1554 adhibenda,
518 1485 594 1538 neo
627 1455 774 1540 debeat
806 1485 896 1538 una
939 1455 1159 1568 eademque
1186 1457 1411 1538 substantia
1442 1453 1601 1536 diverso
1628 1458 1720 1566 jure·
1743 1463 1915 1558 censeri,
2010 1543 2017 1556 ,

124 1568 367 1650 intellexisse
396 1564 559 1648 videtur
586 1594 671 1650 non
699 1567 829 1648 solum
858 1566 908 1648 de
936 1565 1097 1666 decimis
1125 1568 1422 1675 possessionum
1455 1565 1565 1650 illius
1599 1572 1809 1677 temporis,
1843 1571 1916 1661 sed

125 1679 268 1760 futuri.
299 1679 404 1760 Sane
432 1679 528 1787 quia
557 1678 758 1786 contingit
784 1674 988 1760 interdum
1016 1675 1130 1785 quod
1157 1676 1272 1758 nullo
1301 1691 1534 1759 accusatore
1563 1676 1726 1785 publice
1753 1705 1915 1788 compa

19 1831 27 1840 ·
124 1805 241 1871 rente
269 1790 341 1978 (gui
369 1788 667 1869 matrimonium
696 1791 864 1896 impetat
892 1786 973 1894 jam
989 1802 1252 1883 contractum,
1267 1785 1319 1866 ad
1334 1802 1374 1866 te
1389 1787 1546 1894 privata
1567 1788 1827 1896 quorundam
1855 1818 1915 1869 as·

306 1898 407 1980 efert
436 1898 797 2006 consanguinitatis
825 1898 889 1979 vel
918 1896 1124 1978 affinitatis
1152 1895 1502 2004 impedimentum,
1520 1922 1590 1978 an
1632 1900 1710 1982 su'b
1751 1900 1913 1982 silentio

123 2011 350 2120 praeterire,
378 2035 432 2089 au
460 2007 511 2088 ad
540 2007 907 2090 denominationem
936 2005 1233 2113 jumentalium,
1272 2024 1318 2088 ut
1345 2008 1423 2088 tuis
1452 2006 1587 2090 verbis
1615 2023 1791 2108 utamur,
1817 2039 1913 2119 pro·

122 2119 267 2202 cedere
296 2118 462 2308 debekps,
491 2119 717 2307 zuaesivisti.
767 2116 833 2202 Ad
862 2117 940 2198 hoe
968 2117 1001 2224 si
1029 2115 1535 2224 breviterrespondemus,
1556 2117 1717 2227 quodsi
1731 2148 1913 2228 personae
1964 2213 1970 2224 ,

120 2257 285 2340 ἕνεκα,
314 2258 385 2338 qur
416 2257 464 2310 us

519 2226 589 2328 dep
616 2231 682 2308 sit·
697 2231 841 2310 meritc
866 2226 1117 2324 adhibenda,
1146 2243 1226 2308 tuse
1255 2225 1502 2308 fraternitati
1529 2226 1771 2314 denuntient
1797 2228 1913 2342 quod
2037 2322 2042 2328 ἡ
2095 2265 2097 2270 ’

119 2341 150 2448 ij
179 2342 252 2449 qui
269 2340 537 2420 matrimonio
564 2356 659 2420 sunt
676 2339 894 2446 ,conjuncti
922 2364 964 2418 se
993 2337 1297 2448 propinquitate
1323 2339 1579 2445 contingant,
1608 2338 1761 2422 etiamsi
1774 2340 1911 2434 nullut
2046 2372 2048 2376 ·
2119 2355 2125 2369 '

120 2449 355 2530 manifestus
384 2465 576 2558 appareat
604 2468 831 2545 aecusator,
861 2476 918 2528 ex
944 2466 1016 2528 tuo
1052 2447 1271 2557 procedere
1314 2462 1430 2554 potes
1473 2446 1625 2542 officio,
1668 2467 1715 2529 ut
1744 2445 1911 2546 veritate

119 2560 292 2642 sollicite
321 2560 529 2668 inquisita,
559 2557 669 2668 quod
700 2559 962 2668 postulaverit
990 2557 1091 2665 juris
1120 2558 1224 2639 ordo
1254 2557 1466 2656 decernas;
1496 2559 1666 2636 maxime
1694 2563 1729 2639 si
1757 2588 1808 2640 ex
1836 2560 1909 2641 tali

120 2671 270 2779 copula
299 2668 531 2750 scandalum
559 2671 610 2750 sit
638 2669 860 2750 subortum.
891 2670 1019 2748 Porro
1048 2669 1099 2750 de
1126 2666 1256 2749 nobili
1283 2659 1372 2746 viro
1400 2669 1450 2747 N.
1478 2695 1557 2774 pro
1588 2667 1705 2774 cujus
1743 2669 1909 2778 dispeu-

117 2781 286 2875 satioue
315 2778 565 2886 indulgentia
593 2779 743 2860 scilicet
771 2777 1004 2858 remanendi
1031 2807 1123 2858 cum
1152 2805 1198 2863 ea
1226 2804 1317 2887 quae
1344 2778 1479 2884 ipsum
1504 2779 1649 2886 quinto
1667 2779 1800 2885 gradu
1810 2797 1931 2865 oon·'
2044 2818 2050 2824 ·

116 2892 401 3002 sanguinitatis
430 2890 645 2997 contingit,
674 2917 698 2967 a
726 2887 819 2970 sede
847 2888 1066 2995 apostolica
1093 2883 1333 2981 obtinenda,
1362 2885 1460 2966 falsa
1487 2887 1609 2967 nobis
1630 2914 1748 2969 causa
1776 2876 1909 2969 fuerat

116 2995 307 3108 allegata,
334 2998 470 3108 proles
498 2997 703 3096 videlicet,
735 3027 825 3079 cum
854 3014 987 3082 tamen
1022 3014 1113 3086 ante
1155 2996 1495 3125 dispensationem
1537 2975 1747 3076 obtentam
1787 2998 1907 3079 unica

115 3109 218 3206 lilia,
246 3137 367 3220 quam
395 3107 583 3206 habebat,
611 3110 717 3188 viam
745 3108 868 3188 fuerit
896 3110 1093 3188 universae
1120 3135 1253 3187 carnis
1281 3109 1479 3213 ingressa,
1509 3120 1634 3215 prout
1662 3125 1731 3190 tua
1746 3108 1906 3188 cousul-

114 3221 220 3299 tatio
249 3218 501 3314 continebat,
531 3218 779 3299 dissimulare
808 3219 960 3328 poteris
988 3234 1034 3297 ut
1063 3225 1267 3297 remaneat
1295 3217 1338 3294 in
1381 3214 1528 3321 copula
1577 3219 1634 3296 sic
1677 3235 1903 3314 eontracta,
1951 3313 1954 3319 ι

112 3355 210 3408 curn
237 3357 288 3409 ex
317 3331 586 3439 separatione,
621 3330 728 3409 sicut
761 3331 919 3424 asseris,
962 3356 1084 3437 grave
1112 3325 1248 3408 videas
1276 3323 1512 3407 scandalum
1553 3325 1769 3408 imminere.
1840 3327 1906 3407 Tu
2048 3351 2052 3356 ·

111 3437 303 3547 denique,
332 3438 456 3519 frater
483 3440 817 3546 Archiepiseope,
845 3467 968 3546 super
995 3459 1034 3520 te
1050 3439 1149 3545 ipso.
1182 3439 1332 3516 Datum
1354 3435 1500 3542 Signiae
1518 3439 1561 3517 V.
1577 3437 1680 3516 Non.
1698 3437 1900 3532 Octobris,

112 3550 377 3656 pontificatus
405 3549 532 3628 nostri
561 3575 669 3630 anno
694 3547 978 3665 sextodecimo.

125 3943 230 4046 151
756 3936 983 4040 1213d
1055 3935 1282 4042 rrOot.
1734 3935 1901 4080 Segni.
1989 3967 1996 3974 '

199 4155 293 4220 Pdsv.
317 4157 516 4218 larocnrrtus
538 4148 606 4224 nis
626 4155 765 4216 titlstnd
786 4156 835 4217 for
856 4153 1076 4238 irie-Bislop
1098 4157 1240 4218 Decenus
1261 4155 1321 4218 och
1356 4155 1521 4236 Domprott
1542 4155 1552 4213 i
1576 4148 1680 4229 Lund,
1713 4163 1759 4213 att
1781 4153 1819 4214 af
1841 4151 1911 4217 San

249 4259 349 4302 exne
370 4239 430 4302 oola
452 4237 657 4300 mon-cm
678 4240 792 4320 lnrttta
812 4247 857 4316 ett
879 4239 1108 4322 Birkopaddrne.

1265 4351 1302 4406 K.
1322 4368 1359 4404 nr.
1375 4364 1401 4403 a:
1418 4349 1478 4418 ⁸9⁷·
1496 4347 1551 4403 Aa.
1571 4349 1611 4402 (6.
1632 4331 1684 4418 Ep·
1706 4356 1764 4404 xat-

427 4488 741 4600 Areltt‘episeopo,
779 4489 961 4594 Derane,
993 4491 1031 4564 &
1061 4487 1282 4596 Praeposito
1311 4485 1591 4598 Lmtdensibus.

280 4629 384 4710 Cum
412 4655 461 4710 eo
490 4621 656 4712 faciente
685 4630 756 4740 qui
784 4627 895 4710 venit
921 4627 1075 4710 salvum
1104 4625 1235 4708 facere
1264 4601 1379 4737 quod
1412 4627 1587 4736 perierat
1615 4629 1655 4704 8(
1682 4613 1896 4726 Ecclesiam

100 4773 223 4830 suam
253 4768 357 4822 nova
384 4767 540 4850 semper
569 4735 683 4847 prole
701 4736 938 4834 ,foecrmdan
965 4736 1132 4820 Sackela
1160 4741 1199 4818 8(
1227 4737 1503 4851 Hugenhusen
1524 4731 1574 4818 de
1602 4761 1709 4816 novo
1733 4763 1894 4849 recepe·

100 4859 191 4938 rint
222 4849 391 4932 verbum
414 4851 507 4946 Dei,
534 4869 573 4934 et
600 4877 673 4958 per
716 4849 822 4932 illias
866 4845 1178 4934 misericordiam
1213 4850 1285 4960 qui
1316 4867 1423 4929 veste
1466 4865 1617 4932 nostrae
1659 4843 1893 4928 humilitatis
1973 4935 1981 4946 ,

1678 4947 1760 5030 -23

243 4995 294 5048 δυ.
314 4991 434 5059 Diplonr.
