4368 5950
884 394 1420 488 ‚fl'ffissm

312 643 533 744 202.,..l
615 747 621 755 ,
863 686 866 698 ·
966 659 1120 734 anno
1165 624 1215 734 da
1264 627 1331 734 31
1368 627 1506 732 Dec.
1877 617 2071 740 Lataron.

356 847 481 916 „laun
502 845 662 916 floronrns
675 845 760 946 ΙΙΙΙει.
771 844 974 948 skyddsbret
988 849 1039 914 tor
1061 849 1194 914 Prosten
1213 847 1275 912 odr
1297 847 1545 948 ·Kyrl07Rddct
1561 843 1732 990 illagbpp
1762 849 1987 936 samtkytkars
2002 853 2072 916 hen·

439 930 617 994 mansdelar
637 939 683 992 utr
706 929 829 1014 Hagby‚
852 932 1098 1009 Horsnuraland,
1120 935 1227 1008 Forte,
1250 931 1330 1010 Era,
1360 934 1510 1015 ffllmgc,
1535 931 1668 1016 Melbro²
1719 931 2076 1013 adambulandum·
2105 958 2108 967 ·

409 1053 414 1064 ·
438 1037 496 1110 pa,
517 1014 728 1110 Skornomme,
749 1014 929 1094 Thur-satra,
951 1011 1051 1098 ὁΙεῑα,
1067 1017 1171 1107 Silva,
1193 1015 1321 1096 Hedera,
1348 1015 1516 1100 Fribcrgn,
1537 1006 1646 1093 dland,
1670 1015 1792 1094 Ahlste,
1814 1015 1909 1095 Hum,
1923 1018 2015 1088 nt.

589 1096 593 1104 ¹
1565 1177 1571 1191 ,
1591 1131 1626 1185 A.
1646 1146 1713 1226 tta.
1731 1145 1758 1198 9.
1777 1130 1857 1188 Κ.ο.
1878 1134 1973 1204 1:417.

474 1266 684 1348 Hortomus
713 1263 929 1376 episcopus
957 1293 1097 1348 seruus
1124 1257 1336 1352 seruorum
1364 1265 1442 1375 dej.
1486 1252 1658 1366 Dilectis
1682 1263 1785 1348 filiis.
1803 1325 1812 1346 .
1831 1269 2027 1378 Proposito
2048 1287 2078 1350 et

287 1377 499 1489 xCapitulo
529 1377 693 1483 ecclesie
721 1391 858 1458 sancte
886 1374 1011 1457 Marie
1040 1377 1092 1460 dc
1122 1376 1269 1486 Hagbi.
1299 1377 1480 1478 Salutem
1508 1395 1549 1458 et
1577 1377 1841 1491 apostolicam
1861 1379 2078 1464 benedictio

307 1519 410 1572 nem.
467 1491 729 1579 sacrosancta
757 1487 936 1578 Romana
966 1488 1133 1598 ccclesia
1162 1488 1334 1571 deuoto's
1361 1507 1402 1571 et
1430 1489 1604 1578 humiles
1632 1489 1735 1570 filios
1763 1489 1814 1570 e'x
1842 1509 1992 1577 assuete
2016 1493 2081 1602 pie·

306 1603 402 1684 tatis
430 1600 569 1685 officio·
593 1597 841 1710 propensius
864 1597 1033 1709 diligere
1062 1595 1274 1690 consueuit
1297 1616 1350 1683 ⁴et
1386 1629 1438 1682 ne
1473 1629 1696 1711 prauorum
1733 1600 1943 1683 hominum
1981 1604 2080 1686 mole·

307 1715 406 1796 stiis'
423 1709 628 1821 agitentur
663 1717 746 1793 eos'
760 1719 964 1822 tamquam
991 1712 1074 1821 pia‘
1091 1725 1219 1794 mater
1234 1738 1303 1795 sue
1333 1707 1600 1832 protectionis
1630 1710 1850 1794 munimine
1880 1709 2081 1820 consonare.

304 1827 537 1936 Eapropte'r
565 1824 700 1907 dilecti
728 1823 774 1903 in
801 1822 967 1930 domino
996 1822 1072 1932 filij
1110 1823 1257 1907 destris
1287 1825 1403 1906 iustis
1437 1825 1629 1936 precibus
1673 1823 1877 1934 inclinati,
1923 1849 2084 1934 personas

307 1941 470 2018 uestras·
493 1952 535 2017 et
563 1936 697 2019 locuni
725 1935 770 2016 in
798 1961 882 2045 qno
912 1933 1054 2017 diuino
1082 1939 1176 2018 estis
1212 1935 1410 2051 obsequio
1443 1935 1662 2047 mancipatj
1698 1939 1804 2017 cum¹
1819 1939 2003 2020 omnibus
2028 1937 2085 2018 bo·

200 2083 205 2099 r
306 2049 482 2162 nisque
511 2048 864 2158 impresentiarum
905 2047 1202 2145 rationabiliter
1243 2044 1424 2158 possidet
1453 2063 1524 2128 aut
1552 2051 1595 2131 in
1624 2047 1810 2134 futurum
1837 2049 1954 2138 iustis
1979 2047 2086 2130 'modis
2118 2147 2120 2152 Ι

307 2176 514 2271 prestante
542 2159 708 2241 domino
736 2156 895 2268 poterit·
917 2159 1098 2272 adipisci,
1127 2161 1212 2252 sub,
1231 2161 1343 2252 beati
1370 2161 1481 2240 Petri
1509 2174 1550 2241 et
1587 2176 1726 2241 nostra
1742 2159 2006 2270 protectione
2020 2187 2085 2242 sus·

308 2274 492 2382 cipimus.
521 2265 757 2379 Specialiter
787 2265 921 2352 autem
978 2271 1275 2373 u'atuordecim'
1292 2270 1443 2354 solidos
1472 2288 1607 2354 uestre
1650 2286 1825 2354 moneta*
1885 2301 1960 2354 uos
1987 2272 2085 2352 habet

224 2398 226 2406 '
308 2381 642 2465 ccclesiauestra
669 2385 713 2462 in
740 2381 836 2462 villa
854 2381 913 2470 ⁴de
941 2300 1087 2492 llagbj.
1117 2384 1195 2476 Sex
1223 2378 1375 2466 solidos
1404 2410 1509 2493 quos
1535 2381 1661 2476 habe't
1690 2385 1733 2464 in
1747 2301 1915 2466 rilinde
1931 2382 2090 2487 Horsmi·¹

197 2567 204 2574 .
242 2551 248 2564 -
307 2493 463 2578 roland.
479 2493 534 2594 'et
562 2491 665 2575 duos
694 2490 892 2581 denarios.
925 2495 1171 2608 villamque
1200 2483 1350 2578 dicitur
1378 2493 1499 2576 forsa.
1529 2494 1782 2581 medietatem
1813 2495 1914 2578 uille
1941 2523 2018 2608 que
2032 2518 2088 2574 uo·

308 2611 428 2686 'catur
456 2607 548 2686 Eca.
578 2633 649 2686 sex
677 2603 898 2714 solidospin
926 2603 1066 2688 e'a'dem
1094 2606 1203 2688 anilla.
1233 2607 1395 2717 pratum
1424 2604 1539 2716 quo'd
1561 2605 1740 2688 ‘uocatur
1766 2607 1951 2690 Iormusi.
1966 2632 2090 2690 senso·

308 2715 416 2799 lidos
445 2709 486 2796 et'
515 2709 1023 2826 dimidium'qnbs'habet
1063 2712 1234 2800 invilla
1268 2716 1319 2798 de
1362 2715 1571 2840 Hyldinltj.
1606 2715 1789 2799 'sedecim
1817 2719 1971 2802 solidos
2009 2741 2091 2909 pros

307 2819 439 2931 liabets
461 2825 635 2912 tn‘vitlai
652 2825 702 2908 de
729 2827 913 2911 Muabro.
930 2821 1105 2942 'septem'
1127 2829 1278 2914 solidos
1342 2857 1417 2911 nos
1445 2827 1583 2925 habet¹
1620 2829 1662 2908 in
1706 2825 1802 2909 nilla
1846 2827 1905 2912 dc·
1943 2831 2013 2912 Phi
2029 2825 2091 2929 att}

181 2955 188 2962 ”
308 2944 381 3022 sert
406 2932 575 3052 'solidos
617 2937 720 3050 *qnos
761 2925 888 3024 hiabat
909 2947 911 2954 ’
934 2940 978 3046 ln
1020 2939 1120 3026 villa
1152 2939 1211 3023 ‘de
1255 2859 1755 3028 nelbolsa.²·¹sexzsolidos
1784 2951 1888 3054 quos
1914 2929 2093 3045 'habet'in

308 3050 406 3132 uilla
435 3047 489 3132 de'
513 3049 722 3131 Brunnun.
742 3050 853 3133 'duos
871 3047 1028 3162 'solidos
1056 3083 1160 3169 quos
1174 3049 1298 3133 habet
1313 3053 1355 3133 in
1369 3052 1466 3134 villa
1482 3051 1533 3138 de
1548 3035 1806 3136 s'o'ornemrne.
1823 3069 2001 3164 quatuor
2015 3050 2092 3130 soli·

311 3155 392 3245 dos‘
402 3189 506 3274 quos
519 3162 641 3252 habet
655 3164 698 3242 in
713 3162 807 3244 villa
823 3163 873 3244 d'e
889 3157 1095 3250 Porsedre‘.
1127 3181 1220 3248 octo
1234 3162 1386 3246 solidos
1403 3191 1507 3274 quos
1535 3157 1658 3244 habet
1686 3162 1737 3244 dc
1764 3165 1807 3244 in
1835 3165 1935 3247 villa
1963 3153 2095 3245 Eulsti.

310 3272 416 3356 duos
457 3271 609 3356 solidos
651 3302 755 3384 quos
781 3273 916 3356 habet
959 3279 1001 3357 in
1029 3277 1125 3360 villa
1154 3273 1205 3358 de
1234 3276 1403 3364 Siuwat.
1436 3274 1576 3362 ¹Duos
1604 3270 1756 3355 solidos
1783 3304 1889 3385 quos
1919 3276 2041 3357 habet
2064 3274 2097 3352 in

312 3385 410 3467 villa
438 3384 488 3467 dc
516 3387 624 3469 Esta.
654 3403 832 3495 quatuor
860 3385 1012 3496 solidos
1070 3415 1144 3470 uos
1174 3386 1296 3470 habet
1323 3387 1368 3468 in
1396 3386 1493 3468 villa
1522 3385 1573 3466 de
1601 3385 1827 3496 vrebagert.
1875 3385 1983 3501 duos
2022 3385 2099 3468 soli·

312 3493 389 3580 dos
430 3523 534 3606 quos
563 3495 698 3582 ,habet
721 3499 782 3577 ·in
825 3497 920 3580 villa
962 3497 1012 3592 de
1089 3499 1226 3588 lanum
1256 3497 1369 3601 Duos
1398 3495 1552 3580 solidos
1581 3509 1683 3607 quo's
1712 3496 1835 3578 habet
1865 3496 1908 3580 in
1930 3495 2035 3584 ,villa
2057 3495 2096 3577 de

313 3607 566 3720 paruetione.
593 3631 718 3688 vnum
745 3599 919 3691 solidum
966 3604 1068 3694 'trem
1096 3606 1223 3692 habet
1251 3607 1295 3689 in
1325 3607 1432 3690 villa
1451 3605 1502 3691 dc
1531 3607 1742 3692 Aduluste.
1778 3605 1903 3690 inum
1926 3587 2098 3698 solidair'n.

311 3737 354 3801 et
396 3734 576 3831 quatuor
605 3716 791 3828 denarios
819 3640 1080 3830 qnoslabet
1107 3720 1277 3826 invilla
1305 3719 1357 3802 dc
1386 3721 1535 3828 Huum.
1556 3715 1829 3829 possessiones
1857 3736 1899 3800 et
1928 3720 2110 3828 redditus¹

311 3833 385 3943 pia'
423 3827 542 3914 nobis
577 3826 1019 3929 fidelium'dcuotionc
1061 3831 1240 3914 collatos.
1286 3859 1332 3912 ac
1361 3831 1441 3912 alia
1469 3831 1578 3913 bona
1608 3846 1742 3912 uestra
1770 3833 1874 3913 sicut
1903 3862 1953 3914 ea
1983 3831 2101 3917 omnia

317 3947 422 4026 iuste
451 3969 499 4022 ac
526 3940 692 4052 pacifice
722 3938 946 4051 possidetis,
976 3941 1094 4023 uobis
1123 3958 1163 4023 et
1177 3971 1251 4052 per
1266 3970 1339 4025 uos
1357 3943 1435 4054 ipsi
1451 3943 1616 4026 ecclesie
1633 3943 1874 4025 auctoritate
1890 3942 2102 4055 apostolia

313 4057 609 4137 confirmamus.
632 4049 707 4134 'et'
735 4056 936 4163 presentis
962 4053 1104 4162 scripti
1131 4055 1361 4164 patrocinio
1391 4056 1654 4140 comunimus.
1712 4054 1825 4136 Nulli
1854 4052 1955 4168 ergo
1986 4055 2100 4137 omni·

310 4193 367 4249 no
396 4159 606 4246 hominum
635 4166 754 4248 liceat
786 4163 892 4247 hanc
920 4167 1109 4277 paginam
1137 4184 1274 4246 nostre
1303 4167 1567 4275 protectionis
1583 4181 1623 4246 et
1636 4166 1956 4269 confirmationis
1972 4158 2103 4276 infrin-

311 4305 420 4384 gere.
435 4275 502 4358 uel
518 4275 557 4355 ei
571 4299 673 4356 ausu
687 4280 902 4358 temerario
916 4279 1131 4358 contraire.
1146 4277 1189 4357 Si
1204 4278 1296 4387 quis
1311 4295 1445 4359 autem
1459 4277 1538 4359 hoc
1553 4295 1796 4386 attemptare
1810 4279 2101 4392 presumpserit,

313 4386 633 4496 indignationem
661 4389 951 4496 omnipotentis
976 4386 1054 4498 dej.
1082 4405 1123 4470 et
1151 4388 1497 4496 beatorumnetrj
1525 4405 1565 4470 et
1593 4391 1710 4498 Paulj
1723 4389 2008 4498 apostolorum
2035 4393 2104 4471 eius

312 4523 358 4576 se
372 4500 533 4580 nouerit
548 4499 817 4582 incursurum.
873 4502 1023 4582 Datum
1050 4501 1241 4582 Laterani
1269 4502 1320 4580 ΙΙ.
1348 4501 1442 4582 Kal.
1469 4503 1664 4612 Januarij.
1695 4500 1961 4585 pontificatus
1991 4501 2105 4586 nostri

115 4611 118 4618 ’
315 4609 439 4691 Anno
466 4611 626 4721 quimo,

591 4753 763 4840 Blybullan
783 4759 820 4818 tr
840 4749 1012 4819 bortfnlien
1031 4751 1103 4823 irin
1122 4753 1341 4842 qrorsittandc
1358 4754 1440 4822 adda
1457 4755 1519 4822 och
1541 4757 1618 4843 gula
1637 4754 1851 4823 silkestrddar.
