4384 5946
674 367 894 524 ,1-
1005 374 1365 516 as...x

1 647 7 716 s'
93 717 100 728 -
136 658 291 741 natricis
320 658 471 754 Mariae,
500 653 699 764 simulque
727 653 770 734 in
785 650 995 735 dominicae
1012 653 1174 740 Domini
1189 651 1317 734 nostri
1332 651 1426 734 lesu
1441 649 1593 744 Christi
1608 653 1824 740 nativitatis
1838 654 1925 756 die,

118 772 364 880 pariterque
391 771 435 848 in
461 767 763 886 sollempnitatis
793 766 977 846 Ecclesiae
1006 781 1084 843 tuae
1112 763 1197 860 die,
1226 765 1329 843 sicut
1342 793 1365 844 a
1379 764 1670 871 predecessore
1679 784 1823 868 'nostro
1839 770 1924 851 Do·

118 884 249 968 -mino'
263 881 463 988 Gregorio
491 879 610 987 hujus
638 879 750 974 almae
779 875 882 957 sedis
911 875 1080 985 praesule
1109 877 1304 957 sancitum
1331 893 1401 956 est.
1429 964 1432 978 ,
1459 877 1507 956 In
1523 881 1733 960 secretario
1749 907 1846 961 vero
1862 881 1943 959 in?

118 993 258 1076 aduena
283 992 586 1087 tuasanetitas,
616 989 781 1097 pallium
810 987 972 1082 debeat,
1001 1007 1040 1067 et
1068 988 1126 1078 ita¹
1149 985 1203 1067 ad
1231 989 1436 1068 missarum
1452 986 1686 1096 sollempnia
1699 992 1924 1098 proficisci,

2 1139 3 1174 1
121 1111 169 1186 -ἃ
190 1103 298 1186 inihil
327 1104 403 1184 sibi
431 1101 601 1209 amplius
628 1129 728 1181 ausu
755 1100 973 1182 temerariae
1000 1099 1322 1206 praesumptionis
1349 1098 1564 1204 adrogare,
1593 1100 1740 1182 nedum
1748 1103 1796 1200 in
1816 1120 1926 1184 exte.

2 1299 3 1308 ,
116 1219 227 1298 riori
255 1215 396 1296 habitu
426 1212 651 1298 inordinate
680 1211 834 1320 aliquid
871 1211 1114 1318 arripiatur„
1170 1209 1296 1317 Cujus
1325 1211 1516 1318 queniam
1545 1209 1768 1305 indumenti
1793 1216 1925 1296 honos

131 1327 324 1409 modestia
352 1341 513 1405 actuum
549 1325 758 1405 vivacitate
794 1323 1012 1404 servandus
1030 1341 1123 1419 est,
1152 1322 1361 1402 hortamur
1389 1339 1434 1401 ut
1455 1327 1493 1402 St
1523 1340 1666 1404 cuncta
1693 1345 1926 1424 ornamenta

131 1439 388 1532 conveniant,
427 1441 818 1546 quatenus‘auct'ore
858 1435 944 1514 Deo
972 1433 1080 1516 recte
1118 1432 1335 1541 utrobique
1378 1436 1506 1540 possis
1548 1459 1631 1512 esse
1669 1439 1924 1544 conspicuus.
2039 1429 2043 1440 ’

117 1552 269 1660 ,ltaque
302 1549 386 1628 vita
411 1564 481 1627 tua
509 1547 600 1628 filiis
627 1549 707 1628 tuis
735 1548 786 1626 sit
814 1545 966 1653 Regula
995 1547 1037 1624 in
1065 1548 1170 1652 ipsa,
1199 1545 1232 1623 si
1261 1572 1344 1653 qua
1371 1543 1569 1636 tortitudo
1594 1545 1925 1653 1llrs1nJeetaest,

129 1662 348 1769 dirigatur,
377 1660 420 1738 in
447 1665 493 1738 ea
523 1656 636 1767 quod
666 1659 874 1739 imitantur
903 1658 1115 1763 aspiciant,
1147 1657 1190 1733 in
1227 1655 1314 1761 ipsa
1349 1683 1389 1735 se
1433 1683 1589 1762 semper
1632 1655 1924 1746 considerando
2059 1689 2070 1706 ·
2143 1655 2146 1662 ⁴

131 1773 361 1880 proficiant,
391 1787 436 1850 ut
464 1786 578 1850 tuum
607 1787 699 1876 post
714 1769 945 1848 vDominum
975 1767 1156 1848 videatur
1185 1792 1268 1845 esse
1284 1765 1586 1876 bonum„quod
1601 1770 1785 1852 vixerint.
1843 1771 1926 1850 Gor

121 1911 222 1991 ‚ergo
251 1884 388 1992 neque
446 1893 631 1988 respera',
659 1908 751 1991 quae
781 1879 1045 1986 corporaliter
1075 1875 1339 1960 blandiuntur
1358 1879 1585 1975 extollant,
1612 1908 1743 1989 neque
1759 1880 1926 1961 adversa

129 1995 338 2102 dejiciant,
367 1909 444 2072 sed
465 1990 659 2101 quitquid
688 1988 789 2080 illud
819 1989 957 2086 luerit,
1002 1990 1150 2069 virtute
1194 1990 1395 2095 patientiae
1438 1989 1685 2074 devincatur.
1758 1992 1925 2074 Nullum

130 2105 234 2214 apud
263 2124 308 2187 te
337 2106 486 2197 locum,
515 2101 670 2183 nullum
698 2102 834 2182 favore
863 2101 1123 2196 indiscretus,
1149 2100 1342 2197 inveniat,
1376 2101 1595 2208 benignum
1623 2121 1662 2184 te
1691 2102 1789 2184 boni
1832 2131 1925 2183 sen·
2040 2173 2043 2188 ,
2157 2131 2162 2144 ’

2 2221 5 2234 ’
129 2219 246 2311 tiant,
280 2210 515 2297 destrictum
544 2213 637 2294 mali
666 2228 934 2318 cognoscant,
963 2214 1161 2294 insontem
1190 2239 1304 2292 reum
1341 2211 1450 2321 apud
1492 2232 1532 2293 te
1576 2216 1777 2321 suggestio
1822 2217 1925 2302 mala

130 2354 208 2408 non
236 2325 380 2422 faciat,
409 2341 618 2406 nocentem
648 2319 775 2432 gratia
803 2351 886 2404 nou
914 2341 1095 2420 excuset,
1138 2325 1346 2403 remissum
1388 2342 1427 2404 te
1470 2317 1796 2435 delinquentibus
1838 2355 1925 2432 non

127 2438 337 2532 ostendas,
365 2465 416 2518 ne
446 2433 558 2545 quod
589 2434 697 2515 ultus
727 2462 810 2516 non
825 2433 1439 2544 fueris,·perpetrariper1nittas.
1497 2436 1558 2516 Sit
1573 2439 1616 2516 in
1630 2454 1669 2516 te
1684 2437 1837 2518 etboni
1851 2467 1924 2548 pa-

127 2553 244 2655 storis
274 2548 468 2644 dulcedo,
497 2547 549 2628 sit
577 2565 616 2626 et
643 2545 789 2654 judicis
819 2573 957 2636 severa
986 2547 1201 2643 districtio,
1231 2547 1368 2626 unum'
1385 2545 1535 2627 scilicet
1562 2545 1674 2656 quod
1691 2547 1924 2646 innocentes

2 2719 3 2762 r
127 2664 308 2742 viventes
335 2659 486 2754 foveat,
516 2657 626 2738 aliud
655 2656 767 2767 quod
796 2658 997 2766 inquietos
1040 2656 1291 2744 feriendosa
1330 2659 1526 2764 pravitate
1560 2679 1797 2767 compescat.
1852 2663 1924 2762 Vi·

126 2770 214 2852 duis
241 2789 286 2851 et
313 2770 478 2880 pupillis
506 2766 651 2874 injuste
679 2771 881 2876 oppressis
903 2768 1081 2853 defensio
1097 2785 1165 2848 tua
1180 2769 1402 2853 subveniat.
1458 2770 1581 2866 Ecce,
1596 2769 1719 2858 frater
1735 2771 1922 2860 charissi.
2008 2785 2011 2791 ’
2075 2805 2078 2813 ,
2168 2762 2172 2781 '

1 2892 3 2960 ἰ
127 2909 219 2979 mc,
238 2885 348 2963 intus
377 2881 502 2960 multa
530 2879 606 2959 alia
634 2881 717 2960 ista·
735 2896 829 2959 sunt
859 2879 1091 2976 sacerdotii,
1120 2881 1194 2962 ista
1223 2897 1318 2959 sunt
1347 2877 1462 2986 palii,
1492 2907 1584 2989 quae
1599 2882 1632 2960 si
1646 2881 1824 2966 studiose
1838 2911 1921 2964 ser·
2003 2877 2007 2889 ’

130 2995 303 3088 vareris,
331 2990 444 3100 quod
472 2988 570 3070 foris
599 2991 797 3097 accepisse
824 2990 1064 3086 ostenderis,
1094 2990 1200 3076 intus
1229 2990 1403 3080 habebis,
1462 2990 1607 3071 Sancta
1637 2991 1813 3081 Trinitas
1841 2995 1921 3074 fra·

126 3105 354 3186 ternitatem
380 3121 495 3183 tuam
520 3100 591 3188 diu
619 3127 856 3182 conservare
887 3100 1075 3208 dignetur
1103 3099 1330 3180 incolumen
1359 3120 1481 3210 atque
1510 3121 1602 3210 post
1644 3102 1764 3209 hujus
1797 3133 1920 3192 saecu-

1 3202 3 3254 l
126 3211 497 3294 liemaritudinem.
555 3213 656 3294 Data
686 3237 759 3318 per
789 3240 928 3291 manus
959 3214 1094 3292 lvonis
1123 3212 1359 3300 Cancellarii
1389 3230 1535 3299 sanctae
1566 3213 1753 3302 Romanae
1784 3215 1919 3306 Eccle-

2 3320 3 3394 l
127 3328 190 3406 siae
219 3330 263 3406 in
293 3352 429 3406 mense
457 3325 610 3407 Martio,
672 3321 898 3408 Indictione
927 3328 1052 3410 tertia.
1349 3329 1352 3333 ’

2 3667 3 3672 ¹
129 3754 217 3824 20.
607 3836 610 3845 ¹
773 3738 920 3864 1047
970 3719 1017 3824 d.
1068 3737 1140 3847 24
1187 3721 1311 3867 Apr.

203 3939 299 4003 Pstv.
326 3939 463 4002 Cernens
484 3941 539 4003 tta
560 3939 750 4003 stedfastelse
773 3941 791 4001 b
819 3942 1022 4024 ffiregdende,
1045 3907 1116 4002 nied
1129 3942 1294 4038 ¹dtslrilliga
1315 3941 1432 4024 titlagg.
1677 4023 1713 4080 L

293 4087 482 4171 Caeneus
511 4093 746 4199 Episcopus,
763 4091 909 4170 Servus
925 4092 1142 4173 Servorum
1158 4077 1251 4188 Dei,
1267 4091 1413 4171 dilecto
1429 4089 1621 4173 confratri
1634 4025 1790 4175 nostiii
1797 4091 1920 4172 Adal·

13 4271 16 4278 .
123 4201 241 4283 berto
270 4201 491 4282 venerabili
520 4203 834 4310 Archiepiscopo
863 4203 1242 4311 Hammaburgensis
1271 4201 1476 4300 Ecclesia,
1515 4206 1677 4312 suisque
1717 4230 1921 4308 suceesso-

126 4311 239 4394 ribus
270 4315 316 4412 in
345 4339 418 4418 per
449 4330 596 4394 etuum.
654 4313 854 4404 Convenit
882 4314 1118 4421 Apostolico
1146 4313 1407 4394 moderamini
1434 4314 1502 4421 pia
1538 4315 1731 4421 religione
1764 4316 1921 4423 pollen·

125 4423 234 4506 tibus
258 4341 461 4505 'benevola
490 4426 764 4535 compassione
792 4451 1027 4505 succurrere
1054 4423 1373 4533 &poscentium
1401 4424 1541 4505 animis
1579 4425 1699 4506 alacri
1740 4426 1921 4512 devotio-

124 4561 176 4616 ne
204 4534 390 4643 praebere
419 4563 631 4618 assensum.
688 4537 749 4616 Ex
778 4535 855 4614 hoc
884 4537 990 4614 enim
1018 4536 1121 4618 lucri
1149 4538 1400 4642 potissimum
1428 4538 1637 4642 praemium
1674 4535 1783 4646 apud
1825 4567 1933 4626 con·¹

1 4640 15 4683 ⁸
121 4645 301 4728 ditarem
332 4646 510 4728 omnium
539 4647 746 4730 dominum
776 4644 920 4752 procul
949 4649 1076 4728 dubio
1105 4673 1381 4755 promeremur
1409 4645 1505 4727 dum
1549 4649 1791 4729 venerabilia
1832 4649 1922 4738 loca

121 4773 362 4867 opportune
391 4754 442 4836 ad
470 4753 673 4840 ineliorem
702 4757 852 4838 fuerint
879 4757 963 4838 sine
991 4757 1117 4840 dubio
1144 4776 1291 4840 statum
1318 4755 1522 4866 perducta,
1577 4758 1708 4866 lgitur
1736 4762 1831 4868 quia
1845 4788 1920 4867 po·
2003 4762 2010 4784 '

121 4867 305 4966 surlastis
337 4895 361 4946 a
387 4868 504 4950 nobis
531 4889 732 4979 quatenus
759 4867 1144 4979 archiepiscopatum
1172 4867 1549 4974 Hammaburgensis
1576 4870 1749 4950 ecclesiae
1792 4876 1921 4952 totum
1948 4909 1951 4917 2

2 4979 3 4988 '
124 4979 335 5088 integrum
363 4979 479 5061 vobis
498 4982 851 5076 ‚confirmaremus
880 4981 1048 5068 sicutia
1081 4979 1443 5089 praedecessoribus
1484 4983 1631 5064 uostris
1674 4980 1840 5063 Nicolac
1882 4984 1921 5062 8<
2038 5011 2044 5024 ¹
2117 5007 2133 5078 χ
