4368 5950
800 467 1213 554 *2334-

116 681 234 768 litatis
261 681 548 792 accipiatisab
575 685 666 796 ipso
697 685 874 768 Ecclesia
902 687 1081 770 Romane
1112 687 1275 768 nomine
1289 684 1570 795 juramentum.
1597 688 1726 771 Porro
1740 690 1774 772 si
1798 689 1904 801 quid

115 794 160 880 de
185 793 383 876 alterutro
410 809 590 876 vestrum
623 811 730 878 ante·
747 795 870 906 pallei
898 799 1207 907 assignationem
1241 797 1474 882 humanitus
1502 800 1609 883 forte
1637 803 1904 913 contingeret,

111 905 287 1016 reliquus
315 902 599 988 nichilominus
630 904 865 989 mandatum
893 909 1158 1020 apostolicum
1187 925 1424 1022 exequatur.
1453 911 1602 995 Datum
1625 912 1815 1018 Laterani
1830 915 1901 996 ΙΙΙ.

113 1017 204 1106 Idus
232 1015 416 1126 lanuarij
445 1017 567 1106 Anno
584 1019 765 1138 ¹¹Octavo.
953 1019 957 1024 ’
1585 1021 1586 1026 ‘
1620 1021 1623 1030 '

121 1447 249 1517 221.
416 1534 420 1552 Ι
517 1497 590 1558 3,
754 1433 905 1545 1224
951 1413 1001 1522 d.
1056 1417 1278 1525 11Jan.
1672 1415 1902 1524 Lateran.
2006 1396 2072 1530 ⁵.

89 1623 91 1628 ¹
120 1664 123 1672 ·
185 1631 280 1698 Parc.
302 1601 462 1718 Honorius
481 1630 552 1699 lll'ti
572 1635 744 1698 Slrllvelse
767 1599 837 1716 nied
862 1635 1139 1719 diremtndningen
1163 1637 1200 1699 af
1217 1637 1354 1702 Pallium
1375 1637 1426 1702 till
1449 1637 1551 1702 Pam
1572 1635 1730 1720 sinsus,
1751 1664 1815 1705 som
1837 1643 1906 1706 srtn

199 1712 403 1806 Ι’Βςηιιῑννοα
424 1715 1088 1803 blilvitvaltltill.lirke·BiskopiLund.
1156 1747 1217 1774 ιν.
1296 1731 1298 1739 ’
1393 1731 1398 1744 ’
1463 1736 1506 1762 ··
1771 1735 1815 1814 *Ι

360 1823 382 1892 ,’
494 1823 538 1890 ,’
618 1818 687 1890 ’ζ
767 1851 783 1858 ··
954 1816 999 1884 Ιῖτ
1236 1871 1283 1882 ..
1339 1813 1771 1913 ri.nca..xn.a.:sp.'i7a
1854 1843 1890 1900 η

437 1931 641 2018 Honorius
669 1943 741 2018 &a
771 1941 929 2021 Dilecto
957 1943 1087 2049 Foro.
1117 1998 1125 2019 .
1158 1999 1168 2018 .
1197 1938 1337 2021 Eleeto
1360 1942 1571 2022 moderari.
1621 1988 1624 1998 ι
1677 1939 1683 1952 ’
1812 1945 1815 1952 ’

270 2077 374 2160 Cum
392 2094 508 2190 ,post
523 2080 689 2190 petitam
717 2083 967 2179 instantiam,
997 2097 1038 2161 et
1067 2079 1228 2162 demum
1258 2080 1461 2190 obtentam
1485 2081 1736 2166 Venerabilis
1751 2085 1905 2168 Fratris
1979 2167 1984 2172 .

102 2192 227 2278 nostri
260 2251 269 2272 .
307 2251 316 2270 ·
333 2189 554 2300 'quondanl
570 2185 796 2271 Lundensis
811 2193 1115 2302 Archiepiscopi
1130 2186 1348 2274 cessionem
1362 2208 1457 2274 vota
1480 2190 1777 2276 Canonicorum
1791 2191 1905 2278 Lun-

102 2303 290 2386 densium
320 2303 363 2384 iu
390 2310 431 2380 te
444 2297 448 2308 ’
459 2317 559 2380 tunc
580 2291 759 2410 ipsorum
776 2295 1030 2412 Propositum
1044 2299 1302 2384 concorditer
1317 2306 1615 2403 convenissent,
1631 2293 1727 2418 q'uia
1741 2306 1906 2416 tandem

100 2417 337 2502 examinato¹
358 2407 462 2495 sic'tr't
482 2407 625 2492 'decuit
642 2405 847 2524 'processu
876 2415 1083 2506 electionis
1112 2422 1181 2494 tue
1218 2417 1446 2520 invenimus
1480 2445 1567 2496 eam
1595 2434 1688 2526 post
1714 2417 1903 2526 publica-

97 2527 251 2606 tionem
283 2550 549 2634 consensuum
578 2517 618 2623 e't
643 2524 872 2636 collationis
901 2522 1382 2636 tractatumaliquandiu
1411 2527 1535 2608 fuisse
1550 2531 1811 2636 protractam,
1840 2557 1902 2612 as-

98 2657 345 2746 sensumque
386 2651 512 2714 tuum·
548 2629 659 2742 prius
690 2664 782 2716 uam
815 2639 974 2720 *electus
1021 2636 1145 2718 fueris
1173 2639 1430 2748 requisitum,
1458 2637 1696 2722 electionem
1724 2636 1904 2732 eamdem

16 2791 22 2800 ·
95 2773 144 2828 ex
175 2750 306 2857 ipsius
334 2744 544 2827 dumtaxat
572 2663 808 2848 inordinato
836 2775 1030 2862 processu
1058 2749 1209 2857 justitia
1232 2752 1471 2830 cassavimus
1515 2751 1713 2858 exigente.
1749 2751 1903 2833 Verum
2001 2754 2008 2768 ’

94 2886 144 2939 ne
173 2861 294 2968 gregi
324 2857 552 2950 Dominico'⁴
566 2849 644 2957 diu
667 2852 824 2940 deesset
861 2871 959 2940 cura
1001 2861 1174 2968 pastoris
1203 2887 1295 2939 cum
1324 2877 1407 2942 tam
1432 2887 1508 2968 per
1551 2859 1778 2969 predictum
1805 2863 1903 2941 Pre-

93 2969 350 3050 decessorem
379 2960 657 3078 tuumqu'arrl'
672 2963 889 3050 L'undense
917 2971 1151 3078 Capitulum
1180 2963 1253 3050 nec
1282 2998 1366 3052 non
1394 2988 1435 3051 et
1463 2969 1685 3053 multorum
1718 2973 1899 3067 testimo-

91 3081 159 3162 nia
191 3077 464 3166 intelleximus
480 3075 743 3195 ‘prelatorum
772 3078 883 3191 quod
913 3083 1027 3161 oneri
1056 3099 1097 3160 et
1125 3081 1272 3163 honori
1310 3082 1536 3164 Lundensis
1558 3082 1741 3164 ‘Ecclesia
1770 3083 1907 3163 scien-'

91 3192 163 3288 tia,
196 3208 329 3286 etate,
358 3217 403 3269 ac
432 3190 612 3268 moribus
634 3191 905 3300 congruebas
944 3207 984 3271 te
1011 3193 1089 3300 ipsi
1126 3190 1416 3302 proficiendum
1458 3192 1726 3302 providimus,
1762 3209 1804 3274 et
1845 3194 1921 3278 ad·
1963 3261 1969 3272 .

88 3301 179 3410 ejus
208 3327 354 3382 curam
383 3316 424 3379 et
451 3297 763 3382 sollicitudinem
793 3303 1088 3384 assumendum.¹
1115 3302 1378 3384 Postmodum
1405 3330 1504 3384 vero
1526 3302 1682 3404 dilectis
1709 3304 1901 3387 filiisMa-
1996 3329 2002 3336 '

85 3413 222 3522 gistro
254 3411 409 3492 Albero
436 3426 477 3490 et
505 3408 668 3492 Andrea
701 3413 933 3494 Presbitero
963 3411 1112 3520 prefati
1155 3414 1334 3522 Capituli
1377 3415 1540 3496 Nuntiis
1577 3413 1751 3523 palleum
1786 3415 1900 3529 quod

89 3541 151 3608 est
181 3520 456 3636 plenitudinis
484 3521 608 3603 officii
636 3523 877 3630 pontificalis
906 3525 1072 3632 insigne.
1091 3552 1184 3606 cum
1212 3552 1257 3612 ea
1317 3551 1368 3604 ue
1383 3523 1519 3606 decuit
1539 3525 1728 3607 instantia
1757 3543 1900 3634 postu·

85 3633 299 3732 lantibus,
327 3659 403 3714 nos
423 3633 600 3730 vutilitati
629 3635 921 3744 prospicientes
951 3634 1127 3723 Ecclesie
1156 3553 1406 3742 supradicte,
1443 3663 1490 3714 ac
1519 3637 1731 3744 specialem
1748 3663 1898 3746 ,perso-

83 3775 135 3828 ne
182 3766 261 3829 tue
291 3765 413 3854 super
441 3747 610 3850 gratiam
638 3743 962 3852 facere'gratiam
993 3747 1220 3853 cupientes,
1249 3773 1323 3855 per
1351 3743 1511 3827 eosdem
1541 3747 1713 3828 Nuntios
1738 3746 1794 3829 ‘ad
1822 3776 1897 3829 no·

83 3885 181 3939 men
213 3871 261 3937 et
291 3882 407 3936 usum
435 3850 562 3962 ipsius
591 3856 817 3937 Lundensis
845 3855 1022 3935 Ecclesie
1052 3855 1257 3936 devotioni
1285 3872 1356 3937 tue
1384 3857 1690 3938 transmittimus
1704 3857 1895 3966 palleum,

13 4005 18 4016 ·
80 3995 170 4081 quo
202 3995 305 4049 cum
333 3981 592 4048 consecratus
621 3967 746 4046 fueris
774 3966 921 4050 debeas
951 3964 1152 4066 decorari,
1181 3967 1257 4046 tibi
1285 3965 1362 4046 sub
1406 3985 1514 4048 certa
1530 3965 1675 4064 forma,
1703 3995 1822 4077 quam
1852 3969 1896 4050 in

18 4132 23 4141 ·
79 4081 172 4162 aliis
205 4078 359 4160 litteris
376 4077 536 4157 ,nostris
566 4077 828 4186 exprimimus
857 4075 1131 4158 tribuendum.
1175 4078 1373 4157 Porro.et
1401 4077 1434 4156 si
1462 4076 1629 4157 firmiter
1670 4095 1894 4179 teneamus,

76 4189 199 4304 quod
235 4193 283 4270 in
299 4187 523 4298 prelatione
550 4187 627 4269 tibi
655 4185 837 4293 ejusdem
866 4187 1042 4270 Ecclesie
1070 4189 1223 4270 credita
1254 4203 1294 4267 te
1323 4183 1581 4267 laudabiliter
1601 4185 1750 4269 debeas
1778 4215 1893 4270 exer·

76 4331 196 4400 uere,
231 4302 334 4410 quia
363 4297 627 4380 tamenlame
657 4303 725 4378 tu'e
754 4299 862 4380 avidi
883 4303 1037 4395 sumus,
1073 4317 1119 4380 et
1140 4300 1201 4379 tui
1244 4299 1438 4379 zelatores
1479 4296 1646 4378 honoris
1683 4296 1891 4380 discretio·

74 4441 175 4496 nem
207 4433 328 4492 tuam
357 4434 566 4490 monemus
595 4423 747 4490 attente
768 4431 843 4517 per
871 4409 1092 4519 apostolica
1119 4411 1194 4491 tibi
1227 4410 1375 4516 scripta
1404 4407 1654 4503 mandantes,
1690 4425 1891 4520 quatenus

71 4525 207 4608 sicin
241 4523 358 4604 bono
387 4533 629 4627 potestatem
655 4517 732 4600 tibi
767 4517 980 4600 vendicare
1022 4545 1235 4628 procures,
1279 4536 1325 4600 ut
1353 4520 1398 4609 in
1425 4517 1675 4624 corrigendis
1718 4519 1890 4603 subditis

70 4637 173 4743 plus
207 4628 332 4738 apud
359 4647 399 4710 te
427 4627 559 4735 valeat
587 4631 696 4734 ratio,
718 4656 840 4738 quam
875 4647 1072 4740 potestas,
1110 4647 1235 4742 atque
1263 4646 1305 4710 te
1338 4629 1437 4726 boni
1465 4627 1625 4725 ducem,
1668 4630 1763 4713 mali
1791 4651 1902 4733 reret

68 4746 196 4856 pium
231 4743 416 4824 sentiant
436 4757 721 4848 ,conecterem
747 4743 901 4828 ,Datum
928 4758 974 4828 ut
1001 4769 1134 4852 supra.
1287 4832 1290 4841 ,
1634 4823 1638 4834 ,
1690 4775 1693 4832 ῐ
1805 4745 1835 4830 ’.
1870 4793 1872 4812 =

464 4917 468 4924 .
1007 4915 1010 4920 .
1390 4912 1395 4946 ,
1901 4910 1906 4940 ,

220 4981 461 5070 suorum„
597 5027 865 5064 ,
1455 5014 1541 5056 ¹.
1708 4955 1757 5054 ³9
1857 4985 1902 5048 ῃ
