4384 5946
17 5112 25 5191 l

17 5360 25 5445 l

18 5448 23 5469 .

18 5494 27 5643 l

19 5638 34 5739 l

818 365 1267 550 ...m-²

222 662 367 759 Notum
412 676 465 756 sit
509 655 696 757 omnibus
725 691 807 753 tarn
843 672 989 754 futuris
1023 697 1145 784 quam
1174 672 1441 780 presentibus.
1471 671 1583 785 quod
1612 701 1688 782 ego
1717 675 1900 756 Ascerus.

124 809 247 872 sancte
281 786 509 868 Lundensis
539 787 703 867 ecclesie
733 784 1070 894 archiepiscopus.
1100 784 1287 867 dedicsui
1315 786 1487 892 criptam
1529 785 1691 866 maioris
1734 784 1906 884 ecclesie¹

123 905 161 982 iu
186 901 343 981 ciuitate
373 898 582 979 Lundensi
609 897 655 1004 jn
684 897 880 976 honorem
909 897 1039 976 sancti
1067 895 1259 1003 johannis
1286 895 1463 1002 baptiste
1490 897 1669 976 omnium
1700 923 1752 976 ue
1773 899 1900 1006 patri·

83 1010 87 1019 ’
123 1011 319 1092 archarum
354 1036 401 1087 ac
431 1009 722 1117 prophetarum
750 1007 889 1086 christi
918 1007 1040 1087 Auno
1075 1005 1275 1088 dominice
1310 1007 1616 1087 incarnacionis
1712 1007 1899 1088 CXXIII.

121 1122 328 1229 indictione
371 1121 512 1226 prima.
555 1117 686 1226 pridie
722 1115 884 1198 kalend.
918 1115 1020 1222 julii.
1082 1119 1135 1196 Et
1169 1143 1271 1226 quas
1304 1117 1450 1197 curias.
1477 1143 1582 1227 quos
1618 1142 1898 1230 mansosque

5 1240 7 1274 l
145 1232 247 1312 redia
289 1257 392 1340 quas
433 1227 610 1340 denique
646 1228 915 1338 possessiones
943 1225 1074 1308 cidem
1102 1227 1269 1308 ecclesie
1297 1228 1486 1336 proprias
1515 1223 1697 1310 dederim
1725 1223 1779 1308 ad
1806 1255 1901 1310 vsus

5 1357 6 1375 ¹
118 1263 287 1424 liatrum.
330 1339 519 1419 omnibus
560 1339 632 1449 qui
671 1338 842 1419 aderant
876 1339 921 1418 in
948 1336 1090 1420 eadem
1119 1339 1284 1418 ciuitate
1312 1353 1454 1418 notum
1483 1337 1561 1418 feci
1617 1337 1670 1416 Et
1696 1352 1742 1418 vt
1768 1338 1899 1420 sciam

120 1471 190 1532 tam
227 1452 378 1560 posteri
413 1478 534 1560 quam
559 1465 777 1558 presentes.
792 1446 953 1529 easdem
966 1451 1099 1529 curias
1114 1449 1439 1558 &possessiones
1453 1451 1497 1528 in
1520 1448 1642 1528 huius
1656 1445 1900 1557 descripcIo·
2016 1476 2018 1486 ·

120 1565 173 1644 nis
200 1589 343 1670 pagina
375 1562 552 1669 propriis
580 1559 789 1641 vocabulis
818 1575 962 1640 notare
992 1561 1132 1640 curaui
1149 1561 1318 1642 eurum
1331 1586 1485 1640 wesum
1499 1557 1718 1640 habentem
1735 1561 1772 1639 II
1787 1585 1901 1640 man·

119 1702 176 1753 sos
203 1673 365 1752 Curiam
394 1672 485 1780 aby.
514 1671 732 1750 habentem
763 1670 821 1748 Vl
850 1697 1009 1750 mansos
1038 1677 1078 1751 &
1106 1669 1330 1754 dimidium.
1386 1671 1550 1751 Curiam
1579 1668 1806 1752 inhambri.
1821 1669 1900 1750 ha·

5 1803 6 1808 ’
79 1864 82 1872 ,
118 1785 269 1863 bentem
306 1810 488 1863 mansum
524 1789 562 1863 8<
596 1779 807 1862 dimidium
843 1782 1004 1860 Curiam
1041 1782 1255 1890 werpingi.
1290 1781 1508 1863 habentem
1526 1783 1722 1862 ¹mrmsum
1751 1787 1790 1862 &
1808 1806 1904 1862 mo·

118 1895 328 1976 leudinum.
385 1894 550 1972 Curiam
578 1891 856 1998 frithuthorpi.
883 1889 1102 1972 habentem
1131 1918 1312 1973 mansum
1342 1894 1556 2000 integrum.
1614 1893 1776 1973 Curiam
1807 1919 1902 2000 gyr-

117 2005 302 2113 thisheog.
333 1992 551 2084 habentem
580 2005 716 2084 IIII:or
745 2029 904 2082 mansos
933 2005 984 2082 Et
1026 2003 1180 2100 curiam
1222 2002 1519 2100 heruistathum
1562 2003 1606 2082 in
1641 2029 1781 2085 manso
1822 2001 1904 2084 fra·
2039 2085 2043 2093 ,

116 2128 224 2196 trum'.
284 2116 385 2194 Item
414 2115 537 2194 statui
566 2112 827 2223 prebendam.
855 2115 923 2194 cui
951 2116 1159 2222 pertinent
1186 2115 1264 2194 VII
1293 2115 1422 2194 mansi
1449 2121 1489 2196 tc
1516 2111 1706 2196 dimidius
1735 2117 1783 2194 In
1805 2110 1904 2196 ville
1973 2153 1976 2165 ·

116 2225 210 2334 ruby
243 2211 322 2306 llll
359 2226 486 2306 mansi
513 2231 552 2306 &
579 2222 770 2306 dimidius
797 2221 1036 2333 Eskilstorp.
1066 2253 1240 2305 mansus.
1298 2223 1477 2334 Isheogi,
1504 2227 1793 2308 mansusltem.
1810 2251 1905 2334 pre·

115 2335 283 2419 bendam
312 2337 516 2418 constitui.
546 2337 613 2419 cui
641 2339 850 2444 pertInent
877 2333 1077 2444 burgahy.
1108 2339 1165 2417 III
1196 2337 1324 2417 mansi
1352 2337 1567 2420 Simbrose.
1599 2340 1637 2418 ΙΙ
1666 2337 1796 2418 mansi
1824 2335 1905 2419 sol·
2016 2409 2025 2432 ,

115 2463 247 2529 nentes
282 2446 556 2561 quadraginta
586 2446 748 2529 solidos.
777 2446 835 2526 III
863 2474 996 2528 marce
1025 2446 1076 2529 de
1105 2445 1246 2528 debito
1275 2448 1450 2528 ciuitatis
1478 2445 1518 2532 8ι
1546 2447 1689 2530 insule.
1747 2448 1830 2527 Has
1859 2473 1905 2530 o·

114 2585 217 2639 mnes
244 2577 377 2640 terras
406 2559 635 2668 conquisiui
663 2558 793 2638 multo
821 2555 963 2639 labore
992 2558 1196 2662 Quasdam
1226 2559 1305 2640 emi
1332 2560 1430 2638 satIs
1457 2561 1638 2668 preciose
1667 2586 1691 2638 a
1719 2561 1906 2666 cognatis

113 2671 204 2750 meis
234 2671 298 2750 vel
330 2668 596 2751 familiaribus
625 2669 833 2772 Quasdam
860 2669 1106 2778 comparari.
1136 2673 1256 2752 terris
1283 2671 1380 2779 mihi
1394 2669 1694 2780 pertinentibus
1709 2667 1820 2750 Alias
1835 2666 1905 2752 de·

112 2778 256 2860 derrmt
300 2779 467 2890 quidam
510 2780 610 2861 boni
651 2781 731 2860 viri
764 2809 844 2888 pro
873 2779 1084 2862 animabus
1113 2783 1194 2862 suis
1223 2781 1567 2889 &proximorum
1597 2807 1772 2862 suorum.
1802 2805 1906 2892 quas

2163 380 2172 669 l

2055 834 2175 965 l

109 2907 251 2972 tamen.
269 2895 419 2973 iterum
448 2891 615 3000 integra
636 2892 846 3000 empcione
874 2893 1109 3000 comparaui
1137 2890 1384 3002 aproximis
1397 2891 1618 2976 heredibus
1631 2919 1784 2975 eorum.
1827 2891 1906 2974 be·
2036 2891 2043 2906 '
2148 2909 2159 2918 '

9 3006 12 3015 ’
110 3002 264 3109 gittimo
292 3031 393 3111 ergo
421 3002 511 3110 jure
538 3003 767 3112 conquisiur
797 3029 864 3084 eas
893 3001 1112 3082 multorum
1140 3004 1372 3084 testimonio
1399 3005 1451 3084 Et
1481 3003 1575 3087 licet
1602 3002 1750 3086 collata
1772 3015 1907 3086 essent

107 3111 170 3232 rel
199 3117 339 3222 potius
368 3141 456 3192 mea
484 3113 787 3223 conquisicione
816 3120 856 3194 8<
884 3141 1010 3222 opera
1038 3115 1291 3223 pertinerent
1320 3113 1377 3196 ad
1394 3113 1529 3198 sedem
1543 3117 1907 3225 episcopatusego
2010 3189 2014 3196 .

109 3238 239 3306 tamen
252 3306 258 3318 .
271 3226 443 3334 propriu
474 3225 716 3306 auctoritate
744 3222 900 3305 contuli
928 3253 995 3305 eas
1023 3223 1194 3306 fratrum
1223 3227 1361 3308 vsibus
1390 3225 1448 3334 jta
1476 3243 1520 3309 vt
1549 3253 1670 3308 nemo
1688 3253 1757 3306 eas
1771 3225 1907 3308 fratri·

107 3333 181 3416 bus
210 3336 394 3418 alienare
423 3351 640 3444 presumat.
670 3335 748 3415 nisi
775 3334 873 3415 velit
903 3336 1149 3418 anathemati
1177 3335 1403 3420 subiacere.
1418 3336 1538 3448 'quod
1567 3338 1738 3446 proprio
1766 3335 1908 3419 labore

107 3463 394 3528 contraxeram
422 3445 500 3526 eas.
559 3447 611 3528 Et
640 3446 738 3526 alias
766 3445 896 3528 multo
924 3446 1061 3555 plures
1089 3475 1213 3558 quam
1227 3450 1482 3557 susceperim.
1497 3447 1793 3530 successoribus
1808 3449 1907 3532 mels

10 3587 12 3596 ·
107 3556 297 3669 relinquo
329 3559 377 3638 In
407 3559 570 3638 nomine
598 3558 724 3668 igitur
752 3559 837 3639 iesu
865 3557 1015 3640 christi
1043 3561 1286 3640 auctoritate
1308 3561 1383 3640 Dei
1413 3561 1701 3670 omnipotentis
1728 3565 1769 3641 u
1795 3558 1907 3641 beati

105 3673 209 3774 petri
239 3668 523 3778 apostolorum
553 3667 749 3777 principis
777 3674 817 3749 u
844 3683 996 3747 nostra.
1026 3671 1287 3782 omniumque
1315 3671 1598 3780 episcoporum
1618 3659 1763 3753 'Dacie
1777 3669 1906 3778 juter-

107 3777 196 3860 dico
240 3787 282 3860 &
320 3777 532 3888 prohibeo.
568 3807 621 3861 ne
656 3778 819 3888 aliquis,
848 3781 1149 3888 praenominatas
1184 3783 1453 3890 possessiones
1481 3787 1663 3864 minuere
1691 3797 1907 3892 presumat.

39 3965 44 3978 Χ
106 3909 173 3970 aut
215 3891 361 4002 aliqua
405 3890 627 3982 occasione.
672 3889 864 3971 fratribus
907 3887 1057 4000 quibus
1097 3919 1165 3973 cas
1206 3891 1373 3974 contuli,
1409 3889 1587 4002 diripere
1621 3892 1686 3976 vel
1715 3891 1904 3972 alienare.

105 4000 371 4113 Quicumque
399 4029 498 4082 vero
525 4001 611 4082 siue
638 4027 712 4084 rex
740 4001 825 4082 siue
853 4001 1078 4111 episcopus.
1108 4002 1278 4087 clericus
1304 4003 1368 4086 vel
1399 4001 1523 4086 laicus
1552 4019 1696 4085 contra
1709 4001 1816 4085 hanc
1830 4028 1906 4083 no·

36 4175 38 4180 .
105 4123 184 4194 stre
220 4113 553 4200 confirmacionis
588 4111 778 4222 paginam
806 4138 942 4221 agere·
957 4117 1256 4224 presumpserit.
1286 4121 1325 4198 St
1354 4116 1657 4224 prenominatae
1685 4113 1906 4223 possessio-

103 4247 174 4304 nes
202 4222 419 4306 inuadere.
450 4222 637 4332 diripere.
668 4219 733 4304 vel
762 4221 955 4304 fratribus
984 4224 1161 4306 alienare
1189 4229 1460 4335 temptauerit.
1488 4225 1678 4309 secundo.
1708 4226 1838 4307 tercio
1857 4247 1907 4308 ve

105 4337 397 4415 commonitus.
425 4334 459 4412 si
487 4362 572 4415 non
601 4333 870 4416 satisfactione
899 4357 1081 4446 congrua
1109 4336 1399 4420 emendauerit.
1429 4335 1495 4419 ab*
1510 4337 1789 4445 omnipotente
1817 4337 1907 4416 Deo

101 4445 153 4525 sit
182 4445 555 4546 anathematizatus
584 4443 838 4526 Auctoritate
867 4449 1047 4529 omnium
1075 4467 1306 4559 sanctorum
1332 4449 1711 4531 excommunicatus.
1727 4447 1908 4554 omnium

101 4553 355 4654 clericorum
397 4557 708 4637 confirmacione
750 4555 987 4638 maledictus
1031 4559 1067 4639 Α
1102 4561 1241 4640 matris
1274 4560 1441 4643 ecclesie
1482 4560 1636 4668 gremio
1663 4572 1908 4668 segregatus.

101 4665 166 4747 hb
196 4669 321 4747 omni
349 4664 503 4775 populo
533 4665 808 4748 confundatur
835 4669 937 4749 Cum
966 4666 1121 4750 dathan
1149 4687 1191 4752 et
1219 4671 1365 4752 abiron
1393 4673 1437 4752 in
1464 4671 1636 4766 inferno.
1666 4695 1783 4778 penis
1802 4683 1909 4750 eter·
2004 4763 2006 4766 ¹
2070 4634 2073 4642 Δ

1 4883 2 4887 Ν
98 4777 271 4860 nulibus
312 4777 510 4858 afficiatur
553 4781 692 4858 Amen·
718 4779 821 4859 Fiat.
864 4779 945 4860 fiat.
990 4781 1070 4864 fiat.
1109 4783 1238 4864 Amen
1267 4781 1468 4864 Omnibus
1495 4795 1630 4862 autem
1658 4778 1909 4863 eidemtoeo

100 4886 213 4969 hona
262 4883 581 4969 conferentibus
615 4891 667 4968 sit
709 4889 984 4996 misericordia
1018 4898 1057 4974 8t
1093 4919 1174 5002 par
1217 4900 1256 4973 8<
1291 4894 1426 4998 gracia
1469 4890 1622 4974 domini
1663 4891 1795 4974 nostri
1823 4892 1910 4972 iesu

1 4984 21 5075 s
100 4997 262 5080 christi.
282 5025 400 5080 nunc
414 5015 454 5080 et
469 5003 512 5082 in
527 4999 666 5080 futuro
681 5004 812 5082 Amen
826 5003 928 5081 Acta
942 5017 1003 5082 est
1016 5001 1092 5085 hec
1106 5002 1331 5110 descripcio
1345 5028 1456 5085 anno
1470 4999 1623 5085 domini
1637 4999 1907 5086 MCXXXIII.

100 5107 344 5218 indictione
377 5111 446 5192 XI.
477 5112 554 5191 VII
582 5108 675 5219 jdus
701 5111 878 5219 januarii
905 5113 1085 5195 Consilio
1112 5129 1154 5196 ct
1183 5115 1477 5199 ammonicione
1491 5113 1649 5200 domiui
1660 5107 1791 5196 eskilli
1803 5110 1908 5194 eius-

2120 4809 2132 4850 l

2182 1654 2187 1751 l
