<?xml version="1.0" encoding="UTF-8"?>
<!DOCTYPE html PUBLIC "-//W3C//DTD XHTML 1.0 Transitional//EN"
    "http://www.w3.org/TR/xhtml1/DTD/xhtml1-transitional.dtd">
<html xmlns="http://www.w3.org/1999/xhtml" xml:lang="en" lang="en">
 <head>
  <title>
</title>
<meta http-equiv="Content-Type" content="text/html;charset=utf-8" />
  <meta name='ocr-system' content='tesseract 3.04.00' />
  <meta name='ocr-capabilities' content='ocr_page ocr_carea ocr_par ocr_line ocrx_word'/>
</head>
<body>
  <div class='ocr_page' id='page_1' title='image "./svensktdiplomat00swegoog_0140.png"; bbox 0 0 4370 5950; ppageno 0'>
   <div class='ocr_carea' id='block_1_1' title="bbox 852 426 1396 553">
    <p class='ocr_par' dir='ltr' id='par_1_1' title="bbox 852 426 1396 553">
     <span class='ocr_line' id='line_1_1' title="bbox 852 426 1396 553; baseline 0.004 0"><span class='ocrx_word' id='word_1_1' title='bbox 852 550 853 553; x_wconf 11' lang='grc' dir='ltr'>ψ</span> <span class='ocrx_word' id='word_1_2' title='bbox 959 465 1031 518; x_wconf 57' lang='grc' dir='ltr'><strong>’τ</strong></span> <span class='ocrx_word' id='word_1_3' title='bbox 1142 426 1195 531; x_wconf 77' lang='lat'><strong>9⁶</strong></span> <span class='ocrx_word' id='word_1_4' title='bbox 1308 458 1396 490; x_wconf 87' lang='grc'><strong>-··</strong></span> 
     </span>
    </p>
   </div>
   <div class='ocr_carea' id='block_1_2' title="bbox 174 635 2092 1089">
    <p class='ocr_par' dir='ltr' id='par_1_2' title="bbox 174 635 2092 976">
     <span class='ocr_line' id='line_1_2' title="bbox 279 635 2092 758; baseline 0.006 -38"><span class='ocrx_word' id='word_1_5' title='bbox 279 637 400 720; x_wconf 91' lang='lat' dir='ltr'><strong>Touo</strong></span> <span class='ocrx_word' id='word_1_6' title='bbox 427 635 532 719; x_wconf 88' lang='lat' dir='ltr'><strong>filius</strong></span> <span class='ocrx_word' id='word_1_7' title='bbox 559 637 701 749; x_wconf 63' lang='lat' dir='ltr'><strong>stirgi.</strong></span> <span class='ocrx_word' id='word_1_8' title='bbox 732 642 929 725; x_wconf 84' lang='lat' dir='ltr'><strong>conuersi.</strong></span> <span class='ocrx_word' id='word_1_9' title='bbox 957 640 1202 751; x_wconf 88' lang='lat' dir='ltr'><strong>hagbardus.</strong></span> <span class='ocrx_word' id='word_1_10' title='bbox 1233 643 1405 726; x_wconf 90' lang='lat' dir='ltr'><strong>Guther.</strong></span> <span class='ocrx_word' id='word_1_11' title='bbox 1434 647 1531 726; x_wconf 89' lang='lat' dir='ltr'><strong>Aco.</strong></span> <span class='ocrx_word' id='word_1_12' title='bbox 1588 648 1807 757; x_wconf 82' lang='lat' dir='ltr'><strong>Propterea</strong></span> <span class='ocrx_word' id='word_1_13' title='bbox 1836 648 1909 758; x_wconf 91' lang='lat' dir='ltr'><strong>qui</strong></span> <span class='ocrx_word' id='word_1_14' title='bbox 1937 649 1975 730; x_wconf 91' lang='lat' dir='ltr'><strong>ei</strong></span> <span class='ocrx_word' id='word_1_15' title='bbox 2002 650 2060 730; x_wconf 91' lang='lat' dir='ltr'><strong>ali·</strong></span> <span class='ocrx_word' id='word_1_16' title='bbox 2091 727 2092 730; x_wconf 11' lang='lat' dir='ltr'><strong>a</strong></span> 
     </span>
     <span class='ocr_line' id='line_1_3' title="bbox 277 747 2061 864; baseline 0.006 -35"><span class='ocrx_word' id='word_1_17' title='bbox 277 777 363 860; x_wconf 90' lang='lat' dir='ltr'><strong>quo</strong></span> <span class='ocrx_word' id='word_1_18' title='bbox 397 747 572 858; x_wconf 85' lang='lat' dir='ltr'><strong>ujolentj</strong></span> <span class='ocrx_word' id='word_1_19' title='bbox 609 753 820 832; x_wconf 86' lang='lat' dir='ltr'><strong>conamine</strong></span> <span class='ocrx_word' id='word_1_20' title='bbox 848 751 1018 833; x_wconf 89' lang='lat' dir='ltr'><strong>obuiarc</strong></span> <span class='ocrx_word' id='word_1_21' title='bbox 1046 753 1236 862; x_wconf 85' lang='lat' dir='ltr'><strong>uolucrjt.</strong></span> <span class='ocrx_word' id='word_1_22' title='bbox 1265 759 1374 862; x_wconf 85' lang='lat' dir='ltr'>regie</span> <span class='ocrx_word' id='word_1_23' title='bbox 1402 757 1603 864; x_wconf 86' lang='lat' dir='ltr'><strong>maiestatj</strong></span> <span class='ocrx_word' id='word_1_24' title='bbox 1631 759 1866 840; x_wconf 86' lang='lat' dir='ltr'><strong>obnoxium.</strong></span> <span class='ocrx_word' id='word_1_25' title='bbox 1896 765 1943 840; x_wconf 60' lang='lat'><strong>82</strong></span> <span class='ocrx_word' id='word_1_26' title='bbox 1971 757 2061 840; x_wconf 90' lang='lat' dir='ltr'><strong>diui·</strong></span> 
     </span>
     <span class='ocr_line' id='line_1_4' title="bbox 174 859 2061 976; baseline 0.007 -36"><span class='ocrx_word' id='word_1_27' title='bbox 174 929 178 940; x_wconf 86' lang='lat'><em>.</em></span> <span class='ocrx_word' id='word_1_28' title='bbox 278 889 347 942; x_wconf 90' lang='lat' dir='ltr'><strong>no·</strong></span> <span class='ocrx_word' id='word_1_29' title='bbox 369 859 628 968; x_wconf 83' lang='lat' dir='ltr'><strong>anathematj.</strong></span> <span class='ocrx_word' id='word_1_30' title='bbox 666 863 744 941; x_wconf 84' lang='lat' dir='ltr'><strong>nisi</strong></span> <span class='ocrx_word' id='word_1_31' title='bbox 779 863 1005 972; x_wconf 77' lang='lat' dir='ltr'><strong>resipuerit</strong></span> <span class='ocrx_word' id='word_1_32' title='bbox 1043 893 1085 945; x_wconf 91' lang='lat' dir='ltr'><strong>se</strong></span> <span class='ocrx_word' id='word_1_33' title='bbox 1113 868 1276 949; x_wconf 88' lang='lat' dir='ltr'><strong>nouerit</strong></span> <span class='ocrx_word' id='word_1_34' title='bbox 1304 868 1346 946; x_wconf 89' lang='lat' dir='ltr'><strong>in</strong></span> <span class='ocrx_word' id='word_1_35' title='bbox 1376 883 1574 976; x_wconf 89' lang='lat' dir='ltr'><strong>perpetuo</strong></span> <span class='ocrx_word' id='word_1_36' title='bbox 1599 869 1867 952; x_wconf 87' lang='lat' dir='ltr'><strong>multandum.</strong></span> <span class='ocrx_word' id='word_1_37' title='bbox 1925 871 2061 954; x_wconf 87' lang='lat' dir='ltr'><strong>Diuina</strong></span> 
     </span>
    </p>

    <p class='ocr_par' dir='ltr' id='par_1_3' title="bbox 237 973 2061 1089">
     <span class='ocr_line' id='line_1_5' title="bbox 237 973 2061 1089; baseline 0.006 -37"><span class='ocrx_word' id='word_1_38' title='bbox 237 989 246 1014; x_wconf 64' lang='lat'>⁸</span> <span class='ocrx_word' id='word_1_39' title='bbox 277 973 454 1080; x_wconf 73' lang='lat' dir='ltr'><strong>namque</strong></span> <span class='ocrx_word' id='word_1_40' title='bbox 483 979 705 1080; x_wconf 87' lang='lat' dir='ltr'><strong>preuentus</strong></span> <span class='ocrx_word' id='word_1_41' title='bbox 733 975 879 1081; x_wconf 79' lang='lat' dir='ltr'><strong>gracia:</strong></span> <span class='ocrx_word' id='word_1_42' title='bbox 911 974 1187 1085; x_wconf 79' lang='lat' dir='ltr'><strong>&amp;religionis</strong></span> <span class='ocrx_word' id='word_1_43' title='bbox 1223 994 1388 1059; x_wconf 90' lang='lat' dir='ltr'><strong>attactu.</strong></span> <span class='ocrx_word' id='word_1_44' title='bbox 1427 1004 1672 1059; x_wconf 79' lang='lat' dir='ltr'><strong>successores</strong></span> <span class='ocrx_word' id='word_1_45' title='bbox 1700 1004 1809 1062; x_wconf 84' lang='lat' dir='ltr'><strong>meos</strong></span> <span class='ocrx_word' id='word_1_46' title='bbox 1837 1008 1950 1089; x_wconf 89' lang='lat' dir='ltr'><strong>reges</strong></span> <span class='ocrx_word' id='word_1_47' title='bbox 1979 981 2061 1062; x_wconf 91' lang='lat' dir='ltr'><strong>bor·</strong></span> 
     </span>
    </p>
   </div>
   <div class='ocr_carea' id='block_1_3' title="bbox 277 1083 2062 1304">
    <p class='ocr_par' dir='ltr' id='par_1_4' title="bbox 277 1083 2062 1304">
     <span class='ocr_line' id='line_1_6' title="bbox 277 1083 2062 1200; baseline 0.006 -39"><span class='ocrx_word' id='word_1_48' title='bbox 277 1099 355 1163; x_wconf 91' lang='lat' dir='ltr'><strong>tor.</strong></span> <span class='ocrx_word' id='word_1_49' title='bbox 392 1097 440 1161; x_wconf 93' lang='lat' dir='ltr'><strong>ut</strong></span> <span class='ocrx_word' id='word_1_50' title='bbox 474 1110 685 1163; x_wconf 90' lang='lat' dir='ltr'><strong>seruorum</strong></span> <span class='ocrx_word' id='word_1_51' title='bbox 721 1083 787 1164; x_wconf 90' lang='lat' dir='ltr'><strong>dei</strong></span> <span class='ocrx_word' id='word_1_52' title='bbox 820 1085 1072 1194; x_wconf 83' lang='lat' dir='ltr'><strong>temporibus</strong></span> <span class='ocrx_word' id='word_1_53' title='bbox 1107 1090 1254 1170; x_wconf 92' lang='lat' dir='ltr'><strong>nostris</strong></span> <span class='ocrx_word' id='word_1_54' title='bbox 1284 1089 1474 1171; x_wconf 88' lang='lat' dir='ltr'><strong>inchoata</strong></span> <span class='ocrx_word' id='word_1_55' title='bbox 1502 1089 1692 1172; x_wconf 88' lang='lat' dir='ltr'><strong>subsidia.</strong></span> <span class='ocrx_word' id='word_1_56' title='bbox 1723 1121 1809 1173; x_wconf 91' lang='lat' dir='ltr'><strong>non</strong></span> <span class='ocrx_word' id='word_1_57' title='bbox 1838 1091 2062 1200; x_wconf 89' lang='lat' dir='ltr'><strong>permittant</strong></span> 
     </span>
     <span class='ocr_line' id='line_1_7' title="bbox 277 1188 1967 1304; baseline 0.007 -31"><span class='ocrx_word' id='word_1_58' title='bbox 277 1188 459 1274; x_wconf 86' lang='lat' dir='ltr'><strong>diminui.</strong></span> <span class='ocrx_word' id='word_1_59' title='bbox 487 1192 556 1274; x_wconf 91' lang='lat' dir='ltr'><strong>sed</strong></span> <span class='ocrx_word' id='word_1_60' title='bbox 585 1195 628 1280; x_wconf 87' lang='lat' dir='ltr'><strong>in</strong></span> <span class='ocrx_word' id='word_1_61' title='bbox 657 1195 767 1277; x_wconf 87' lang='lat' dir='ltr'><strong>bono</strong></span> <span class='ocrx_word' id='word_1_62' title='bbox 797 1198 1057 1304; x_wconf 87' lang='lat' dir='ltr'><strong>augmentari.</strong></span> <span class='ocrx_word' id='word_1_63' title='bbox 1117 1200 1247 1280; x_wconf 79' lang='lat' dir='ltr'><strong>Auru.</strong></span> <span class='ocrx_word' id='word_1_64' title='bbox 1315 1213 1319 1218; x_wconf 87' lang='lat'>&#39;</span> <span class='ocrx_word' id='word_1_65' title='bbox 1959 1204 1967 1214; x_wconf 83' lang='grc'><em>“</em></span> 
     </span>
    </p>
   </div>
   <div class='ocr_carea' id='block_1_4' title="bbox 739 1413 1591 1506">
    <p class='ocr_par' dir='ltr' id='par_1_5' title="bbox 739 1413 1591 1506">
     <span class='ocr_line' id='line_1_8' title="bbox 739 1413 1591 1506; baseline 0.007 -30"><span class='ocrx_word' id='word_1_66' title='bbox 739 1413 862 1498; x_wconf 76' lang='lat' dir='ltr'><strong>sigillet</strong></span> <span class='ocrx_word' id='word_1_67' title='bbox 882 1415 1055 1498; x_wconf 79' lang='lat' dir='ltr'><strong>bortfallet,</strong></span> <span class='ocrx_word' id='word_1_68' title='bbox 1076 1437 1146 1480; x_wconf 83' lang='lat' dir='ltr'><strong>men</strong></span> <span class='ocrx_word' id='word_1_69' title='bbox 1167 1429 1482 1506; x_wconf 76' lang='lat' dir='ltr'><strong>pergammtsremsan</strong></span> <span class='ocrx_word' id='word_1_70' title='bbox 1502 1441 1591 1504; x_wconf 80' lang='lat' dir='ltr'><strong>qvar.</strong></span> 
     </span>
    </p>
   </div>
   <div class='ocr_carea' id='block_1_5' title="bbox 287 1775 1405 1929">
    <p class='ocr_par' dir='ltr' id='par_1_6' title="bbox 287 1775 1405 1929">
     <span class='ocr_line' id='line_1_9' title="bbox 287 1775 1405 1929; baseline 0.007 -48"><span class='ocrx_word' id='word_1_71' title='bbox 287 1817 374 1920; x_wconf 80' lang='lat'><strong>7¹·</strong></span> <span class='ocrx_word' id='word_1_72' title='bbox 542 1775 561 1804; x_wconf 65' lang='lat'><strong>²</strong></span> <span class='ocrx_word' id='word_1_73' title='bbox 793 1881 798 1886; x_wconf 82' lang='lat'>.</span> <span class='ocrx_word' id='word_1_74' title='bbox 947 1780 1405 1929; x_wconf 76' lang='lat'>1167—1199.</span> 
     </span>
    </p>
   </div>
   <div class='ocr_carea' id='block_1_6' title="bbox 359 1997 2063 2560">
    <p class='ocr_par' dir='ltr' id='par_1_7' title="bbox 359 1997 2063 2477">
     <span class='ocr_line' id='line_1_10' title="bbox 359 1997 2063 2103; baseline 0.004 -41"><span class='ocrx_word' id='word_1_75' title='bbox 359 1997 497 2082; x_wconf 87' lang='lat' dir='ltr'><strong>Konung</strong></span> <span class='ocrx_word' id='word_1_76' title='bbox 517 1997 625 2062; x_wconf 77' lang='lat' dir='ltr'><strong>Krtrrs</strong></span> <span class='ocrx_word' id='word_1_77' title='bbox 644 1999 807 2064; x_wconf 73' lang='lat' dir='ltr'><strong>strifvetse</strong></span> <span class='ocrx_word' id='word_1_78' title='bbox 828 2000 879 2063; x_wconf 91' lang='lat' dir='ltr'><strong>till</strong></span> <span class='ocrx_word' id='word_1_79' title='bbox 899 2002 1039 2084; x_wconf 88' lang='lat' dir='ltr'><strong>Lagman</strong></span> <span class='ocrx_word' id='word_1_80' title='bbox 1060 2005 1133 2064; x_wconf 85' lang='lat' dir='ltr'><strong>Nus</strong></span> <span class='ocrx_word' id='word_1_81' title='bbox 1153 2003 1213 2066; x_wconf 85' lang='lat' dir='ltr'><strong>och</strong></span> <span class='ocrx_word' id='word_1_82' title='bbox 1233 2003 1464 2086; x_wconf 84' lang='lat' dir='ltr'><strong>innebyggarne</strong></span> <span class='ocrx_word' id='word_1_83' title='bbox 1483 2006 1495 2066; x_wconf 89' lang='lat' dir='ltr'><strong>i</strong></span> <span class='ocrx_word' id='word_1_84' title='bbox 1516 2003 1648 2082; x_wconf 85' lang='lat' dir='ltr'><strong>Finved,</strong></span> <span class='ocrx_word' id='word_1_85' title='bbox 1669 2001 1810 2069; x_wconf 72' lang='lat' dir='ltr'><strong>Wtrend</strong></span> <span class='ocrx_word' id='word_1_86' title='bbox 1841 2002 1902 2067; x_wconf 82' lang='lat' dir='ltr'><strong>orb</strong></span> <span class='ocrx_word' id='word_1_87' title='bbox 1934 2004 2063 2103; x_wconf 76' lang='lat' dir='ltr'><strong>Njutling</strong></span> 
     </span>
     <span class='ocr_line' id='line_1_11' title="bbox 409 2081 2062 2172; baseline 0.004 -28"><span class='ocrx_word' id='word_1_88' title='bbox 409 2082 483 2144; x_wconf 88' lang='lat' dir='ltr'><strong>med</strong></span> <span class='ocrx_word' id='word_1_89' title='bbox 506 2081 679 2164; x_wconf 85' lang='lat' dir='ltr'><strong>belellning</strong></span> <span class='ocrx_word' id='word_1_90' title='bbox 700 2093 747 2145; x_wconf 85' lang='lat' dir='ltr'><strong>att</strong></span> <span class='ocrx_word' id='word_1_91' title='bbox 768 2086 859 2164; x_wconf 87' lang='lat' dir='ltr'><strong>ingen</strong></span> <span class='ocrx_word' id='word_1_92' title='bbox 870 2084 924 2145; x_wconf 81' lang='lat' dir='ltr'><strong>vid</strong></span> <span class='ocrx_word' id='word_1_93' title='bbox 936 2085 1192 2148; x_wconf 80' lang='lat' dir='ltr'><strong>lilsstraffskulle</strong></span> <span class='ocrx_word' id='word_1_94' title='bbox 1202 2087 1284 2168; x_wconf 74' lang='lat' dir='ltr'><strong>vdga</strong></span> <span class='ocrx_word' id='word_1_95' title='bbox 1296 2085 1378 2147; x_wconf 74' lang='lat' dir='ltr'><strong>bissa</strong></span> <span class='ocrx_word' id='word_1_96' title='bbox 1390 2087 1483 2148; x_wconf 72' lang='lat' dir='ltr'><strong>Jacor</strong></span> <span class='ocrx_word' id='word_1_97' title='bbox 1491 2087 1697 2150; x_wconf 68' lang='lat' dir='ltr'><strong>Aaronom</strong></span> <span class='ocrx_word' id='word_1_98' title='bbox 1708 2087 1891 2168; x_wconf 67' lang='lat' dir='ltr'><strong>augerent</strong></span> <span class='ocrx_word' id='word_1_99' title='bbox 1960 2107 2062 2172; x_wconf 78' lang='lat' dir='ltr'><strong>mgrep</strong></span> 
     </span>
     <span class='ocr_line' id='line_1_12' title="bbox 409 2165 2062 2250; baseline 0.005 -24"><span class='ocrx_word' id='word_1_100' title='bbox 409 2165 465 2226; x_wconf 83' lang='lat' dir='ltr'><strong>vid</strong></span> <span class='ocrx_word' id='word_1_101' title='bbox 486 2166 576 2229; x_wconf 81' lang='lat' dir='ltr'><strong>fislet</strong></span> <span class='ocrx_word' id='word_1_102' title='bbox 596 2166 608 2226; x_wconf 89' lang='lat' dir='ltr'><strong>i</strong></span> <span class='ocrx_word' id='word_1_103' title='bbox 628 2165 768 2243; x_wconf 82' lang='lat' dir='ltr'><strong>Rusken,</strong></span> <span class='ocrx_word' id='word_1_104' title='bbox 789 2165 914 2228; x_wconf 82' lang='lat' dir='ltr'><strong>bvillet</strong></span> <span class='ocrx_word' id='word_1_105' title='bbox 935 2166 1046 2228; x_wconf 86' lang='lat' dir='ltr'><strong>dennes</strong></span> <span class='ocrx_word' id='word_1_106' title='bbox 1057 2167 1181 2246; x_wconf 74' lang='lat' dir='ltr'><strong>brtiden</strong></span> <span class='ocrx_word' id='word_1_107' title='bbox 1191 2168 1397 2250; x_wconf 79' lang='lat' dir='ltr'><strong>bdldingarne</strong></span> <span class='ocrx_word' id='word_1_108' title='bbox 1410 2171 1511 2232; x_wconf 76' lang='lat' dir='ltr'><strong>Parra</strong></span> <span class='ocrx_word' id='word_1_109' title='bbox 1522 2170 1583 2232; x_wconf 88' lang='lat' dir='ltr'><strong>och</strong></span> <span class='ocrx_word' id='word_1_110' title='bbox 1594 2171 1758 2246; x_wconf 73' lang='lat' dir='ltr'><strong>Garum,</strong></span> <span class='ocrx_word' id='word_1_111' title='bbox 1773 2171 1783 2230; x_wconf 93' lang='lat' dir='ltr'><strong>i</strong></span> <span class='ocrx_word' id='word_1_112' title='bbox 1796 2169 1875 2231; x_wconf 84' lang='lat' dir='ltr'><strong>Kon.</strong></span> <span class='ocrx_word' id='word_1_113' title='bbox 1934 2180 2062 2234; x_wconf 69' lang='lat' dir='ltr'><strong>atsnar-</strong></span> 
     </span>
     <span class='ocr_line' id='line_1_13' title="bbox 416 2246 2062 2336; baseline 0.004 -26"><span class='ocrx_word' id='word_1_114' title='bbox 416 2269 504 2327; x_wconf 85' lang='lat' dir='ltr'><strong>varo,</strong></span> <span class='ocrx_word' id='word_1_115' title='bbox 526 2246 706 2329; x_wconf 87' lang='lat' dir='ltr'><strong>offentligen</strong></span> <span class='ocrx_word' id='word_1_116' title='bbox 727 2248 836 2309; x_wconf 78' lang='lat' dir='ltr'><strong>afstdtt</strong></span> <span class='ocrx_word' id='word_1_117' title='bbox 856 2249 908 2310; x_wconf 89' lang='lat' dir='ltr'><strong>till</strong></span> <span class='ocrx_word' id='word_1_118' title='bbox 929 2249 1052 2332; x_wconf 81' lang='lat' dir='ltr'><strong>Nydala</strong></span> <span class='ocrx_word' id='word_1_119' title='bbox 1073 2251 1205 2330; x_wconf 80' lang='lat' dir='ltr'><strong>kloster,</strong></span> <span class='ocrx_word' id='word_1_120' title='bbox 1226 2251 1298 2314; x_wconf 89' lang='lat' dir='ltr'><strong>med</strong></span> <span class='ocrx_word' id='word_1_121' title='bbox 1312 2251 1464 2314; x_wconf 81' lang='lat' dir='ltr'><strong>fdrklarin</strong></span> <span class='ocrx_word' id='word_1_122' title='bbox 1506 2251 1654 2336; x_wconf 88' lang='lat' dir='ltr'><strong>derjemte</strong></span> <span class='ocrx_word' id='word_1_123' title='bbox 1676 2263 1722 2313; x_wconf 89' lang='lat' dir='ltr'><strong>att</strong></span> <span class='ocrx_word' id='word_1_124' title='bbox 1744 2250 1843 2313; x_wconf 85' lang='lat' dir='ltr'><strong>denne</strong></span> <span class='ocrx_word' id='word_1_125' title='bbox 1863 2252 2062 2316; x_wconf 66' lang='lat' dir='ltr'><strong>trconffire-</strong></span> 
     </span>
     <span class='ocr_line' id='line_1_14' title="bbox 410 2273 2061 2477; baseline 0.003 -83"><span class='ocrx_word' id='word_1_126' title='bbox 410 2329 571 2477; x_wconf 60' lang='lat' dir='ltr'><strong>igiikl&#39;rande</strong></span> <span class='ocrx_word' id='word_1_127' title='bbox 594 2349 646 2474; x_wconf 67' lang='lat' dir='ltr'><strong>pap</strong></span> <span class='ocrx_word' id='word_1_128' title='bbox 666 2350 716 2474; x_wconf 80' lang='lat' dir='ltr'><strong>dan</strong></span> <span class='ocrx_word' id='word_1_129' title='bbox 747 2329 819 2430; x_wconf 83' lang='lat' dir='ltr'><strong>med</strong></span> <span class='ocrx_word' id='word_1_130' title='bbox 854 2329 1024 2411; x_wconf 87' lang='lat' dir='ltr'><strong>Konungen</strong></span> <span class='ocrx_word' id='word_1_131' title='bbox 1055 2333 1152 2394; x_wconf 83' lang='lat' dir='ltr'><strong>skedd</strong></span> <span class='ocrx_word' id='word_1_132' title='bbox 1184 2334 1363 2416; x_wconf 80' lang='lat' dir='ltr'><strong>fo&#39;rh&#39;kning,</strong></span> <span class='ocrx_word' id='word_1_133' title='bbox 1375 2337 1404 2435; x_wconf 75' lang='lat' dir='ltr'><strong>ej</strong></span> <span class='ocrx_word' id='word_1_134' title='bbox 1424 2273 1502 2415; x_wconf 65' lang='lat' dir='ltr'><strong>agdo</strong></span> <span class='ocrx_word' id='word_1_135' title='bbox 1522 2335 1620 2416; x_wconf 73' lang='lat' dir='ltr'><strong>ndgon</strong></span> <span class='ocrx_word' id='word_1_136' title='bbox 1642 2333 1753 2432; x_wconf 78' lang='lat' dir='ltr'><strong>grand,</strong></span> <span class='ocrx_word' id='word_1_137' title='bbox 1773 2333 1833 2421; x_wconf 80' lang='lat' dir='ltr'><strong>och</strong></span> <span class='ocrx_word' id='word_1_138' title='bbox 1855 2335 1997 2434; x_wconf 40' lang='lat' dir='ltr'><strong>erlnran&#39;</strong></span> <span class='ocrx_word' id='word_1_139' title='bbox 2012 2337 2061 2399; x_wconf 87' lang='lat' dir='ltr'><strong>til·</strong></span> 
     </span>
    </p>

    <p class='ocr_par' dir='ltr' id='par_1_8' title="bbox 459 2414 2062 2560">
     <span class='ocr_line' id='line_1_15' title="bbox 459 2414 2062 2560; baseline 0.003 -85"><span class='ocrx_word' id='word_1_140' title='bbox 459 2436 478 2475; x_wconf 90' lang='lat' dir='ltr'><strong>a</strong></span> <span class='ocrx_word' id='word_1_141' title='bbox 499 2435 551 2477; x_wconf 89' lang='lat' dir='ltr'><strong>om</strong></span> <span class='ocrx_word' id='word_1_142' title='bbox 571 2415 621 2477; x_wconf 77' lang='lat' dir='ltr'><strong>liar</strong></span> <span class='ocrx_word' id='word_1_143' title='bbox 643 2431 666 2474; x_wconf 85' lang='lat' dir='ltr'><strong>u</strong></span> <span class='ocrx_word' id='word_1_144' title='bbox 687 2422 719 2475; x_wconf 83' lang='lat' dir='ltr'><strong>et</strong></span> <span class='ocrx_word' id='word_1_145' title='bbox 740 2423 788 2475; x_wconf 85' lang='lat' dir='ltr'><strong>att</strong></span> <span class='ocrx_word' id='word_1_146' title='bbox 808 2414 876 2478; x_wconf 82' lang='lat' dir='ltr'><strong>rele</strong></span> <span class='ocrx_word' id='word_1_147' title='bbox 896 2415 1126 2560; x_wconf 51' lang='lat' dir='ltr'><strong>animarat</strong></span> <span class='ocrx_word' id='word_1_148' title='bbox 1145 2415 1206 2480; x_wconf 89' lang='lat' dir='ltr'><strong>ocb</strong></span> <span class='ocrx_word' id='word_1_149' title='bbox 1226 2417 1327 2504; x_wconf 81' lang='lat' dir='ltr'><strong>dryck</strong></span> <span class='ocrx_word' id='word_1_150' title='bbox 1348 2416 1430 2480; x_wconf 83' lang='lat' dir='ltr'><strong>forse</strong></span> <span class='ocrx_word' id='word_1_151' title='bbox 1451 2415 1681 2500; x_wconf 58' lang='lat' dir='ltr'><strong>decaogum</strong></span> <span class='ocrx_word' id='word_1_152' title='bbox 1702 2416 1973 2500; x_wconf 71' lang='lat' dir='ltr'><strong>Bulopensbann,</strong></span> <span class='ocrx_word' id='word_1_153' title='bbox 1987 2418 2062 2480; x_wconf 76' lang='lat' dir='ltr'><strong>man</strong></span> 
     </span>
    </p>
   </div>
   <div class='ocr_carea' id='block_1_7' title="bbox 408 2497 1960 2649">
    <p class='ocr_par' dir='ltr' id='par_1_9' title="bbox 408 2497 1960 2649">
     <span class='ocr_line' id='line_1_16' title="bbox 408 2497 1960 2649; baseline 0.005 -87"><span class='ocrx_word' id='word_1_154' title='bbox 408 2498 474 2562; x_wconf 84' lang='lat' dir='ltr'><strong>alla</strong></span> <span class='ocrx_word' id='word_1_155' title='bbox 494 2497 655 2564; x_wconf 82' lang='lat' dir='ltr'><strong>Cbristnaa</strong></span> <span class='ocrx_word' id='word_1_156' title='bbox 674 2504 824 2580; x_wconf 72' lang='lat' dir='ltr'><strong>umginge</strong></span> <span class='ocrx_word' id='word_1_157' title='bbox 844 2498 961 2568; x_wconf 81' lang='lat' dir='ltr'><strong>uteslut</strong></span> <span class='ocrx_word' id='word_1_158' title='bbox 1037 2498 1212 2582; x_wconf 81' lang='lat' dir='ltr'><strong>o&#39;rbrytarc.</strong></span> <span class='ocrx_word' id='word_1_159' title='bbox 1749 2577 1785 2633; x_wconf 43' lang='grc' dir='ltr'><strong>Η.</strong></span> <span class='ocrx_word' id='word_1_160' title='bbox 1807 2595 1819 2636; x_wconf 56' lang='grc' dir='ltr'>Ι</span> <span class='ocrx_word' id='word_1_161' title='bbox 1848 2595 1873 2634; x_wconf 42' lang='grc' dir='ltr'><strong>ι.</strong></span> <span class='ocrx_word' id='word_1_162' title='bbox 1891 2579 1934 2649; x_wconf 44' lang='lat'><strong>⁴²·</strong></span> <span class='ocrx_word' id='word_1_163' title='bbox 1959 2573 1960 2576; x_wconf 62' lang='grc'>,</span> 
     </span>
    </p>
   </div>
   <div class='ocr_carea' id='block_1_8' title="bbox 863 2713 869 2724">
    <p class='ocr_par' dir='ltr' id='par_1_10' title="bbox 863 2713 869 2724">
     <span class='ocr_line' id='line_1_17' title="bbox 863 2713 869 2724; baseline 0 0"><span class='ocrx_word' id='word_1_164' title='bbox 863 2713 869 2724; x_wconf 86' lang='grc'><strong><em>1</em></strong></span> 
     </span>
    </p>
   </div>
   <div class='ocr_carea' id='block_1_9' title="bbox 189 2753 2063 3645">
    <p class='ocr_par' dir='ltr' id='par_1_11' title="bbox 189 2753 2063 3645">
     <span class='ocr_line' id='line_1_18' title="bbox 443 2753 2062 2870; baseline -0.003 -28"><span class='ocrx_word' id='word_1_165' title='bbox 443 2753 640 2842; x_wconf 67' lang='lat' dir='ltr'><strong>bannos</strong></span> <span class='ocrx_word' id='word_1_166' title='bbox 658 2761 819 2842; x_wconf 79' lang='lat' dir='ltr'><strong>swecie</strong></span> <span class='ocrx_word' id='word_1_167' title='bbox 850 2787 921 2840; x_wconf 81' lang='lat' dir='ltr'><strong>rex</strong></span> <span class='ocrx_word' id='word_1_168' title='bbox 951 2778 991 2841; x_wconf 91' lang='lat' dir='ltr'><strong>et</strong></span> <span class='ocrx_word' id='word_1_169' title='bbox 1019 2760 1211 2870; x_wconf 86' lang='lat' dir='ltr'><strong>princeps</strong></span> <span class='ocrx_word' id='word_1_170' title='bbox 1240 2761 1421 2842; x_wconf 76' lang='lat' dir='ltr'><strong>Ntcotao</strong></span> <span class='ocrx_word' id='word_1_171' title='bbox 1451 2757 1627 2867; x_wconf 84' lang='lat' dir='ltr'><strong>legifero·</strong></span> <span class='ocrx_word' id='word_1_172' title='bbox 1648 2775 1689 2840; x_wconf 89' lang='lat' dir='ltr'><strong>et</strong></span> <span class='ocrx_word' id='word_1_173' title='bbox 1723 2758 1918 2840; x_wconf 88' lang='lat' dir='ltr'><strong>omnibus</strong></span> <span class='ocrx_word' id='word_1_174' title='bbox 1954 2759 2062 2840; x_wconf 88' lang='lat' dir='ltr'><strong>habi-</strong></span> 
     </span>
     <span class='ocr_line' id='line_1_19' title="bbox 280 2869 2061 2982; baseline -0.003 -29"><span class='ocrx_word' id='word_1_175' title='bbox 280 2873 460 2954; x_wconf 92' lang='lat' dir='ltr'><strong>tantibus</strong></span> <span class='ocrx_word' id='word_1_176' title='bbox 502 2871 746 2968; x_wconf 86' lang='lat' dir='ltr'><strong>linnethiam,</strong></span> <span class='ocrx_word' id='word_1_177' title='bbox 782 2871 1069 2970; x_wconf 88' lang='lat' dir='ltr'><strong>werendhiam,</strong></span> <span class='ocrx_word' id='word_1_178' title='bbox 1098 2872 1423 2978; x_wconf 88' lang='lat' dir='ltr'><strong>niwdbwngiam,</strong></span> <span class='ocrx_word' id='word_1_179' title='bbox 1451 2872 1599 2982; x_wconf 79' lang='lat' dir='ltr'><strong>nostris</strong></span> <span class='ocrx_word' id='word_1_180' title='bbox 1628 2869 1875 2979; x_wconf 84' lang='lat' dir='ltr'><strong>jussionibus</strong></span> <span class='ocrx_word' id='word_1_181' title='bbox 1909 2869 2061 2948; x_wconf 88' lang='lat' dir='ltr'><strong>obtem-</strong></span> 
     </span>
     <span class='ocr_line' id='line_1_20' title="bbox 277 2981 2062 3092; baseline -0.002 -31"><span class='ocrx_word' id='word_1_182' title='bbox 277 2983 525 3092; x_wconf 90' lang='lat' dir='ltr'><strong>perantibus,</strong></span> <span class='ocrx_word' id='word_1_183' title='bbox 554 2981 722 3062; x_wconf 90' lang='lat' dir='ltr'><strong>salutem</strong></span> <span class='ocrx_word' id='word_1_184' title='bbox 751 2999 791 3062; x_wconf 91' lang='lat' dir='ltr'><strong>et</strong></span> <span class='ocrx_word' id='word_1_185' title='bbox 819 3010 958 3090; x_wconf 89' lang='lat' dir='ltr'><strong>pacem</strong></span> <span class='ocrx_word' id='word_1_186' title='bbox 985 2982 1143 3064; x_wconf 81' lang='lat' dir='ltr'><strong>bonam.</strong></span> <span class='ocrx_word' id='word_1_187' title='bbox 1202 2983 1398 3090; x_wconf 82' lang='lat' dir='ltr'><strong>Regnum,</strong></span> <span class='ocrx_word' id='word_1_188' title='bbox 1427 2981 1543 3062; x_wconf 90' lang='lat' dir='ltr'><strong>nobis</strong></span> <span class='ocrx_word' id='word_1_189' title='bbox 1577 3009 1600 3060; x_wconf 89' lang='lat' dir='ltr'><strong>a</strong></span> <span class='ocrx_word' id='word_1_190' title='bbox 1628 3007 1722 3086; x_wconf 90' lang='lat' dir='ltr'><strong>rege</strong></span> <span class='ocrx_word' id='word_1_191' title='bbox 1749 3007 1890 3088; x_wconf 91' lang='lat' dir='ltr'><strong>regum</strong></span> <span class='ocrx_word' id='word_1_192' title='bbox 1925 2981 2062 3088; x_wconf 92' lang='lat' dir='ltr'><strong>propi·</strong></span> 
     </span>
     <span class='ocr_line' id='line_1_21' title="bbox 275 3091 2062 3201; baseline -0.001 -27"><span class='ocrx_word' id='word_1_193' title='bbox 275 3095 338 3175; x_wconf 90' lang='lat' dir='ltr'><strong>cio</strong></span> <span class='ocrx_word' id='word_1_194' title='bbox 368 3092 445 3173; x_wconf 90' lang='lat' dir='ltr'><strong>deo</strong></span> <span class='ocrx_word' id='word_1_195' title='bbox 474 3091 676 3190; x_wconf 78' lang='lat' dir='ltr'><strong>collatum,</strong></span> <span class='ocrx_word' id='word_1_196' title='bbox 703 3093 889 3201; x_wconf 89' lang='lat' dir='ltr'><strong>cupimus</strong></span> <span class='ocrx_word' id='word_1_197' title='bbox 917 3095 961 3172; x_wconf 91' lang='lat' dir='ltr'><strong>in</strong></span> <span class='ocrx_word' id='word_1_198' title='bbox 988 3095 1100 3173; x_wconf 89' lang='lat' dir='ltr'><strong>omni</strong></span> <span class='ocrx_word' id='word_1_199' title='bbox 1115 3123 1212 3201; x_wconf 90' lang='lat' dir='ltr'><strong>pace</strong></span> <span class='ocrx_word' id='word_1_200' title='bbox 1240 3094 1479 3200; x_wconf 84' lang='lat' dir='ltr'><strong>gubernare,</strong></span> <span class='ocrx_word' id='word_1_201' title='bbox 1494 3093 1685 3198; x_wconf 84' lang='lat' dir='ltr'><strong>precipue</strong></span> <span class='ocrx_word' id='word_1_202' title='bbox 1702 3091 1875 3187; x_wconf 89' lang='lat' dir='ltr'><strong>illorum,</strong></span> <span class='ocrx_word' id='word_1_203' title='bbox 1892 3092 1964 3199; x_wconf 92' lang='lat' dir='ltr'><strong>qui</strong></span> <span class='ocrx_word' id='word_1_204' title='bbox 1981 3119 2062 3172; x_wconf 92' lang='lat' dir='ltr'><strong>mo·</strong></span> 
     </span>
     <span class='ocr_line' id='line_1_22' title="bbox 274 3199 2062 3312; baseline -0.005 -24"><span class='ocrx_word' id='word_1_205' title='bbox 274 3203 437 3288; x_wconf 84' lang='lat' dir='ltr'><strong>nasticis</strong></span> <span class='ocrx_word' id='word_1_206' title='bbox 465 3203 787 3285; x_wconf 88' lang='lat' dir='ltr'><strong>institutionibus</strong></span> <span class='ocrx_word' id='word_1_207' title='bbox 815 3202 939 3285; x_wconf 92' lang='lat' dir='ltr'><strong>dediti</strong></span> <span class='ocrx_word' id='word_1_208' title='bbox 968 3204 1062 3285; x_wconf 88' lang='lat' dir='ltr'><strong>totis</strong></span> <span class='ocrx_word' id='word_1_209' title='bbox 1090 3205 1244 3286; x_wconf 87' lang='lat' dir='ltr'><strong>viribus</strong></span> <span class='ocrx_word' id='word_1_210' title='bbox 1272 3203 1539 3312; x_wconf 85' lang='lat' dir='ltr'><strong>omnipotenti</strong></span> <span class='ocrx_word' id='word_1_211' title='bbox 1567 3201 1645 3284; x_wconf 89' lang='lat' dir='ltr'><strong>deo</strong></span> <span class='ocrx_word' id='word_1_212' title='bbox 1673 3199 1831 3283; x_wconf 85' lang='lat' dir='ltr'><strong>assidue</strong></span> <span class='ocrx_word' id='word_1_213' title='bbox 1868 3228 1946 3308; x_wconf 91' lang='lat' dir='ltr'><strong>pro</strong></span> <span class='ocrx_word' id='word_1_214' title='bbox 1980 3229 2062 3281; x_wconf 91' lang='lat' dir='ltr'><strong>om·</strong></span> 
     </span>
     <span class='ocr_line' id='line_1_23' title="bbox 189 3311 2061 3423; baseline -0.003 -27"><span class='ocrx_word' id='word_1_215' title='bbox 189 3325 194 3342; x_wconf 89' lang='lat'><em>&#39;</em></span> <span class='ocrx_word' id='word_1_216' title='bbox 273 3315 386 3396; x_wconf 90' lang='lat' dir='ltr'><strong>nium</strong></span> <span class='ocrx_word' id='word_1_217' title='bbox 414 3313 543 3393; x_wconf 89' lang='lat' dir='ltr'><strong>salute</strong></span> <span class='ocrx_word' id='word_1_218' title='bbox 571 3331 759 3423; x_wconf 87' lang='lat' dir='ltr'><strong>satagunt</strong></span> <span class='ocrx_word' id='word_1_219' title='bbox 786 3313 1026 3422; x_wconf 86' lang='lat' dir='ltr'><strong>supplicare.</strong></span> <span class='ocrx_word' id='word_1_220' title='bbox 1048 3313 1126 3396; x_wconf 88' lang='lat' dir='ltr'><strong>sed</strong></span> <span class='ocrx_word' id='word_1_221' title='bbox 1149 3315 1360 3412; x_wconf 84' lang='lat' dir='ltr'><strong>conatibus</strong></span> <span class='ocrx_word' id='word_1_222' title='bbox 1389 3314 1539 3404; x_wconf 89' lang='lat' dir='ltr'><strong>nostris</strong></span> <span class='ocrx_word' id='word_1_223' title='bbox 1566 3313 1696 3392; x_wconf 87' lang='lat' dir='ltr'><strong>tocius</strong></span> <span class='ocrx_word' id='word_1_224' title='bbox 1738 3313 1837 3394; x_wconf 90' lang='lat' dir='ltr'><strong>boni</strong></span> <span class='ocrx_word' id='word_1_225' title='bbox 1879 3311 2061 3392; x_wconf 90' lang='lat' dir='ltr'><strong>inimicus</strong></span> 
     </span>
     <span class='ocr_line' id='line_1_24' title="bbox 274 3421 2061 3536; baseline 0 -35"><span class='ocrx_word' id='word_1_226' title='bbox 274 3425 447 3505; x_wconf 75' lang='lat' dir='ltr'><strong>lacerus</strong></span> <span class='ocrx_word' id='word_1_227' title='bbox 483 3423 587 3504; x_wconf 89' lang='lat' dir='ltr'><strong>filius</strong></span> <span class='ocrx_word' id='word_1_228' title='bbox 623 3423 815 3532; x_wconf 91' lang='lat' dir='ltr'><strong>agmundi</strong></span> <span class='ocrx_word' id='word_1_229' title='bbox 850 3427 1050 3506; x_wconf 83' lang='lat' dir='ltr'><strong>maliciose</strong></span> <span class='ocrx_word' id='word_1_230' title='bbox 1078 3427 1273 3520; x_wconf 89' lang='lat' dir='ltr'><strong>substitit,</strong></span> <span class='ocrx_word' id='word_1_231' title='bbox 1306 3428 1378 3536; x_wconf 89' lang='lat' dir='ltr'><strong>qui</strong></span> <span class='ocrx_word' id='word_1_232' title='bbox 1408 3421 1675 3532; x_wconf 85' lang='lat' dir='ltr'><strong>piscacionem</strong></span> <span class='ocrx_word' id='word_1_233' title='bbox 1704 3423 1747 3501; x_wconf 86' lang='lat' dir='ltr'><strong>in</strong></span> <span class='ocrx_word' id='word_1_234' title='bbox 1775 3439 1922 3530; x_wconf 87' lang='lat' dir='ltr'><strong>stagno</strong></span> <span class='ocrx_word' id='word_1_235' title='bbox 1947 3451 2061 3502; x_wconf 88' lang='lat' dir='ltr'><strong>amne</strong></span> 
     </span>
     <span class='ocr_line' id='line_1_25' title="bbox 269 3532 2063 3645; baseline -0.002 -31"><span class='ocrx_word' id='word_1_236' title='bbox 269 3536 457 3644; x_wconf 86' lang='lat' dir='ltr'><strong>positam,</strong></span> <span class='ocrx_word' id='word_1_237' title='bbox 487 3537 564 3643; x_wconf 89' lang='lat' dir='ltr'><strong>qui&#39;</strong></span> <span class='ocrx_word' id='word_1_238' title='bbox 578 3535 737 3644; x_wconf 80' lang='lat' dir='ltr'><strong>&#39;dicitur</strong></span> <span class='ocrx_word' id='word_1_239' title='bbox 762 3532 908 3630; x_wconf 67' lang='lat' dir='ltr'><strong>aust,</strong></span> <span class='ocrx_word' id='word_1_240' title='bbox 938 3533 1131 3619; x_wconf 87' lang='lat' dir='ltr'><strong>beneficio</strong></span> <span class='ocrx_word' id='word_1_241' title='bbox 1159 3535 1358 3621; x_wconf 90' lang='lat' dir='ltr'><strong>nobilium</strong></span> <span class='ocrx_word' id='word_1_242' title='bbox 1387 3535 1630 3645; x_wconf 92' lang='lat' dir='ltr'><strong>principum,</strong></span> <span class='ocrx_word' id='word_1_243' title='bbox 1660 3533 1765 3640; x_wconf 91' lang='lat' dir='ltr'><strong>petri</strong></span> <span class='ocrx_word' id='word_1_244' title='bbox 1794 3532 1983 3614; x_wconf 86' lang='lat' dir='ltr'><strong>videlicet</strong></span> <span class='ocrx_word' id='word_1_245' title='bbox 2023 3549 2063 3612; x_wconf 90' lang='lat' dir='ltr'><strong>et</strong></span> 
     </span>
    </p>
   </div>
   <div class='ocr_carea' id='block_1_10' title="bbox 128 3641 2064 3755">
    <p class='ocr_par' dir='ltr' id='par_1_12' title="bbox 128 3641 2064 3755">
     <span class='ocr_line' id='line_1_26' title="bbox 128 3641 2064 3755; baseline -0.003 -29"><span class='ocrx_word' id='word_1_246' title='bbox 128 3668 137 3684; x_wconf 58' lang='lat'>⁵</span> <span class='ocrx_word' id='word_1_247' title='bbox 273 3645 499 3754; x_wconf 84' lang='lat' dir='ltr'><strong>germundi,</strong></span> <span class='ocrx_word' id='word_1_248' title='bbox 528 3648 664 3728; x_wconf 88' lang='lat' dir='ltr'><strong>vsibus</strong></span> <span class='ocrx_word' id='word_1_249' title='bbox 692 3647 861 3748; x_wconf 88' lang='lat' dir='ltr'><strong>fratrum</strong></span> <span class='ocrx_word' id='word_1_250' title='bbox 890 3646 940 3727; x_wconf 91' lang='lat' dir='ltr'><strong>de</strong></span> <span class='ocrx_word' id='word_1_251' title='bbox 969 3674 1077 3728; x_wconf 92' lang='lat' dir='ltr'><strong>noua</strong></span> <span class='ocrx_word' id='word_1_252' title='bbox 1108 3648 1213 3729; x_wconf 91' lang='lat' dir='ltr'><strong>ualle</strong></span> <span class='ocrx_word' id='word_1_253' title='bbox 1242 3647 1406 3755; x_wconf 91' lang='lat' dir='ltr'><strong>publice</strong></span> <span class='ocrx_word' id='word_1_254' title='bbox 1435 3643 1624 3727; x_wconf 87' lang='lat' dir='ltr'><strong>donatam</strong></span> <span class='ocrx_word' id='word_1_255' title='bbox 1651 3660 1693 3722; x_wconf 94' lang='lat' dir='ltr'><strong>et</strong></span> <span class='ocrx_word' id='word_1_256' title='bbox 1722 3671 1744 3722; x_wconf 91' lang='lat' dir='ltr'><strong>a</strong></span> <span class='ocrx_word' id='word_1_257' title='bbox 1773 3641 2064 3751; x_wconf 89' lang='lat' dir='ltr'><strong>predecessori·</strong></span> 
     </span>
    </p>
   </div>
   <div class='ocr_carea' id='block_1_11' title="bbox 161 3753 2106 4977">
    <p class='ocr_par' dir='ltr' id='par_1_13' title="bbox 161 3753 2106 4977">
     <span class='ocr_line' id='line_1_27' title="bbox 273 3753 2064 3866; baseline -0.002 -30"><span class='ocrx_word' id='word_1_258' title='bbox 273 3755 353 3836; x_wconf 85' lang='lat' dir='ltr'><strong>bus</strong></span> <span class='ocrx_word' id='word_1_259' title='bbox 381 3757 531 3838; x_wconf 81' lang='lat' dir='ltr'><strong>nostris</strong></span> <span class='ocrx_word' id='word_1_260' title='bbox 558 3760 624 3865; x_wconf 92' lang='lat' dir='ltr'><strong>pie</strong></span> <span class='ocrx_word' id='word_1_261' title='bbox 654 3757 867 3853; x_wconf 83' lang='lat' dir='ltr'><strong>defensam,</strong></span> <span class='ocrx_word' id='word_1_262' title='bbox 897 3756 1061 3840; x_wconf 91' lang='lat' dir='ltr'><strong>diabolo</strong></span> <span class='ocrx_word' id='word_1_263' title='bbox 1090 3760 1323 3865; x_wconf 83' lang='lat' dir='ltr'><strong>instigante,</strong></span> <span class='ocrx_word' id='word_1_264' title='bbox 1353 3772 1393 3838; x_wconf 89' lang='lat' dir='ltr'><strong>et</strong></span> <span class='ocrx_word' id='word_1_265' title='bbox 1409 3757 1577 3866; x_wconf 89' lang='lat' dir='ltr'><strong>propria</strong></span> <span class='ocrx_word' id='word_1_266' title='bbox 1591 3753 1805 3863; x_wconf 89' lang='lat' dir='ltr'><strong>iniquitate</strong></span> <span class='ocrx_word' id='word_1_267' title='bbox 1821 3754 2064 3862; x_wconf 88' lang='lat' dir='ltr'><strong>compellen-</strong></span> 
     </span>
     <span class='ocr_line' id='line_1_28' title="bbox 274 3865 2085 3975; baseline -0.003 -27"><span class='ocrx_word' id='word_1_268' title='bbox 274 3887 325 3963; x_wconf 88' lang='lat' dir='ltr'><strong>te,</strong></span> <span class='ocrx_word' id='word_1_269' title='bbox 354 3869 489 3975; x_wconf 89' lang='lat' dir='ltr'><strong>sepius</strong></span> <span class='ocrx_word' id='word_1_270' title='bbox 518 3895 655 3949; x_wconf 87' lang='lat' dir='ltr'><strong>coram</strong></span> <span class='ocrx_word' id='word_1_271' title='bbox 682 3870 738 3949; x_wconf 89' lang='lat' dir='ltr'><strong>eis</strong></span> <span class='ocrx_word' id='word_1_272' title='bbox 767 3867 952 3973; x_wconf 87' lang='lat' dir='ltr'><strong>frangere</strong></span> <span class='ocrx_word' id='word_1_273' title='bbox 981 3884 1021 3948; x_wconf 91' lang='lat' dir='ltr'><strong>et</strong></span> <span class='ocrx_word' id='word_1_274' title='bbox 1048 3868 1310 3950; x_wconf 85' lang='lat' dir='ltr'><strong>confunditus</strong></span> <span class='ocrx_word' id='word_1_275' title='bbox 1339 3866 1545 3947; x_wconf 87' lang='lat' dir='ltr'><strong>destruere</strong></span> <span class='ocrx_word' id='word_1_276' title='bbox 1575 3891 1786 3973; x_wconf 85' lang='lat' dir='ltr'><strong>aggressus</strong></span> <span class='ocrx_word' id='word_1_277' title='bbox 1814 3881 1886 3946; x_wconf 85' lang='lat' dir='ltr'><strong>cst.</strong></span> <span class='ocrx_word' id='word_1_278' title='bbox 1943 3865 2085 3946; x_wconf 82' lang='lat' dir='ltr'><strong>Vnde</strong></span> 
     </span>
     <span class='ocr_line' id='line_1_29' title="bbox 275 3976 2065 4088; baseline -0.004 -28"><span class='ocrx_word' id='word_1_279' title='bbox 275 3981 341 4088; x_wconf 84' lang='lat' dir='ltr'><strong>pie</strong></span> <span class='ocrx_word' id='word_1_280' title='bbox 370 3982 560 4060; x_wconf 91' lang='lat' dir='ltr'><strong>memorie</strong></span> <span class='ocrx_word' id='word_1_281' title='bbox 588 3981 782 4058; x_wconf 71' lang='lat' dir='ltr'><strong>Kraoms</strong></span> <span class='ocrx_word' id='word_1_282' title='bbox 812 3977 1021 4088; x_wconf 86' lang='lat' dir='ltr'><strong>quondam</strong></span> <span class='ocrx_word' id='word_1_283' title='bbox 1049 4006 1122 4060; x_wconf 79' lang='lat' dir='ltr'><strong>rex</strong></span> <span class='ocrx_word' id='word_1_284' title='bbox 1142 3991 1190 4058; x_wconf 85' lang='lat' dir='ltr'><strong>‘et</strong></span> <span class='ocrx_word' id='word_1_285' title='bbox 1217 3977 1390 4086; x_wconf 84' lang='lat' dir='ltr'><strong>predicti</strong></span> <span class='ocrx_word' id='word_1_286' title='bbox 1419 3994 1524 4058; x_wconf 90' lang='lat' dir='ltr'><strong>terre</strong></span> <span class='ocrx_word' id='word_1_287' title='bbox 1552 3976 1673 4058; x_wconf 73' lang='lat' dir='ltr'><strong>bilius</strong></span> <span class='ocrx_word' id='word_1_288' title='bbox 1706 3976 1908 4082; x_wconf 89' lang='lat' dir='ltr'><strong>principes</strong></span> <span class='ocrx_word' id='word_1_289' title='bbox 1922 3993 2065 4084; x_wconf 88' lang='lat' dir='ltr'><strong>petrus</strong></span> 
     </span>
     <span class='ocr_line' id='line_1_30' title="bbox 231 4065 2096 4198; baseline -0.002 -28"><span class='ocrx_word' id='word_1_290' title='bbox 231 4065 238 4094; x_wconf 59' lang='grc'><strong>’</strong></span> <span class='ocrx_word' id='word_1_291' title='bbox 276 4101 316 4171; x_wconf 88' lang='lat' dir='ltr'><strong>et</strong></span> <span class='ocrx_word' id='word_1_292' title='bbox 344 4087 602 4196; x_wconf 88' lang='lat' dir='ltr'><strong>germundus,</strong></span> <span class='ocrx_word' id='word_1_293' title='bbox 633 4091 826 4198; x_wconf 86' lang='lat' dir='ltr'><strong>proprius</strong></span> <span class='ocrx_word' id='word_1_294' title='bbox 855 4088 1076 4169; x_wconf 88' lang='lat' dir='ltr'><strong>secundum</strong></span> <span class='ocrx_word' id='word_1_295' title='bbox 1094 4117 1253 4169; x_wconf 86' lang='lat' dir='ltr'><strong>carnem</strong></span> <span class='ocrx_word' id='word_1_296' title='bbox 1269 4111 1481 4195; x_wconf 82' lang='lat' dir='ltr'><strong>germanus</strong></span> <span class='ocrx_word' id='word_1_297' title='bbox 1496 4084 1757 4193; x_wconf 88' lang='lat' dir='ltr'><strong>supradictus</strong></span> <span class='ocrx_word' id='word_1_298' title='bbox 1767 4085 1911 4194; x_wconf 83' lang='lat' dir='ltr'><strong>jacobi,</strong></span> <span class='ocrx_word' id='word_1_299' title='bbox 1928 4085 2065 4193; x_wconf 90' lang='lat' dir='ltr'><strong>predi·</strong></span> <span class='ocrx_word' id='word_1_300' title='bbox 2094 4117 2096 4120; x_wconf 69' lang='grc'>’</span> 
     </span>
     <span class='ocr_line' id='line_1_31' title="bbox 161 4195 2064 4308; baseline -0.002 -28"><span class='ocrx_word' id='word_1_301' title='bbox 161 4215 172 4223; x_wconf 76' lang='grc'><strong>’</strong></span> <span class='ocrx_word' id='word_1_302' title='bbox 277 4217 436 4282; x_wconf 87' lang='lat' dir='ltr'><strong>ctorum</strong></span> <span class='ocrx_word' id='word_1_303' title='bbox 465 4200 636 4282; x_wconf 81' lang='lat' dir='ltr'><strong>fratrum</strong></span> <span class='ocrx_word' id='word_1_304' title='bbox 664 4200 853 4308; x_wconf 80' lang='lat' dir='ltr'><strong>jniuriam</strong></span> <span class='ocrx_word' id='word_1_305' title='bbox 882 4199 949 4306; x_wconf 90' lang='lat' dir='ltr'><strong>pie</strong></span> <span class='ocrx_word' id='word_1_306' title='bbox 977 4201 1208 4280; x_wconf 89' lang='lat' dir='ltr'><strong>miserantes</strong></span> <span class='ocrx_word' id='word_1_307' title='bbox 1237 4217 1277 4280; x_wconf 93' lang='lat' dir='ltr'><strong>et</strong></span> <span class='ocrx_word' id='word_1_308' title='bbox 1303 4198 1480 4306; x_wconf 89' lang='lat' dir='ltr'><strong>benigne</strong></span> <span class='ocrx_word' id='word_1_309' title='bbox 1508 4197 1774 4292; x_wconf 84' lang='lat' dir='ltr'><strong>consulentes,</strong></span> <span class='ocrx_word' id='word_1_310' title='bbox 1804 4199 1882 4278; x_wconf 92' lang='lat' dir='ltr'><strong>sub</strong></span> <span class='ocrx_word' id='word_1_311' title='bbox 1898 4195 2064 4302; x_wconf 91' lang='lat' dir='ltr'><strong>publica</strong></span> 
     </span>
     <span class='ocr_line' id='line_1_32' title="bbox 273 4307 2106 4416; baseline -0.005 -25"><span class='ocrx_word' id='word_1_312' title='bbox 273 4311 557 4400; x_wconf 85' lang='lat' dir='ltr'><strong>testificacione</strong></span> <span class='ocrx_word' id='word_1_313' title='bbox 586 4316 643 4392; x_wconf 86' lang='lat' dir='ltr'><strong>eis</strong></span> <span class='ocrx_word' id='word_1_314' title='bbox 671 4309 931 4391; x_wconf 87' lang='lat' dir='ltr'><strong>iureiurando</strong></span> <span class='ocrx_word' id='word_1_315' title='bbox 959 4311 1236 4407; x_wconf 79' lang='lat' dir='ltr'><strong>contulerunt,</strong></span> <span class='ocrx_word' id='word_1_316' title='bbox 1265 4327 1304 4390; x_wconf 91' lang='lat' dir='ltr'><strong>et</strong></span> <span class='ocrx_word' id='word_1_317' title='bbox 1331 4335 1468 4391; x_wconf 90' lang='lat' dir='ltr'><strong>omnes</strong></span> <span class='ocrx_word' id='word_1_318' title='bbox 1496 4323 1610 4388; x_wconf 91' lang='lat' dir='ltr'><strong>actus</strong></span> <span class='ocrx_word' id='word_1_319' title='bbox 1636 4307 1769 4416; x_wconf 88' lang='lat' dir='ltr'><strong>jacobi</strong></span> <span class='ocrx_word' id='word_1_320' title='bbox 1799 4308 1936 4404; x_wconf 79' lang='lat' dir='ltr'><strong>irritos</strong></span> <span class='ocrx_word' id='word_1_321' title='bbox 1964 4335 2065 4388; x_wconf 90' lang='lat' dir='ltr'><strong>con·</strong></span> <span class='ocrx_word' id='word_1_322' title='bbox 2100 4373 2106 4382; x_wconf 91' lang='lat'>.</span> 
     </span>
     <span class='ocr_line' id='line_1_33' title="bbox 272 4417 2066 4531; baseline -0.002 -29"><span class='ocrx_word' id='word_1_323' title='bbox 272 4421 608 4530; x_wconf 89' lang='lat' dir='ltr'><strong>dempnauerunt.</strong></span> <span class='ocrx_word' id='word_1_324' title='bbox 666 4421 746 4504; x_wconf 89' lang='lat' dir='ltr'><strong>Sed</strong></span> <span class='ocrx_word' id='word_1_325' title='bbox 774 4423 869 4530; x_wconf 89' lang='lat' dir='ltr'><strong>quia</strong></span> <span class='ocrx_word' id='word_1_326' title='bbox 898 4449 983 4519; x_wconf 90' lang='lat' dir='ltr'><strong>nos,</strong></span> <span class='ocrx_word' id='word_1_327' title='bbox 1013 4424 1093 4505; x_wconf 90' lang='lat' dir='ltr'><strong>hoc</strong></span> <span class='ocrx_word' id='word_1_328' title='bbox 1119 4425 1250 4531; x_wconf 91' lang='lat' dir='ltr'><strong>ipsum</strong></span> <span class='ocrx_word' id='word_1_329' title='bbox 1278 4423 1391 4530; x_wconf 87' lang='lat' dir='ltr'><strong>regia</strong></span> <span class='ocrx_word' id='word_1_330' title='bbox 1420 4419 1660 4500; x_wconf 83' lang='lat' dir='ltr'><strong>auctoritate</strong></span> <span class='ocrx_word' id='word_1_331' title='bbox 1694 4417 2002 4515; x_wconf 86' lang='lat' dir='ltr'><strong>confirmantes,</strong></span> <span class='ocrx_word' id='word_1_332' title='bbox 2024 4435 2066 4498; x_wconf 88' lang='lat' dir='ltr'><strong>et</strong></span> 
     </span>
     <span class='ocr_line' id='line_1_34' title="bbox 272 4527 2065 4643; baseline -0.003 -30"><span class='ocrx_word' id='word_1_333' title='bbox 272 4539 365 4613; x_wconf 83' lang='lat' dir='ltr'><strong>cum</strong></span> <span class='ocrx_word' id='word_1_334' title='bbox 410 4536 709 4616; x_wconf 86' lang='lat' dir='ltr'><strong>nominatorum</strong></span> <span class='ocrx_word' id='word_1_335' title='bbox 746 4535 975 4642; x_wconf 86' lang='lat' dir='ltr'><strong>principum</strong></span> <span class='ocrx_word' id='word_1_336' title='bbox 1017 4552 1124 4616; x_wconf 87' lang='lat' dir='ltr'><strong>terre</strong></span> <span class='ocrx_word' id='word_1_337' title='bbox 1165 4531 1328 4643; x_wconf 91' lang='lat' dir='ltr'><strong>publica</strong></span> <span class='ocrx_word' id='word_1_338' title='bbox 1364 4530 1647 4613; x_wconf 83' lang='lat' dir='ltr'><strong>testifioacione</strong></span> <span class='ocrx_word' id='word_1_339' title='bbox 1676 4557 1783 4610; x_wconf 83' lang='lat' dir='ltr'><strong>cum·</strong></span> <span class='ocrx_word' id='word_1_340' title='bbox 1796 4527 2065 4636; x_wconf 81' lang='lat' dir='ltr'><strong>jtueiurando</strong></span> 
     </span>
     <span class='ocr_line' id='line_1_35' title="bbox 274 4639 2065 4754; baseline -0.001 -32"><span class='ocrx_word' id='word_1_341' title='bbox 274 4643 424 4724; x_wconf 88' lang='lat' dir='ltr'><strong>eisdem</strong></span> <span class='ocrx_word' id='word_1_342' title='bbox 451 4642 645 4727; x_wconf 85' lang='lat' dir='ltr'><strong>fratribus</strong></span> <span class='ocrx_word' id='word_1_343' title='bbox 668 4646 839 4727; x_wconf 88' lang='lat' dir='ltr'><strong>eandem</strong></span> <span class='ocrx_word' id='word_1_344' title='bbox 868 4645 1134 4754; x_wconf 86' lang='lat' dir='ltr'><strong>piscacionem</strong></span> <span class='ocrx_word' id='word_1_345' title='bbox 1162 4645 1403 4752; x_wconf 85' lang='lat' dir='ltr'><strong>delegantes,</strong></span> <span class='ocrx_word' id='word_1_346' title='bbox 1432 4641 1647 4739; x_wconf 74' lang='lat' dir='ltr'><strong>uniuersis,</strong></span> <span class='ocrx_word' id='word_1_347' title='bbox 1676 4641 1748 4750; x_wconf 87' lang='lat' dir='ltr'><strong>qui</strong></span> <span class='ocrx_word' id='word_1_348' title='bbox 1776 4641 1818 4719; x_wconf 88' lang='lat' dir='ltr'><strong>in</strong></span> <span class='ocrx_word' id='word_1_349' title='bbox 1845 4640 1933 4720; x_wconf 88' lang='lat' dir='ltr'><strong>hoc·</strong></span> <span class='ocrx_word' id='word_1_350' title='bbox 1953 4639 2065 4720; x_wconf 86' lang='lat' dir='ltr'><strong>facto</strong></span> 
     </span>
     <span class='ocr_line' id='line_1_36' title="bbox 170 4751 2065 4865; baseline 0 -31"><span class='ocrx_word' id='word_1_351' title='bbox 170 4755 175 4763; x_wconf 84' lang='grc'><strong>’</strong></span> <span class='ocrx_word' id='word_1_352' title='bbox 273 4753 522 4863; x_wconf 82' lang='lat' dir='ltr'><strong>sepedictum</strong></span> <span class='ocrx_word' id='word_1_353' title='bbox 549 4757 752 4865; x_wconf 85' lang='lat' dir='ltr'><strong>jacobum.</strong></span> <span class='ocrx_word' id='word_1_354' title='bbox 768 4754 973 4862; x_wconf 74' lang='lat' dir='ltr'><strong>adiuuant,</strong></span> <span class='ocrx_word' id='word_1_355' title='bbox 1001 4759 1132 4838; x_wconf 84' lang='lat' dir='ltr'><strong>tocius·</strong></span> <span class='ocrx_word' id='word_1_356' title='bbox 1158 4757 1383 4838; x_wconf 82' lang='lat' dir='ltr'><strong>substancie</strong></span> <span class='ocrx_word' id='word_1_357' title='bbox 1411 4755 1661 4836; x_wconf 82' lang='lat' dir='ltr'><strong>amissionem</strong></span> <span class='ocrx_word' id='word_1_358' title='bbox 1690 4751 1756 4836; x_wconf 79' lang='lat' dir='ltr'><strong>vel</strong></span> <span class='ocrx_word' id='word_1_359' title='bbox 1785 4753 1957 4860; x_wconf 86' lang='lat' dir='ltr'><strong>proprii</strong></span> <span class='ocrx_word' id='word_1_360' title='bbox 1982 4754 2065 4842; x_wconf 81' lang='lat' dir='ltr'><strong>mei</strong></span> 
     </span>
     <span class='ocr_line' id='line_1_37' title="bbox 274 4861 2067 4977; baseline -0.001 -33"><span class='ocrx_word' id='word_1_361' title='bbox 274 4865 396 4974; x_wconf 86' lang='lat' dir='ltr'><strong>gladii</strong></span> <span class='ocrx_word' id='word_1_362' title='bbox 424 4865 620 4950; x_wconf 87' lang='lat' dir='ltr'><strong>vlcioncm</strong></span> <span class='ocrx_word' id='word_1_363' title='bbox 648 4869 798 4949; x_wconf 88' lang='lat' dir='ltr'><strong>inferre</strong></span> <span class='ocrx_word' id='word_1_364' title='bbox 827 4866 1017 4952; x_wconf 81' lang='lat' dir='ltr'><strong>conabor.</strong></span> <span class='ocrx_word' id='word_1_365' title='bbox 1042 4905 1045 4910; x_wconf 54' lang='lat'>¹</span> <span class='ocrx_word' id='word_1_366' title='bbox 1076 4871 1136 4949; x_wconf 90' lang='lat' dir='ltr'><strong>De</strong></span> <span class='ocrx_word' id='word_1_367' title='bbox 1164 4867 1309 4977; x_wconf 86' lang='lat' dir='ltr'><strong>jacobo</strong></span> <span class='ocrx_word' id='word_1_368' title='bbox 1338 4891 1438 4946; x_wconf 87' lang='lat' dir='ltr'><strong>vero</strong></span> <span class='ocrx_word' id='word_1_369' title='bbox 1460 4876 1606 4946; x_wconf 79' lang='lat' dir='ltr'><strong>&#39;notum</strong></span> <span class='ocrx_word' id='word_1_370' title='bbox 1634 4863 1686 4944; x_wconf 83' lang='lat' dir='ltr'><strong>sit</strong></span> <span class='ocrx_word' id='word_1_371' title='bbox 1715 4863 1906 4945; x_wconf 83' lang='lat' dir='ltr'><strong>omnibus</strong></span> <span class='ocrx_word' id='word_1_372' title='bbox 1933 4861 2067 4957; x_wconf 79' lang='lat' dir='ltr'><strong>vobis,</strong></span> 
     </span>
    </p>
   </div>
   <div class='ocr_carea' id='block_1_12' title="bbox 1800 4971 1990 5083">
    <p class='ocr_par' dir='ltr' id='par_1_14' title="bbox 1800 4971 1990 5083">
     <span class='ocr_line' id='line_1_38' title="bbox 1800 4971 1990 5083; baseline 0 -30"><span class='ocrx_word' id='word_1_373' title='bbox 1800 5034 1802 5040; x_wconf 68' lang='lat'>‚</span> <span class='ocrx_word' id='word_1_374' title='bbox 1839 4971 1952 5083; x_wconf 92' lang='lat' dir='ltr'><strong>quod</strong></span> <span class='ocrx_word' id='word_1_375' title='bbox 1986 5069 1990 5076; x_wconf 23' lang='lat'><em>¹</em></span> 
     </span>
    </p>
   </div>
   <div class='ocr_carea' id='block_1_13' title="bbox 0 0 2190 5940">
    <p class='ocr_par' dir='ltr' id='par_1_15' title="bbox 0 0 2190 5940">
     <span class='ocr_line' id='line_1_39' title="bbox 0 0 2190 5940; baseline 0 0"><span class='ocrx_word' id='word_1_376' title='bbox 0 0 2190 5940; x_wconf 95' lang='lat' dir='ltr'><strong> </strong></span> 
     </span>
    </p>
   </div>
  </div>
 </body>
</html>
