4382 5964
982 536 1056 566 ....
1165 491 1247 578 sss
1344 455 1577 612 -

321 715 456 804 dernis
484 726 690 824 presentes
717 709 871 798 litteras
900 707 1176 824 inspecturis,
1192 713 1361 800 salutem
1390 711 1529 812 ins-dci
1556 709 1642 798 filio
1666 710 1783 796 ihesu
1798 710 1978 800 christo.
2007 717 2103 806 Cun

319 830 545 938 primorum
574 841 786 934 parentum
814 825 1144 934 preuaricacione
1173 843 1449 936 promerente,
1478 852 1559 937 que
1588 827 1697 910 iusto
1725 825 1792 909 dei
1819 826 1975 912 iudicio
1996 839 2105 914 uan-

316 940 414 1020 siuit
443 934 497 1019 ad
525 952 736 1046 posteros,
761 937 825 1038 sit¹
840 935 1060 1056 humanum
1088 964 1215 1048 genus
1243 967 1330 1026 non
1372 939 1503 1022 solcum
1528 935 1840 1056 'multiplicibus
1881 941 2105 1026 subiectum

317 1047 610 1158 penalitatibus
638 1049 684 1131 &'
705 1049 932 1158 erumpnis,
966 1074 1109 1130 verum
1139 1052 1260 1132 ctiam
1306 1047 1511 1136 moriendi
1529 1067 1532 1074 '
1548 1049 1777 1141 necessitati
1817 1051 2105 1138 incuitabiliter

178 1155 190 1206 ²
315 1159 543 1258 addictum,
571 1159 704 1270 sitque
731 1159 908 1248 humana
936 1160 1019 1242 vita
1047 1177 1193 1264 ventus
1221 1168 1261 1243 &
1291 1181 1429 1271 vapori
1454 1159 1508 1250 ad
1535 1157 1741 1242 modicum
1775 1189 1943 1271 parens,
1982 1166 2104 1248 exitus

77 1306 81 1314 ¹
177 1351 179 1357 ,
316 1275 456 1400 ignara
472 1271 633 1463 penitus
649 1275 690 1352 8(
704 1272 869 1368 incerta,
898 1270 1102 1383 simusque
1130 1272 1393 1356 nihilominus
1408 1288 1502 1382 post
1529 1270 1757 1354 discursum
1782 1273 1905 1356 buius
1919 1277 2006 1358 vite
2021 1293 2102 1356 ante

315 1381 482 1469 tribuna
525 1378 705 1490 supremi
730 1381 876 1466 iudicis
904 1384 1107 1495 recepturi
1148 1401 1273 1492 prout
1307 1385 1351 1466 in
1378 1410 1551 1494 corpore
1593 1386 1787 1490 gessimus
1827 1392 1915 1468 siue
1959 1386 2104 1468 bonum

228 1525 238 1532 ·
316 1495 402 1582 siue
415 1491 590 1590 malum,
618 1521 712 1572 nam
754 1520 925 1604 queeum
958 1522 1009 1576 ue
1053 1495 1312 1578 seminauerit
1339 1495 1476 1584 ,bomo
1518 1497 1592 1576 hec
1621 1498 1669 1576 8(-
1703 1512 1838 1580 metet.
1879 1497 2105 1580 consultum

316 1613 356 1688 8(
384 1603 603 1714 expediens
632 1603 720 1686 fore
748 1631 833 1686 non
876 1523 1113 1716 ambigitur,
1139 1606 1422 1694 condicionem
1462 1621 1591 1697 status
1618 1605 1837 1716 vigilanter
1877 1606 2105 1706 aduertere,

316 1716 422 1797 diem
450 1716 712 1797 resolucionis
740 1717 885 1796 mentis
918 1719 1046 1799 oculis
1079 1717 1262 1800 crebrius
1296 1733 1563 1828 anteponere,
1586 1715 1824 1800 Elemosinis
1852 1740 2026 1827 peccata
2054 1749 2105 1801 re·

316 1826 487 1925 dimere,
516 1831 556 1906 8(
589 1823 792 1936 equissimi
821 1827 963 1911 iudicis
992 1828 1153 1928 faciem,
1181 1847 1297 1911 caute
1325 1831 1516 1939 congruis
1538 1827 1804 1929 Racionibus,
1832 1830 1911 1910 hoc
1941 1849 2018 1927 est,
2032 1831 2106 1940 pla·

314 1939 458 2020 catiuis
486 1939 649 2047 pietatis
676 1939 871 2048 operibus
912 1942 1138 2048 preuenire.
1180 1941 1265 2022 Nos
1310 1943 1436 2048 igitur
1463 1942 1530 2024 dei
1557 1941 1691 2050 gracia
1733 1941 1942 2048 prementi,
1988 1948 2033 2023 8(
2059 1940 2107 2022 al·

251 2093 253 2098 v
314 2049 401 2132 flati
443 2049 713 2158 inspiracione
747 2047 947 2148 altissimi,
990 2078 1114 2161 super
1156 2049 1476 2146 discriminosum
1504 2059 1543 2132 8(
1574 2049 1806 2146 ‚instabilem
1850 2069 2005 2134 statum
2035 2056 2107 2136 rite

315 2165 594 2242 momentanee
622 2160 814 2275 mentales
842 2161 983 2242 oculos
1012 2162 1260 2262 attollentes,
1290 2172 1594 2273 extremumque
1628 2159 1754 2262 diem,
1797 2166 2003 2244 incertum
2048 2192 2108 2275 pe·

317 2273 443 2369 niuis,
471 2271 687 2386 preuenire
715 2273 944 2382 cupientes,
971 2270 1141 2385 dignum
1171 2273 1379 2373 duximus,
1422 2273 1559 2356 amore
1594 2292 1733 2356 eterne
1766 2273 2007 2356 hereditatis
2052 2305 2107 2358 ac·

265 2447 270 2454 .
313 2385 442 2486 censi,
472 2409 550 2494 pro
567 2381 794 2488 ‚celestibus
823 2399 1002 2484 terrena,
1031 2411 1109 2494 pro
1137 2389 1286 2468 eternis
1320 2386 1580 2497 temporalia,
1622 2411 1700 2496 pro
1729 2385 2108 2495 incorruptibilibus

291 2513 562 2579 ¹commutare
590 2492 765 2591 caduca,
794 2500 834 2578 8(
860 2496 903 2576 in
931 2493 1041 2580 bunc
1070 2497 1257 2596 modum,
1287 2501 1429 2610 preuia
1460 2497 1757 2582 deliberacione
1783 2494 1971 2604 diligenti
1992 2498 2109 2580 &de-

313 2607 421 2704 bita,
450 2624 635 2690 nostrum
668 2602 846 2688 condere
874 2605 1172 2694 testamentum.
1205 2609 1444 2692 inhonore
1473 2608 1628 2693 domini
1654 2609 1784 2689 nostri
1813 2609 1928 2697 ihesu
1971 2609 2107 2690 christi

315 2725 355 2800 8(
382 2716 628 2800 sanctissime
655 2717 793 2799 Matris
805 2745 876 2802 sue
891 2722 1059 2836 virginis
1088 2723 1225 2834 Maria,
1253 2721 1514 2833 ..Gloriosique
1537 2717 1776 2814 confessoris
1791 2721 1853 2800 sui
1867 2719 2106 2803 francisci&

200 2924 204 2932 ,
315 2832 497 2912 omnium
525 2844 768 2918 sanctorum.
796 2833 996 2945 Legamus
1023 2834 1222 2934 donamus
1249 2841 1289 2918 8(
1318 2835 1564 2944 assignamus
1578 2834 1621 2913 in
1635 2830 2028 2954 primis,.llratribus
2042 2832 2105 2912 ldi-

314 2941 483 3024 noribus
510 2942 553 3023 in
579 2941 802 3054 stokholm,
846 2949 962 3064 apud
994 2975 1097 3060 quos
1138 2949 1263 3030 eciam
1291 2946 1480 3056 eligimus
1511 2942 1778 3055 sepulturam,
1820 2969 1968 3054 quam,
2014 2946 2104 3055 quin

224 3127 228 3140 ‚
314 3051 373 3133 ibi
400 3053 488 3148 liat,
517 3053 671 3153 nullus,
699 3055 776 3144 sub
805 3058 1135 3142 interminacione
1171 3051 1435 3141 anathematis
1462 3071 1675 3167 attemptet
1702 3052 1915 3166 impedire,
1954 3083 2104 3165 preser-

312 3165 506 3245 timeum
534 3193 655 3276 super
683 3165 762 3249 hcc
790 3168 910 3252 nobis
938 3172 1071 3257 littera
1100 3169 1255 3253 domini
1294 3167 1506 3280 apostolici
1533 3169 1584 3249 sit
1613 3191 1812 3254 concessa,
1842 3167 2014 3248 Curiam
2042 3195 2105 3250 nc

308 3267 436 3357 stram¹
458 3274 721 3375 snwtair‘stad,
751 3307 827 3398 pro
855 3283 1203 3374 consummatione
1226 3281 1402 3364 Ecclesia
1418 3287 1457 3360 8(
1472 3277 1714 3387 dormitorij,
1729 3303 1820 3389 que,
1836 3274 1916 3359 deo
1932 3295 2105 3374 auctore,

282 3451 285 3459 ,
312 3385 364 3466 de
378 3401 515 3467 nostra
531 3387 793 3484 ordinacione
808 3399 846 3473 8(
861 3393 1076 3476 elemosina
1094 3409 1189 3476 sunt
1216 3390 1397 3484 fundata.
1425 3392 1532 3472 Jtenr
1552 3419 1628 3501 pro
1644 3391 1786 3479 maiori
1801 3387 1923 3470 altari
1949 3390 2105 3485 ibidem,

283 3598 289 3605 ⁸
312 3513 501 3591 ornatum
530 3495 666 3580 altaris
696 3500 1021 3612 sollempniorem
1050 3533 1171 3618 quem
1198 3501 1412 3599 babemus,
1440 3530 1533 3590 cum
1568 3525 1692 3583 aureo
1726 3501 1850 3585 calice
1879 3505 1921 3584 8,(
1950 3502 2107 3584 duobus

312 3606 559 3708 baldekinis,
588 3637 762 3721 quorum
791 3613 962 3699 alterum
989 3617 1042 3702 sit
1070 3644 1148 3726 pro
1175 3615 1312 3697 altaris
1341 3612 1588 3724 antipendio.
1618 3630 1660 3695 et
1679 3611 1853 3694 alterum
1866 3639 1949 3744 pro
1975 3613 2106 3695 tabule

311 3736 561 3829 tegumento,
576 3721 826 3832 temporibus
842 3726 992 3836 quibus
1019 3756 1106 3816 non
1134 3726 1335 3836 contingit
1350 3725 1477 3836 ipsam
1491 3723 1674 3806 tabulam
1688 3723 1888 3809 Reuelarr.
1917 3727 2036 3806 Jtem.
2052 3727 2109 3834 pi·

311 3829 695 3943 xidemargenteam
717 3861 793 3944 pro
811 3861 924 3916 sacra
938 3839 1187 3938 ewcbaristia
1202 3840 1246 3918 ln
1266 3836 1436 3947 cyborio
1451 3835 1741 3921 conseruanda.
1771 3835 1877 3928 Jtam
1892 3836 2035 3946 pelues
2050 3864 2110 3916 ar·

311 3958 497 4050 genteas,
532 3943 727 4054 ampullas
742 3964 963 4054 argenteas,
995 3955 1034 4030 8(
1055 3950 1183 4028 maius
1198 3968 1432 4058 argenteum
1452 3946 1706 4040 thuribulum
1719 3944 1772 4028 de
1786 3947 1945 4058 capella
1960 3967 2109 4042 nostra,

311 4079 404 4135 cum
432 4053 594 4137 duobus
616 4054 869 4138 candelabris
884 4057 1131 4148 habentibus
1143 4058 1280 4141 ¹nodos
1294 4058 1546 4157 cristallinos,
1575 4064 1615 4139 8(
1629 4089 1722 4140 cum
1736 4084 1856 4148 cruce
1870 4059 2056 4158 eburnea
2070 4062 2112 4140 in

312 4165 537 4247 summitate
552 4164 715 4274 cyborij
726 4169 974 4252 collocanda.
1001 4169 1106 4252 Jtem
1135 4171 1321 4252 Casulam
1336 4169 1624 4279 aurifrigiatam
1638 4169 1784 4252 factam
1798 4197 1926 4290 opere
1953 4172 2110 4279 pluma·

310 4279 391 4374 rio,
420 4276 534 4388 quod
548 4277 660 4384 wlgo
681 4276 843 4378 dicitur,
864 4279 1033 4380 saenktb,
1047 4291 1140 4363 ou'm
1154 4285 1298 4363 ceteris
1312 4281 1364 4362 ad
1378 4307 1466 4362 eam
1482 4281 2112 4390 pertinentibussucerdotalrbus

311 4390 570 4470 ornamentis.
598 4389 703 4468 item
733 4387 985 4474 dalmaticam
1000 4397 1040 4474 8(
1054 4392 1202 4475 subtile
1229 4393 1279 4476 de
1308 4391 1564 4502 ymaginibus
1578 4395 1696 4498 beate
1710 4393 1877 4502 virginis
1894 4421 1993 4474 cum
2008 4413 2112 4478 octe·

178 4531 180 4540 ¹
311 4499 366 4576 ris
394 4527 474 4610 que
489 4503 530 4580 in
545 4499 663 4580 Missa
692 4498 745 4581 ad
773 4517 963 4584 ornatum
979 4501 1152 4612 dyaconi
1167 4509 1208 4586 8(
1224 4502 1477 4615 subdyaconi
1490 4505 1767 4616 requiruntur.
1795 4504 1901 4584 Jtem
1916 4503 1971 4585 ad
1987 4507 2111 4588 altare

310 4607 537 4691 beatissime
564 4611 730 4722 virginis
745 4613 883 4710 Mario,
911 4617 1190 4722 antipendium
1207 4614 1258 4698 de
1272 4614 1425 4726 blyald,
1454 4643 1548 4697 cum
1575 4615 1711 4698 casula
1727 4613 1944 4698 dalmatica
1959 4621 2005 4697 8(
2019 4617 2112 4700 sub·

62 4803 69 4812 ,
143 4697 152 4718 ’
226 4819 238 4840 .
312 4719 375 4799 tili
403 4717 454 4800 de
482 4719 702 4803 baldekino
735 4721 899 4811 forratis
940 4727 1073 4820 rubeo
1113 4728 1262 4827 serico,
1308 4755 1399 4808 cum
1427 4727 1572 4808 ceteris
1600 4725 1652 4810 ad
1694 4725 1773 4807 boc
1789 4787 1792 4793 .
1811 4727 2112 4836 pertinentibus

222 4888 225 4900 .
311 4830 627 4920 sacerdotalibus
648 4837 906 4917 ornamentis.
936 4839 977 4916 8(
1005 4863 1096 4918 cum
1111 4837 1259 4921 eisdem
1274 4839 1314 4920 in
1332 4837 1552 4920 maioribus
1565 4835 1854 4919 festiuitatibus
1882 4835 2112 4921 beatissime

312 4941 480 5058 virginis
509 4941 746 5042 celebretur.
776 4947 891 5032 item.
916 4943 974 5038 ,ad
989 4947 1115 5044 altare
1138 4949 1247 5032 beati
1275 4947 1474 5051 francisci.
1491 4964 1679 5033 ornatum
1694 4947 1831 5035 altaris
1846 4975 1972 5058 quern
1989 4949 2110 5032 habe·

1810 5085 1904 5187 ‚mus
