4362 5946
981 423 1050 452 ··-
1153 389 1241 476 ’,8ου
1315 383 1409 452 ’ν-

120 662 125 674 -
260 679 266 688 .
296 621 404 698 iistcr
433 609 489 692 ok
517 608 668 691 sudher
682 607 800 690 niisth
815 605 1408 719 liggiandhetilldwordhelika
1428 607 1554 718 sgho,
1569 607 1714 690 sidhan
1728 607 1868 690 tolrom
1882 609 1932 718 wj
1940 611 2047 722 jgecr

296 725 360 807 aff
369 723 481 802 thorn
496 719 706 802 liirniimda
721 719 858 802 brudh
871 719 955 800 alth
968 719 1151 801 thethan
1180 715 1291 800 attho
1319 719 1440 802 mcdh
1460 719 1541 801 aris
1568 719 1661 803 reth
1689 719 1705 828 j
1734 717 2050 808 starlrorithmedh

294 830 452 920 lidrdltn
474 829 597 914 delen
627 830 643 940 j
671 830 878 950 gwidones
905 829 1066 910 hwillrit
1092 833 1193 912 hnns
1222 830 1395 912 modher
1410 829 1622 924 vtilhiirdhc
1635 830 1708 914 eth
1721 829 1779 938 wj
1793 830 1947 911 skulum
1968 837 2050 916 thet·

292 964 338 1028 >ta
367 939 509 1044 eltii'dlr
538 940 640 1052 tghja
667 941 873 1043 oskaddh'e
902 939 967 1022 aff
987 938 1106 1022 allom
1130 943 1254 1023 ‘orech
1289 943 1352 1022 till
1393 939 1665 1022 iiwerdhelika
1692 939 1800 1049 'igho
1829 942 1945 1023 Giort
1969 947 2051 1026 arith
2150 951 2152 1014 l

296 1058 439 1168 ipther
456 1043 574 1165 'gu'dz
603 1053 739 1163 byr'dh
766 1049 967 1170 Tosnnda
993 1051 1283 1134 tuhundradha
1313 1053 1477 1161 liritighi
1507 1079 1616 1162 vppa
1646 1051 1829 1134 siundhe.
2151 1049 2152 1080 ¹

130 1453 137 1460 ’
248 1443 433 1574 dds.
922 1457 1070 1582 1247
1119 1437 1167 1544 d.
1217 1475 1291 1585 29
1336 1440 1469 1586 Aug.
1660 1400 1662 1404 .
1776 1429 1777 1432 Ὺ
1920 1443 2059 1592 Lyon

380 1655 1818 1746 Peri.lnocmmsNesBrettilltrle-BnkopeniLundror·ande‘1²mnen·isund
1845 1661 1907 1725 och
1936 1661 2060 1748 Capella·
2149 1573 2152 1728 l

427 1763 488 1808 nen
508 1743 565 1804 hos
585 1743 705 1806 Peneo
726 1746 875 1826 Magister
894 1747 1001 1808 Jncors
1022 1745 1192 1807 inlomster
1210 1745 1250 1806 ef
1265 1743 1342 1806 hene
1362 1745 1484 1828 kyrio-
1503 1743 1564 1806 och
1585 1745 1759 1828 moesone,
1769 1744 1878 1809 lrville
1899 1746 1996 1809 blifrit
2013 1745 2060 1808 ho-
2149 1731 2152 1900 1

425 1846 501 1895 nom
521 1824 741 1890 undnnhetue.

2150 1977 2152 2028 l

1501 1937 1533 1994 F.
1553 1953 1582 1994 rt
1598 1955 1659 2008 roo.
1701 1943 1756 1999 nn.
1779 1939 1876 2012 Hp.
1894 1941 1951 1998 ns

458 2077 710 2264 Imocegssim
737 2079 808 2154 &c
844 2073 1072 2156 Venerabrtr
1102 2077 1363 2157 Fratri...
1396 2054 1697 2188 Archiepiscopo
1731 2077 1935 2159 Lundensi
1965 2075 2063 2157 Solu·
2150 2033 2152 2072 r

491 2201 570 2264 tem
662 2246 671 2265 .
1266 2215 1269 2223 .

460 2327 804 2438 Suoruprdebet
834 2345 952 2435 entre
988 2327 1211 2427 'Ecclesiam
1258 2315 1548 2421 Beneficiorum
1585 2317 1813 2442 proventus
1854 2329 2065 2441 percipere,

323 2469 414 2530 uem
441 2443 545 2554 J'ust'a
574 2441 616 2520 in
651 2466 697 2522 ea
725 2468 844 2522 causa
872 2441 1063 2551 prohibet
1090 2441 1282 2542 residere,
1309 2445 1408 2552 quia
1438 2471 1529 2525 cum
1557 2471 1620 2524 res
1648 2469 1728 2554 que
1751 2439 1871 2550 eulpa
1903 2453 2016 2520 caret.
2030 2437 2065 2516 in

295 2473 513 2666 dampnum
541 2553 677 2634 vocari
705 2579 789 2665 non
818 2549 974 2637 debeat.
1004 2555 1179 2662 Dignum
1208 2553 1268 2638 'est
1296 2571 1342 2633 ut
1370 2554 1500 2650 illum,
1560 2581 1651 2642 uem
1679 2550 1800 2664 culpa
1829 2579 1915 2631 non
1943 2549 2062 2658 oppri-

297 2665 370 2763 mit
398 2665 555 2773 jactura
582 2663 745 2775 penitus
774 2691 857 2742 non
885 2663 968 2761 silli
997 2680 1048 2762 at.
1078 2665 1179 2746 Cum
1209 2667 1347 2775 itaque
1390 2667 1493 2752 sicut
1530 2585 1706 2746 dilectus
1749 2661 1852 2744 filius
1897 2661 2065 2769 Magister

233 2844 238 2852 .
294 2773 466 2858 lacobus
493 2773 719 2854 Lundensis
747 2771 921 2855 Ecclesie
948 2693 1180 2882 depositus
1208 2774 1452 2885 Capelianus
1469 2793 1616 2864 noster
1644 2776 1687 2854 in
1715 2790 1851 2857 nostra
1882 2769 2064 2880 presentia

293 2887 537 2970 constitutus
566 2883 683 2964 nobis
709 2887 916 2992 exposuit,
944 2883 1100 2978 fructus
1121 2883 1432 2985 beneficiorum,
1460 2903 1502 2966 et
1531 2885 1701 2968 aliorum
1723 2883 1925 2965 bonorum
1958 2880 2066 2989 patri·

291 2991 527 3081 monialium
560 3019 744 3090 suorum,
766 3023 848 3105 que
876 2997 919 3076 in
947 2995 1091 3103 Regno
1113 2995 1247 3092 'Decie'
1270 2999 1446 3096 obtinet,
1474 3024 1558 3081 non
1573 2997 1698 3110 possit
1714 2995 1839 3076 libere
1855 2995 2065 3102 percipere,

296 3121 467 3217 propter
495 3105 739 3202 inimicitias,
773 3133 875 3216 quas
904 3104 1027 3185 hebet
1069 3105 1229 3206 ibidem,
1258 3105 1352 3186 licet
1379 3135 1446 3188 eas
1474 3137 1558 3188 non
1602 3105 1819 3187 incurrerit
1846 3104 1971 3211 culpe
1997 3125 2064 3191 sua,

293 3215 528 3300 mandamus
555 3235 754 3327 qnatenus
789 3211 994 3330 predictos
1035 3214 1192 3298 fructus
1235 3217 1469 3325 diligenter,
1498 3234 1539 3297 et
1567 3215 1739 3297 fideliter
1781 3213 1992 3321 colligere,
2031 3234 2067 3286 ac

294 3327 423 3410 eidem
452 3327 718 3441 cappellano,
746 3341 870 3438 quem
897 3354 968 3406 sue
989 3327 1212 3457 probitatis
1240 3328 1412 3410 obtentu
1439 3353 1577 3408 carum
1598 3327 1791 3407 habemus
1805 3325 2068 3435 plurimumet

292 3455 519 3548 acceptum,
548 3439 612 3518 vel
640 3465 715 3519 suo
742 3452 999 3555 procuratori
1026 3438 1070 3517 in
1097 3455 1188 3519 tuto
1216 3436 1307 3519 loco
1327 3437 1424 3547 'ejus
1451 3440 1612 3519 nomine
1641 3439 1843 3544 assignare
1871 3455 2066 3541 procures

292 3551 337 3634 si
364 3560 473 3630 vero'
489 3539 664 3658 propter¹
686 3546 1007 3636 adversariorum
1034 3576 1201 3630 suorum
1229 3539 1437 3646 malitiam,
1464 3549 1529 3644 ,vel
1552 3551 1773 3660 potentiam
1799 3545 1982 3655 prefatos
1995 3539 2067 3619 fru-

291 3678 382 3747 otns
394 3657 586 3773 colligere
598 3658 757 3766 sibique
785 3661 1016 3770 nequiveris
1045 3660 1294 3770 integraliter
1321 3660 1528 3756 exhibere,
1557 3657 1680 3740 facies
1693 3656 2068 3756 eidemnuctoritatc

133 3841 135 3850 ,
291 3789 429 3857 nostre
457 3767 634 3882 singulis·
653 3770 769 3849 annis
797 3772 848 3852 eb
876 3770 1062 3852 Ecclesiis
1090 3773 1219 3890 Regni
1248 3771 1421 3880 predicti
1449 3769 1500 3852 de
1528 3767 1754 3851 redditibus
1783 3758 2069 3851 ‘Ecclesiastico

292 3882 540 3968 tantumdem
567 3879 815 3975 valentibus,
842 3895 1043 3991 quantum
1057 3881 1348 3994 predictorum
1377 3881 1664 3982 beneficiorum
1693 3893 1919 3990 proventum
1947 3874 2069 3957 valere

289 4011 532 4091 noscuntur,
558 3987 690 4081 donec
718 4007 940 4102 proventus
969 3993 1078 4100 ipsos
1107 3995 1315 4102 percipere
1343 3993 1474 4073 valeat
1502 3991 1720 4103 provideri.
1757 3993 1852 4074 Non
1880 3979 2070 4069 obstanti-

240 4149 241 4154 Ν
288 4109 367 4190 bns
387 4109 428 4188 si
457 4103 643 4190 Ecclesiis
667 4104 767 4214 ipsis
793 4129 818 4182 α
845 4099 949 4185 Sede
976 4104 1196 4211 apostolica
1226 4105 1278 4184 sit
1305 4100 1528 4200 indultum,
1564 4101 1684 4215 quod
1708 4101 1760 4196 'ad
1804 4099 2068 4210 provisionem

288 4220 457 4329 alicujus
484 4244 557 4331 per
586 4215 740 4302 litteras
766 4213 1008 4334 apostolicas
1025 4215 1198 4314 ,minime
1211 4213 1459 4312 teneantur,
1487 4216 1566 4295 nisi
1606 4213 1658 4296 de
1701 4211 1958 4324 indulgentie
1997 4206 2071 4285 tho

290 4331 464 4439 memodi
490 4351 718 4434 expressam
746 4325 897 4410 faciant
924 4327 1201 4424 mentionem,
1228 4325 1292 4406 vel
1328 4329 1361 4406 si
1390 4353 1468 4436 pro
1491 4381 1494 4388 ·
1514 4327 1602 4408 aliis
1629 4327 1671 4412 in
1699 4323 1847 4407 eisdem
1890 4314 2075 4407 Ecoleti't

131 4515 134 4522 ,
289 4441 507 4534 direximus
532 4438 684 4545 scripta
718 4453 869 4525 nostra.
902 4435 1232 4519 Coritredictores
1265 4432 1348 4516 ⁸&o
1392 4439 1541 4520 Datum
1591 4435 1781 4546 lugduni
1823 4433 1904 4516 llll
1934 4423 2069 4511 natm

291 4551 556 4658 Septembris,
585 4545 847 4629 Pontificense
874 4549 1005 4630 nostri
1032 4553 1152 4632 Anno
1180 4547 1347 4649 Quinto.
1963 4575 1965 4582 ·
