4384 5946
845 465 900 513 ι’-
1018 449 1066 553 19
1173 479 1236 542 (ὠ

37 739 41 746 ,
139 659 325 744 Formosi
352 666 469 775 Papae
498 671 538 748 8(
566 663 766 775 Arnolpbi
795 653 933 773 Regis,
963 669 1003 748 &
1038 665 1337 758 machinatione,¹
1371 659 1591 752 Hermanni
1632 667 1941 782 Archiepiscopl
2039 659 2042 666 ¹

129 774 184 853 ‘in
209 773 271 858 Te
300 782 342 855 &
368 779 415 861 in
443 778 659 860 Ecclesiam
687 769 1101 886 Hammaburgensem'
1126 780 1274 860 temere
1303 787 1577 892 perpetratum
1605 802 1664 865 est
1673 823 1690 881 ,·
1699 786 1937 864 auctoritate

131 891 311 996 qudque'
334 909 472 971 nostra
499 896 539 970 8(
560 889 706 998 juditio
734 889 1004 999 plurimorum
1032 889 1280 984 confratrum
1308 907 1538 971 nostrorum
1574 899 1613 975 8(
1656 895 1732 976 sub
1754 895 1937 976 anathe-

138 1014 242 1094 mate
272 1001 582 1083 contradicimus
610 1010 650 1084 8(
677 1002 841 1083 omnino
869 999 1124 1094 destruimus.
1181 1000 1390 1112 Quicquid
1423 1019 1554 1083 autem
1582 1031 1605 1082 a
1632 1005 1936 1114 NicolaoPapa,

140 1113 192 1190 8(·
205 1115 359 1192 caeteris
386 1111 744 1220 praedecessoribus
772 1117 919 1196 nostris
956 1111 1311 1221 Hammaburgensi
1355 1112 1540 1193 Ecclesiae
1584 1141 1814 1212 concessum
1857 1133 1936 1216 est,

132 1221 293 1301 ‘scilicet
319 1225 466 1305 habere
493 1225 752 1333 Archiepisco
784 1225 884 1304 alem
906 1241 1142 1332 potestatem
1169 1225 1212 1304 in
1240 1251 1409 1332 regnum
1455 1226 1680 1323 Danorum,
1723 1227 1936 1310 Norueno'·
1977 1315 1982 1334 ι

53 1343 57 1350 ’
132 1353 250 1429 rum,
281 1332 525 1430 Suanorum,
555 1342 593 1416 8(
621 1253 800 1427 omnidm
830 1336 1208 1444 Septentrionalium
1236 1335 1447 1420 nationum
1473 1337 1784 1418 &bremensem
1799 1331 1936 1420 Eccle-

141 1439 238 1523 siam
267 1447 305 1522 8(
333 1448 460 1553 ipsam
492 1445 835 1555 Hamburgen'sem
864 1445 1081 1538 Ecclesiam
1117 1475 1200 1528 non
1243 1445 1362 1542 duas,
1389 1446 1467 1526 'sed
1509 1475 1629 1527 unam
1671 1475 1754 1529 esse
1796 1449 1937 1530 Eccle-

141 1557 238 1635 siam
267 1559 306 1633 &
333 1557 563 1665 parochiam
582 1558 834 1662 decernimus
855 1563 894 1638 8(
922 1557 1216 1639 confirmamus.
1274 1559 1523 1637 Auctoritate
1565 1586 1662 1664 ergo
1702 1559 1937 1667 Apostolica

143 1671 181 1746 8(
202 1693 385 1765 sensura,
414 1670 497 1762 sub.
518 1669 645 1750 divini
672 1663 807 1776 judith
836 1669 1101 1752 obtestatione
1132 1674 1171 1750 8(
1199 1667 1457 1750 anathematis
1472 1668 1689 1750 interdictu
1703 1670 1936 1768 statuimus,
1990 1675 1993 1682 ’

143 1777 329 1878 utnulla
357 1805 528 1885 persona
557 1781 835 1890 cujuscunque
863 1778 1016 1860 ordinis
1044 1798 1114 1860 aut
1147 1779 1352 1886 dignitatis
1379 1779 1447 1876 sit,
1476 1807 1523 1859 ea
1538 1783 1641 1890 'quae
1683 1779 1746 1860 vel
1787 1781 1830 1860 in
1856 1785 1935 1861 Arss
1976 1850 1978 1858 ,

11 1895 13 1966 ;
143 1887 426 1998 chiepiscopali
452 1891 666 1998 dignitate,
693 1892 756 1984 vel
785 1918 876 2001 quae
904 1891 947 1969 in
975 1890 1269 1997 conjunctionis
1298 1891 1517 1972 Bremensis
1538 1895 1577 1971 8(
1591 1891 1935 2000 Hammaburgen-

17 2097 24 2108 ἱ
141 2002 194 2080 sis
218 2001 404 2080 Ecclesiae
432 2031 455 2081 a
483 2003 842 2110 praedecessoribus
870 2001 1017 2082 nostris
1048 2003 1233 2083 Ecclesiae
1261 2018 1340 2082 tuae
1369 2009 1407 2083 8(
1435 2001 1510 2083 tibi
1538 2028 1726 2082 concessa
1756 2021 1865 2100 sunt,
1886 2009 1936 2085 8(

142 2141 164 2190 a
194 2111 311 2192 nobis
338 2109 552 2194 reformata
580 2131 684 2210 sunt,
713 2115 847 2195 violet.
905 2115 1149 2224 Quicunque
1165 2132 1297 2194 autern
1313 2117 1539 2208 mutaverit,
1555 2111 1618 2192 vel
1634 2113 1676 2194 in
1692 2113 1832 2223 aliquo
1847 2117 1936 2214 vio·

142 2223 225 2301 lare
253 2225 540 2331 praesumserit,
571 2227 806 2306 auctoritate
835 2225 910 2304 Dei
940 2231 980 2304 8(
1007 2224 1114 2318 beati
1141 2223 1248 2305 Petri
1277 2222 1463 2330 Apostoli
1491 2229 1530 2304 8(
1558 2242 1715 2319 nostra,
1744 2230 1816 2334 qui
1847 2227 1936 2334 ejus

141 2333 347 2440 fungimur
375 2337 651 2432 vicariatione,
667 2337 854 2444 perpetui
868 2335 1124 2416 anathematis
1140 2333 1303 2415 vinculo
1318 2333 1543 2415 immolatus
1557 2331 1602 2444 Ἴ.
1660 2334 1936 2418 Hermannum

138 2447 273 2527 ¹autern
303 2446 580 2527 Coloniensem
595 2448 1024 2556 Archiepiscopum,&
1038 2444 1279 2532 Haddanum
1295 2444 1574 2552 Mogontinum
1599 2445 1935 2554 Archipraes'ulem

142 2585 217 2665 pro
247 2555 513 2660 satisfactione
542 2559 787 2666 poenitentiae
816 2587 863 2639 us
895 2585 945 2639 ue
977 2556 1027 2638 ad
1043 2557 1284 2664 praefinitum
1300 2585 1322 2636 a
1338 2557 1455 2646 nobis
1469 2574 1639 2666 tempus,
1656 2584 1677 2635 a
1692 2554 1832 2638 divino
1847 2585 1937 2658 sus·

11 2739 12 2746 Ν
138 2667 353 2778 pendimus
385 2665 537 2764 cilicio,
566 2671 758 2780 quonlam
787 2588 896 2778 apud
925 2667 1156 2753 'l'riburiam
1185 2695 1257 2776 per
1287 2694 1355 2746 eos
1382 2667 1523 2782 inique
1546 2683 1695 2747 cassata
1710 2685 1820 2765 sunt,
1835 2695 1934 2750 con·

12 2833 13 2836 ¹
139 2807 250 2862 cessa
277 2780 463 2860 Ecclesiae
489 2796 569 2860 tuae
592 2788 638 2863 8(
665 2781 740 2862 tibl
767 2779 1010 2889 Apostolicae
1039 2779 1142 2862 sedis
1166 2778 1394 2887 privilegia,
1417 2784 1456 2856 8(
1471 2778 1739 2884 gloriosorum
1755 2779 1933 2887 Impera·-

11 2935 12 2940 Ν
140 2909 277 2972 torum
299 2891 501 2972 annullata
532 2907 626 2971 sunt
652 2892 917 2988 Testamenta.
973 2891 1057 2973 Nos
1086 2887 1253 3002 quoque
1280 2886 1618 2998 quemadmodum
1647 2905 1851 2997 precatus¹
1876 2915 1933 2987 es,
2051 2933 2057 2942 ·

11 3067 13 3076 ,
139 3003 367 3083 monuimus
396 3003 519 3083 literis
548 3004 807 3111 Wigbertum
836 3009 875 3082 8(
902 3002 1105 3099 Bisonem,
1135 2998 1497 3082 Reverendissimcs
1539 3005 1578 3080 8(
1619 3017 1712 3080 tuos
1755 3000 1937 3084 convici·-

139 3139 213 3196 nos
241 3113 488 3222 Episcopos,
516 3131 714 3222 quatenus
737 3133 777 3194 te
806 3113 997 3221 adjuvent
1025 3119 1065 3202 8(
1093 3112 1143 3194 ad
1177 3131 1216 3193 te
1244 3110 1524 3193 convenientes
1554 3109 1742 3191 ordinare
1764 3111 1933 3220 Episco-

137 3251 225 3334 ρος,
253 3227 297 3304 in
317 3225 467 3332 quibus
494 3225 695 3307 Canonice
724 3227 921 3305 inveneris
949 3225 1048 3304 locis
1076 3230 1115 3305 8(
1143 3227 1372 3330 competens
1389 3220 1655 3328 designaverit
1669 3221 1803 3303 ratio·
1841 3222 1933 3302 Tua

137 3358 252 3443 ergo,
281 3337 523 3418 sanctissime
552 3337 710 3432 Frater,
740 3337 1001 3440 sanctimonia
1028 3337 1104 3415 erit
1133 3363 1209 3454 pro
1238 3335 1356 3416 nobis
1385 3337 1424 3412 8(
1453 3360 1528 3440 pro
1552 3331 1767 3413 universali
1796 3349 1933 3415 sancta

137 3447 318 3527 Romana
348 3443 541 3543 Ecclesia,
571 3453 610 3528 8(
637 3447 754 3536 nobis
782 3445 971 3528 remanda
1000 3446 1172 3556 qualiter
1215 3451 1254 3526 8(
1296 3445 1368 3524 ubi
1405 3443 1628 3552 Episcopos
1670 3441 1955 3527 ordinaveris.-

137 3559 249 3639 Datae
272 3585 346 3665 per
374 3584 534 3636 manrnn
562 3559 669 3638 Petri
697 3557 945 3650 Cancellarii'
961 3558 999 3640 S.
1043 3557 1230 3650 Romana
1265 3554 1449 3638 Ecclesiae
1491 3557 1635 3674 quinto
1679 3554 1814 3638 Nonas
1837 3553 1931 3635 *Fe-

133 3670 308 3768 bruarii,
339 3667 562 3751 Indictione
587 3669 658 3762 ΙΙΙ,
1043 3693 1047 3714 ‘
2069 3667 2073 3676 ’

143 4067 227 4172 (3.
829 4107 939 4214 911
992 4039 1058 4171 d.¹
1094 4105 1160 4211 ¹9
1207 4067 1326 4209 Maj.

215 4285 462 4435 “mim
484 4289 553 4353 uta
574 4289 725 4354 inlimakt
750 4289 799 4354 fdr
830 4288 998 4354 Iloccsaus
1030 4289 1097 4352 titt.
1114 4283 1283 4351 tete-BA
1315 4285 1479 4370 Hamburg
1511 4284 1571 4349 och
1601 4241 1740 4371 tolkning
1772 4287 1809 4350 af
1836 4284 1927 4392 pallii

325 4392 442 4456 yese.

307 4523 477 4603 Sanctus
507 4523 750 4632 Episcopus,
781 4523 931 4604 Servus
959 4521 1173 4604 Servorum
1205 4521 1297 4616 Dei,
1327 4520 1671 4620 Reverendissimo
1701 4526 1740 4602 8(
1756 4519 1929 4601 Sanctis-

126 4637 235 4715 simo
265 4631 468 4714 Confratri
495 4652 636 4715 nostro
665 4635 829 4742 Hogero
845 4633 1160 4742 Archiepiscopo
1176 4627 1224 4744 ²⁵)
1240 4651 1384 4714 sanctae
1400 4632 1775 4740 Hammaburgensis
1792 4630 1927 4712 Eccle-

11 4803 13 4810 ,
126 4747 196 4832 siae
228 4739 299 4854 ²⁶):
329 4743 479 4826 Diebus
506 4747 597 4825 vitae
625 4773 706 4825 susc
733 4743 782 4857 ²⁷)
812 4736 1089 4828 tantummodo
1119 4748 1299 4826 Pastores
1328 4744 1463 4824 ovium
1491 4742 1614 4822 solem
1651 4743 1822 4852 geluque
1850 4767 1928 4850 pro
1997 4794 2000 4800 -

11 5029 13 5062 ,
211 4989 240 5062 ⁰)
272 4986 361 5069 lege:
381 4988 542 5050 innotatus.
586 4983 644 5063 ²5l'
664 4985 781 5052 Sancta
803 4988 1095 5071 Hammaburgensis
1117 4986 1280 5073 Episcopo.
1326 4983 1376 5063 26)
1398 4983 1607 5083 Apostolicam
1627 4981 1873 5083 benedictionem
1893 4991 1926 5044 et
2035 5018 2040 5026 ·

11 5065 13 5166 l
211 5089 291 5214 {gd
291 5070 447 5229 gagga
447 5071 516 5216 th
532 5073 948 5238 asetpq‘cqqlprtaesprlqpqqppg
957 5075 1107 5207 requiem.
1162 5075 1212 5155 27]
1241 5067 1450 5156 Hac-'verbm
1473 5067 1592 5132 Diebus
1619 5076 1692 5131 vitae
1712 5086 1774 5132 aua
1804 5074 1927 5129 tantum
