4368 5950
743 342 863 426 ’·-’
961 390 1041 472 209
1152 405 1207 426 ·-

16 553 278 701 3186..
368 576 370 582 ’
569 703 573 711 ,
740 561 1256 726 .1220„d.3N0v.
1585 533 1902 704 *Lateran-

149 889 152 896 ι
189 807 546 976 misirfflffiirm'
565 810 617 878 till
637 809 772 896 Konum
794 811 932 894 loram
953 791 1110 898 klegomil
1131 811 1223 875 diver
1237 807 1565 898 verldrllgemaktens
1585 811 1716 902 ingrepp
1746 819 1796 880 uti
1829 819 1897 883 An·

1612 1010 1647 1063 K.
1663 1027 1687 1065 c.
1711 1029 1766 1082 ¹7⁰·

462 1146 668 1228 Honorivs
698 1151 817 1259 Papa
845 1095 1012 1232 Tertius
1040 1103 1201 1228 Illustri
1235 1149 1342 1252 Regi
1368 1145 1530 1226 Saetioe.

271 1291 328 1368 Vt
376 1290 614 1398 potentibus
658 1293 776 1374 huius
807 1291 943 1371 saeculi
973 1293 1169 1370 Dominus
1198 1291 1241 1368 in
1271 1288 1456 1368 Ecclesiis
1485 1296 1525 1368 Sc
1554 1289 1675 1369 rebus
1704 1293 1899 1376 Ecclesia·

111 1401 230 1498 sticis,
275 1428 367 1510 quae
408 1403 485 1483 sibi
527 1403 690 1511 speciali
733 1403 853 1484 titulo
881 1417 979 1482 sunt
1006 1405 1210 1509 ascriptae,
1240 1426 1398 1480 omnem
1436 1402 1603 1480 omnino
1638 1389 1899 1488 'interdiceret
1993 1401 1999 1412 “

112 1527 357 1620 potestatem.
431 1513 557 1593 Ozam
600 1544 676 1624 pro
720 1513 910 1624 eoquod
942 1520 1051 1592 Arcae
1079 1510 1247 1608 faederis,
1275 1527 1457 1591 sanctam
1499 1512 1717 1592 Ecclesiam
1760 1517 1899 1627 praesi-

109 1626 259 1731 gnanti,
302 1648 466 1702 manum
517 1624 719 1735 apposuit,
762 1642 806 1706 vt
847 1623 1082 1704 inclinatam
1110 1637 1351 1708 sustentaret
1382 1619 1549 1702 eandem
1577 1627 1758 1730 grauiter
1800 1654 1896 1708 mox

109 1736 321 1842 percussit;
349 1731 565 1814 ostendens
587 1753 779 1846 quantam
807 1735 906 1816 velit
944 1733 1126 1814 Ecclesiae
1154 1733 1422 1813 reuerentiam
1439 1732 1655 1830 exhiberi,
1679 1734 1777 1816 dum
1805 1764 1899 1818 eum
1964 1786 1982 1822 .
2040 1736 2043 1742 ’

54 1910 83 1936 ff
107 1847 174 1954 qui
217 1848 390 1942 Arcam,
428 1873 519 1954 quae
561 1847 689 1954 figura
732 1863 821 1934 erat,
861 1844 1067 1940 Ecclesiae,
1096 1870 1181 1925 non
1209 1861 1254 1924 vt
1283 1840 1544 1950 deprimeret,
1574 1842 1643 1925 sed
1673 1847 1894 1945 attolleret,

105 1958 237 2063 tetigit
267 1984 317 2036 ex
346 1983 395 2036 eo
424 1954 693 2054 solummodo,
723 1955 835 2069 quod
874 1955 924 2035 ad
960 1951 1193 2036 huiusmodi
1236 1954 1498 2034 ministerium
1526 1979 1610 2034 non
1652 1974 1739 2038 erat
1781 1957 1919 2042 addi·⁴

103 2082 202 2164 ctus,
218 2067 369 2147 acriter
396 2067 453 2146 sic
481 2069 655 2176 puniuit.
702 2067 831 2150 ‘Vnde
861 2066 959 2145 tacti
988 2093 1124 2146 sumus
1152 2063 1293 2146 dolore
1327 2063 1461 2145 cordis
1495 2065 1753 2163 intrinsecus,
1781 2069 1896 2180 quod

103 2179 204 2258 sicut
233 2176 289 2258 ad
316 2169 558 2257 audientiam
587 2192 765 2258 nostram
791 2177 993 2286 peruenit,
1023 2194 1070 2256 tu
1103 2177 1368 2282 &Principes
1396 2180 1436 2253 8<
1465 2173 1674 2282 Magnetes
1702 2183 1763 2264 tui
1809 2178 1896 2262 haec
2051 2274 2054 2279 Ι

102 2289 267 2370 minime
297 2285 568 2385 attendentes,
598 2289 792 2369 Ecclesias
821 2293 948 2368 &res
979 2286 1273 2367 Ecclesiasticus
1308 2286 1425 2368 nimis
1459 2286 1729 2368 irreuerenter
1763 2291 1895 2372 inuito
1932 2387 1935 2392 ¹
2061 2384 2065 2387 ,

103 2400 282 2481 Domino
310 2400 584 2496 contrectatis,
614 2398 709 2480 dum
739 2402 844 2479 inter
873 2397 951 2477 alia
980 2399 1130 2507 quibus
1158 2397 1334 2503 grauatis
1363 2393 1541 2491 easdem,
1570 2398 1727 2508 quoties
1756 2399 1895 2482 Eccle-

99 2512 196 2591 siam
228 2509 513 2593 Cathedralem
533 2538 676 2591 vacare
706 2509 922 2616 contingit,
941 2536 1022 2603 ‚vos
1052 2509 1168 2589 bonis
1190 2508 1369 2588 vacantis
1397 2503 1582 2586 Ecclesiae
1609 2508 1726 2589 nimis
1754 2538 1895 2625 repre-

100 2621 356 2704 hensibiliter
383 2621 662 2730 apprehensis,
695 2619 930 2729 Capitulum
958 2618 1010 2698 ad
1038 2617 1151 2727 quod
1178 2617 1321 2698 electio
1344 2618 1523 2726 pertinet
1555 2621 1812 2718 successoris,
1841 2621 1895 2703 ad

97 2732 344 2814 electionem
373 2733 594 2838 procedere
622 2759 706 2812 non
735 2733 926 2824 sinentes,
956 2745 1097 2809 contra
1127 2728 1350 2810 Canonicas
1371 2727 1593 2808 sanctiones
1621 2755 1743 2836 quem
1772 2731 1894 2813 vultis

95 2843 313 2923 intruditis
340 2844 383 2920 in
410 2842 628 2923 Ecclesiam
656 2840 862 2922 viduatam
890 2839 1025 2921 dando
1062 2840 1217 2920 intruso
1252 2838 1446 2917 annulum
1474 2842 1513 2916 &
1539 2838 1728 2919 baculum
1754 2845 1894 2923 Pasto-

95 2952 235 3035 ralem.
273 2951 450 3055 Quidam
477 2954 596 3032 etiam
625 2945 840 3033 Saeculares
868 2948 1024 3030 Iudices
1052 2976 1186 3030 sacros
1208 2950 1392 3030 Canones
1421 2965 1724 3030 contemnentes
1738 2953 1782 3033 in
1796 2980 1893 3034 con·

92 3062 313 3145 trahendis
345 3069 384 3141 &
418 3061 651 3144 dirimendis
679 3059 963 3166 matrimonijs,
993 3066 1031 3141 &
1059 3063 1101 3138 in
1129 3061 1216 3139 aliis
1245 3057 1604 3167 quampluribus,
1636 3061 1708 3140 ius,
1726 3063 1894 3169 Episco·
1960 3077 1964 3082 ’
2001 3149 2004 3160 ,
2083 3065 2118 3164 f

92 3175 188 3284 pale
221 3175 303 3255 sibi
350 3172 629 3253 damnabiliter
671 3189 927 3281 vsurpantes,
970 3171 1165 3252 Ecclesias
1203 3167 1462 3276 Praesbytcris
1504 3167 1671 3250 dant&
1703 3172 1894 3254 auferunt
1975 3268 1977 3280 Α

90 3285 272 3396 quando
302 3283 464 3382 volunt,
498 3311 572 3364 nec
600 3280 993 3390 attendentes‘quod
1021 3278 1160 3366 seruus
1192 3307 1266 3360 suo
1296 3280 1471 3363 Domino
1498 3295 1577 3359 stat
1592 3280 1774 3380 secedit,
1802 3287 1893 3365 Cle·
2014 3281 2016 3286 ’

90 3398 204 3477 ricos
236 3423 311 3475 sua
341 3392 490 3476 iudicia
517 3395 653 3476 subire
682 3392 941 3502 compellunt.
979 3392 1063 3470 Nos
1091 3392 1217 3497 igitur
1245 3405 1328 3470 tam
1361 3388 1659 3498 depressionem
1694 3393 1925 3476 Ecclesia-¹
1993 3409 1996 3414 ’

88 3509 206 3587 sticae
238 3507 459 3600 libertatis,
486 3533 608 3614 quam
637 3506 859 3584 animarum
887 3501 1067 3611 pericula
1096 3528 1146 3584 ex
1168 3500 1238 3580 -his
1265 3501 1493 3580 euenientia
1523 3501 1727 3602 manifeste
1754 3493 1891 3588 d'ebito

86 3617 242 3699 fauore
281 3616 477 3711 zelantes,
513 3614 800 3696 Celsitudinem
836 3613 1001 3720 Regiam
1035 3637 1238 3718 rogamus,
1281 3629 1504 3708 monemus,
1533 3617 1573 3710 8(
1601 3614 1810 3695 hortamur
1833 3635 1893 3708 at-

86 3745 229 3824 tenta,
264 3742 465 3836 quatenus
494 3725 718 3832 prudenter
746 3723 968 3817 attendens,
996 3721 1107 3832 quod
1135 3722 1266 3801 honor
1294 3723 1415 3830 Regis
1444 3738 1520 3819 est,
1536 3741 1580 3803 vt
1594 3724 1785 3804 iustitiam
1801 3726 1891 3807 dili-

83 3858 178 3949 gat,
214 3867 315 3949 quae
343 3863 385 3916 se
412 3836 543 3944 diligit
570 3841 610 3918 &
638 3835 777 3944 dirigit
806 3833 1035 3941 diligentes,
1071 3857 1156 3910 non
1184 3829 1314 3912 solum
1343 3833 1429 3941 ipse
1456 3832 1510 3912 ab
1538 3834 1767 3914 huiusmodi
1795 3839 1895 3918 abu·

82 3953 206 4035 sibus
240 3934 420 4058 prorsus
441 3945 662 4043 abstineas,
690 3973 831 4026 verum
859 3946 977 4028 etiam
1005 3942 1211 4052 quoslibet
1238 3941 1314 4023 tibi
1329 3941 1533 4043 subditos,
1560 3942 1708 4025 tradita
1722 3945 1798 4026 tibi
1819 3967 1894 4028 cac·-

83 4063 189 4142 litus
222 4075 432 4170 potestate
461 4055 663 4138 abstinere
691 4054 907 4164 compellas
935 4070 976 4134 te
1004 4081 1051 4136 ac
1079 4052 1177 4135 alios
1206 4052 1258 4132 ab
1287 4051 1534 4162 occupandis
1562 4053 1679 4134 bonis
1696 4055 1895 4138 Ecclesia·

80 4174 203 4254 sticis
236 4167 493 4264 cohibendo,
521 4171 561 4248 &
589 4166 861 4276 permittendo
895 4164 1106 4246 electiones
1140 4163 1376 4248 vacantibus
1413 4162 1600 4244 Ecclesiis
1636 4164 1761 4245 libere
1790 4167 1918 4249 cele·-

80 4285 227 4379 brari,
263 4287 307 4361 &
335 4279 431 4360 alias
460 4306 651 4387 personas
693 4276 987 4363 Ecclesiasticus
1014 4273 1227 4354 'seruando
1256 4274 1298 4358 in
1326 4272 1554 4364 omnimoda
1591 4274 1795 4374 libertate,
1838 4281 1895 4364 ita

78 4394 206 4506 quod
258 4390 460 4471 offensam
502 4387 673 4474 redimas
714 4387 1028 4496 precedentem,
1057 4385 1361 4492 &ingratiam
1389 4402 1429 4468 te
1457 4383 1633 4464 aduehas
1675 4387 1893 4492 potiorem,

77 4535 131 4590 ac
162 4532 250 4586 nos
285 4500 633 4582 mansuetudinem
660 4499 827 4609 Regiam
854 4497 1050 4606 possimus
1078 4494 1221 4578 merito
1250 4493 1540 4578 commendare.
1596 4495 1746 4579 Datum
1771 4499 1894 4584 Late·

77 4645 176 4700 ran.
212 4603 461 4698 littteras
490 4608 706 4700 Nouembr.
737 4636 846 4692 anno
875 4609 1031 4721 quinto.

37 4840 43 4848 .
235 4787 295 4845 ὃν.
312 4785 394 4858 Dr‘pl.
965 4849 969 4854 ¹
1032 4857 1038 4870 ,
1642 4771 1689 4852 27
