4368 5950
762 521 854 575 ''⁶-
964 533 1038 594 2'11
1154 543 1212 576 ··”···

117 713 238 878 189.
383 661 387 679 ¹
749 768 899 846 rano
944 697 1073 847 (1.3
1119 741 1249 848 Nor.
1663 746 1895 855 Lateran.

16 959 26 972 '
116 941 161 994 “²³¹
178 951 273 1020 Pro.
296 953 455 1020 Honorius
477 958 547 1022 tna
567 956 756 1023 Belrtflelse
777 945 827 1022 idi·
847 949 999 1045 Eisloptn
1019 959 1151 1024 ifliara
1174 959 1235 1023 och
1255 958 1333 1024 bans
1354 954 1558 1052 citertridare
1569 951 1893 1050 ptdm'tioade'isom,

92 1105 96 1114 ,
231 1037 363 1200 gi’dpffli
376 1041 706 1209 {ppplpfugppropg'la
727 1043 818 1127 lagen
837 1042 899 1106 och
920 1045 1018 1128 enligt
1036 1044 1160 1108 sttrsiilt
1179 1044 1343 1128 iterandi,
1365 1044 1581 1111 under'nemn
1602 1049 1650 1114 el
1666 1049 1891 1117 'arbatum-

1317 1237 1349 1294 Β.
1369 1253 1396 1295 rt
1417 1240 1458 1295 51.
1510 1242 1567 1298 An.
1584 1242 1610 1298 5.
1629 1240 1682 1318 Ep.
1701 1248 1759 1302 sor.

672 1454 676 1460 .
754 1371 959 1458 Honorius
985 1381 1058 1460 &a
1091 1374 1246 1458 emm.

233 1556 237 1565 ·
261 1513 380 1595 Iustis
408 1516 634 1622 petentium
663 1520 744 1616 &a
767 1546 890 1629 usque
917 1520 1131 1630 complere.
1164 1523 1222 1600 Ea
1250 1531 1418 1629 propter
1446 1518 1697 1605 Venerabilis
1712 1525 1754 1607 in
1773 1515 1893 1608 Cirriss

100 1639 158 1703 sto
185 1620 316 1705 frater
343 1627 545 1736 Epise'ope
574 1628 654 1709 tuis
681 1628 799 1736 justis
828 1632 1016 1738 precibus
1045 1649 1161 1741 grato
1190 1648 1478 1714 concurrentes
1507 1659 1688 1732 assensu,
1722 1632 1899 1720 decimas·

100 1735 138 1815 in
178 1735 629 1844 quibus'Parrochiani
658 1742 718 1821 tui
745 1739 967 1822 secundnm
996 1743 1219 1825 Canonicas
1248 1742 1482 1824 sanctiones
1512 1744 1588 1825 tibi
1617 1755 1818 1845 tenentur,
1852 1749 1899 1829 et
1979 1820 1984 1825 .

98 1844 213 1924 aliam
250 1843 554 1958 decimamque
583 1847 731 1931 dicitur
765 1852 977 1962 Capitalis,
997 1853 1058 1950 'ad
1087 1881 1210 1966 quam
1231 1851 1464 1933 solvendam
1493 1856 1902 1939 seiotorolunta‘rie'
2001 1907 2017 1950 ι,

100 1955 333 2066 obligarunt
375 1961 479 2041 sicut
521 1987 586 2040 eas
626 1961 731 2068 juste
773 1991 821 2042 ae
850 1964 1015 2072 pacifice
1043 1966 1224 2062 obtines,
1252 1964 1328 2043 tibi
1356 1977 1396 2044 e't
1424 1992 1497 2072 per
1525 1969 1566 2046 t'e
1596 1968 1894 2049 successoribus

100 2068 174 2146 tuis
213 2071 451 2151 auctoritate
487 2073 708 2179 apostolica
738 2076 1037 2171 confirmamus,
1066 2093 1106 2157 et
1134 2075 1330 2184 presentis
1357 2066 1498 2184 scripti
1527 2079 1755 2189 patrocinio
1784 2096 1893 2158 com-

98 2180 308 2264 munimus,
378 2180 490 2264 Nulli
532 2208 628 2289 ergo
665 2189 736 2264 &c
773 2201 910 2267 nostre
938 2187 1252 2272 confirmationis
1279 2183 1508 2294 infringere.
1566 2190 1610 2270 Si
1636 2189 1728 2300 quis
1758 2205 1893 2268 autem

96 2295 166 2370 &c
228 2291 379 2372 Datum
405 2293 595 2374 Laterani
623 2295 683 2376 III
712 2295 848 2379 Nonas
877 2297 1128 2396 Novembris,
1150 2294 1411 2384 Pontificatu's
1433 2302 1562 2382 nostri
1590 2301 1710 2382 Anno
1725 2299 1893 2416 Quinto.

104 2711 232 2822 190.
754 2723 906 2794 1220
951 2686 1000 2791 d.
1049 2688 1088 2828 3*
1126 2687 1255 2794 Nov.

172 2898 268 2964 Prisc.
290 2900 449 2966 Horremus
471 2903 540 2966 ma
565 2877 739 2989 Refallbing
759 2907 810 2970 till
830 2909 1065 2992 Presterskapet
1085 2910 1097 2972 i
1116 2909 1218 2976 Siara
1236 2907 1315 2988 stift,
1335 2917 1384 2974 att
1405 2917 1481 2976 utar
1502 2905 1709 2995 biverklagad
1735 2859 1897 2994 incastris:

184 3041 191 3044 .
228 2983 339 3066 righer
358 2986 485 3076 erlilgga
505 2987 557 3054 till
578 2987 730 3079 Bislopen
750 2989 830 3059 hans
851 2991 978 3082 vanliga
994 2993 1171 3058 inkomster.
1194 3081 1198 3088 ι
1251 3081 1254 3093 Ι

753 3113 756 3124 ·
1347 3101 1379 3162 1‘.
1400 3101 1489 3173 1:54·
1508 3101 1563 3160 An.
1580 3101 1607 3156 5.
1625 3099 1678 3173 Ep·
1699 3102 1760 3177 164·-

272 3233 479 3344 ‚Honorius
504 3235 577 3315 &c
635 3237 802 3346 Dilectis
829 3238 942 3325 diliis
967 3241 1175 3320 Vniverris
1203 3237 1476 3326 Ecclesiornm
1503 3239 1680 3320 Prelatis
1699 3267 1777 3354 per
1790 3239 1887 3328 Sca-

295 3375 448 3430 rensem
477 3347 661 3436 Dioresin
686 3353 920 3434 constitutis.
974 3349 1162 3438 Salutem
1185 3354 1265 3434 &a
1366 3419 1391 3430 .,
1442 3409 1444 3416 .
1475 3409 1490 3424 .,

263 3487 320 3567 Ut
367 3515 416 3568 ex
460 3488 599 3576 debito
626 3491 745 3575 nobis
765 3491 959 3586 meritum
987 3489 1223 3578 videremini
1250 3516 1486 3600 comparare
1515 3492 1821 3617 procurationes
1849 3514 1898 3594 et¹

86 3599 181 3694 alia,
214 3598 258 3676 in
285 3598 434 3707 quibus
464 3599 696 3686 Venerabili
726 3599 860 3686 Fratri
888 3615 1093 3684 nostro„
1111 3604 1315 3718 Episcopo
1343 3603 1526 3712 Scarensr
1555 3603 1745 3685 tenemini
1761 3631 1890 3712 usque

89 3707 210 3816 ideo,
242 3706 412 3819 libenter
453 3709 659 3796 debereris
685 3711 893 3808 exolvere,
938 3727 984 3792 ut
1033 3738 1083 3798 ex
1124 3716 1215 3822 ipso
1257 3711 1407 3791 affectu
1436 3736 1508 3792 ros
1536 3710 1693 3819 aliquid
1721 3712 1888 3839 effectui

87 3817 251 3902 adicere
293 3817 526 3931 probareris
566 3848 658 3910 cum
694 3818 862 3909 affectus
896 3819 1103 3906 hominum
1131 3823 1301 3908 maxime
1328 3821 1472 3904 mereri
1500 3822 1669 3917 soleant,
1698 3839 1738 3901 et
1766 3815 1888 3904 etiarn

86 3928 300 4014 demereri.
373 3929 493 4019 Vnde
535 3959 620 4012 non
654 3931 738 4012 sine
770 3960 890 4015 causa
920 3934 1130 4028 miramur,
1159 3932 1272 4042 quod
1299 3933 1407 4042 sicpt
1433 3931 1538 4018 idem
1568 3932 1797 4044 Episcopus
1818 3960 1888 4014 ex-

88 4045 244 4148 posuit
264 4062 408 4120 coram‘
439 4039 567 4131 Nobis
608 4068 680 4128 vos
714 4042 923 4130 eidemin
943 4043 1299 4150 procurationibus
1320 4041 1567 4128 ¹exhibendis
1597 4042 1719 4122 nimis
1743 4041 1887 4125 'diffici-

88 4151 146 4232 les
174 4151 521 4262 exhibuissqmn
547 4153 668 4234 etiam
696 4149 861 4264 quidam
884 4171 1065 4234 uestrum
1093 4181 1161 4236 eas
1187 4151 1458 4239 sibi‘reddere
1473 4151 1765 4234 contradicunt.
1825 4155 1888 4240 Ne
1950 4146 1955 4154 ⁴

85 4263 215 4370 igitur
245 4269 332 4342 rem
355 4280 400 4364 et
427 4264 613 4352 meritum
639 4264 869 4362 ammittatis
894 4263 931 4346 si
957 4262 1139 4352 debitum
1163 4264 1361 4358 exolvatis
1402 4265 1537 4359 inviti,
1575 4263 1903 4368 Vniversitatem„

87 4391 269 4464 vestram
305 4398 515 4490 monemus
555 4389 708 4456 attente
742 4400 816 4482 per
850 4373 1073 4481 apostoliea
1107 4377 1259 4482 scripta
1288 4373 1455 4458 firmiter
1483 4370 1747 4481 precipiendo
1775 4402 1887 4454 man·
1961 4371 1964 4378 ’

86 4481 248 4578 dantes,
287 4500 492 4594 quatenus
533 4486 839 4594 procurationes
873 4489 916 4564 et
949 4486 1027 4565 alia
1056 4485 1135 4565 sibi
1164 4484 1299 4568 debita
1328 4487 1412 4566 sine
1440 4482 1677 4564 difficultate
1705 4483 1887 4592 qualibet

85 4593 302 4675 exolvatis.
360 4595 554 4708 Alioquin
577 4597 840 4690 sententiam,
869 4623 989 4704 quam
1018 4593 1124 4681 idem
1154 4612 1324 4703 proptor
1353 4595 1431 4676 boc
1460 4591 1754 4676 rationabiliter
1781 4595 1886 4675 tule-

85 4703 181 4784 lerit
214 4705 259 4781 in
290 4703 470 4802 rebelles,
499 4723 628 4786 ratam
652 4703 899 4810 habebimus,
929 4722 971 4806 et
997 4705 1192 4812 faciemus¹
1220 4702 1862 4812 auctore3Domirioinviolabilite
1895 4807 1897 4816 Ι

82 4815 308 4904 observari.
373 4816 522 4898 Datum
555 4814 743 4910 Laterani
778 4817 849 4898 ΙΙΙ.
887 4817 1023 4900 Nonas
1060 4813 1319 4918 Novembris,
1350 4813 1609 4898 pontificatus
1646 4818 1772 4896 nostri
1800 4813 1898 4931 lin}¹

84 4923 345 5028 noQuinto.
745 4923 750 4930 '
925 4935 1008 4944 ”
1172 4919 1389 4942 ”
1754 4933 1757 4940 ’
1850 4941 1882 4954 ’“
