4406 5966
801 497 858 521 -
968 455 1063 569 aaa¹
1158 499 1252 524 -·

120 705 197 772 ctus
225 680 469 792 fugatusque
496 675 656 776 fuisset,
698 677 794 786 quia
832 677 1018 777 timebat,
1063 707 1112 760 ue
1147 679 1233 788 ipsa
1261 699 1410 786 sponsa
1437 676 1490 760 ab
1518 677 1689 760 inimicis
1716 680 1798 788 suis
1825 707 1899 791 per

120 795 340 878 violentiam
366 807 597 900 raperetur,
626 794 667 870 &
694 787 773 867 alia
800 786 938 868 similis
966 792 1003 870 ei
1031 815 1126 898 non
1143 790 1394 871 inveniretur
1422 794 1466 871 in
1492 816 1637 898 reguo,
1667 818 1791 902 quam
1820 795 1899 875 sibi

119 920 243 1016 posset
273 902 617 984 matrimonialiter
652 899 861 1008 copulare:
905 898 956 980 de
998 926 1163 981 suorum
1191 903 1231 981 8(
1272 899 1452 1010 ejusdcm
1491 925 1650 1010 sponsa
1681 919 1898 1010 parentum

118 1016 277 1098 consilio
306 1013 563 1108 factumest,
592 1010 703 1120 quod
734 1011 777 1090 in
806 1027 1009 1092 conventu
1037 1011 1222 1093 habitum
1246 1012 1617 1103 sanctimonialium
1632 1016 1898 1096 monasticum

116 1128 193 1207 sine
223 1126 434 1233 proposito
463 1123 753 1233 perpetualiter
780 1119 983 1202 retinendi
1011 1123 1205 1231 suscepit,
1234 1127 1274 1202 8(
1300 1122 1450 1205 ibidem
1482 1152 1557 1232 per
1586 1124 1742 1234 aliquot
1769 1153 1898 1209 anuos

117 1263 261 1318 moram
290 1236 403 1333 fecit,
431 1261 501 1331 ne,
530 1231 629 1343 quid
659 1233 712 1313 ab
742 1234 910 1330 inimicis
938 1231 1098 1339 injuriae
1124 1249 1348 1341 pateretur,
1390 1263 1512 1344 quam
1547 1263 1637 1315 cum
1676 1263 1776 1345 pace
1804 1235 1899 1318 red·

60 1416 61 1420 .
116 1348 192 1429 dita
222 1352 262 1427 8(
290 1345 460 1426 obtento
489 1344 540 1425 ab
569 1345 738 1425 inimicis
767 1343 985 1452 triumpho
1009 1344 1227 1424 solenniter
1269 1341 1447 1426 duxisset
1474 1347 1566 1427 cum
1608 1345 1768 1454 grandi'
1783 1349 1897 1428 exul·

116 1459 260 1539 tatione
289 1483 456 1538 uxorem
485 1461 525 1535 8(
553 1453 606 1534 ab
635 1482 681 1534 ea
710 1455 813 1535 filios
854 1457 1111 1563 suscepisset,
1152 1482 1279 1534 unum
1322 1483 1461 1536 eorum
1489 1456 1539 1537 de
1568 1459 1771 1537 communi
1799 1457 1913 1540 coni

115 1597 227 1650 sensu
255 1573 295 1647 8(
323 1566 517 1648 electione
545 1565 778 1675 Principum
808 1565 962 1646 Sueuioe
992 1568 1035 1646 iu
1064 1567 1246 1675 Regnum
1281 1565 1358 1646 sibi
1393 1567 1569 1648 instituit
1610 1595 1897 1668 successorem,
1930 1629 1937 1640 ι

5 1735 8 1744 ·
116 1677 355 1786 procedente
383 1704 481 1757 vero
509 1691 711 1785 tempore,
740 1675 931 1785 praedicta
962 1703 1066 1757 uxor
1094 1680 1211 1786 graui
1247 1676 1477 1756 infirmitate
1506 1696 1705 1785 correpta,
1734 1708 1826 1762 cum
1854 1707 1897 1782 se

115 1787 263 1870 dehac
291 1791 373 1869 vita
403 1787 585 1870 crederet
613 1815 877 1884 recessuram,
907 1788 1049 1868 timore
1078 1791 1218 1868 mortis
1248 1784 1410 1868 inducta
1449 1789 1736 1870 continentiam
1764 1792 1897 1890 vovit,

115 1927 282 2009 cumque
304 1901 396 1980 Rex
423 1901 510 2007 ipse
539 1899 664 1981 nollet
691 1928 778 1981 eam
805 1899 1062 1995 contristare,
1099 1899 1294 1980 concessit
1323 1896 1374 1978 ad
1402 1916 1580 2006 tempus,
1623 1925 1734 1980 nunc
1761 1918 1899 1982 autem

113 2039 152 2091 se
178 2015 386 2091 continere
415 2010 609 2118 proponit
637 2037 722 2090 non
750 2037 885 2117 posse,
915 2015 955 2089 8(
1019 2009 1102 2090 uod
1134 2008 1240 2090 licite
1276 2035 1392 2116 posse
1420 2009 1506 2088 fieri
1541 2010 1817 2091 arbitrabatur
1845 2011 1899 2093 ad

49 2169 59 2197 .
115 2121 273 2202 thorum
302 2121 440 2200 uxoris
468 2148 548 2200 suae
576 2119 709 2212 redire
739 2122 863 2227 cupit,
892 2127 933 2200 8(
961 2037 1026 2225 (ἓ
1040 2119 1317 2229 reprimendas
1345 2120 1578 2200 aemulorum
1621 2148 1785 2202 suorum
1827 2113 1906 2218 des

114 2233 366 2313 tractationes
394 2234 435 2310 8(
463 2231 675 2340 obloquia,
704 2233 821 2339 petiit
852 2259 875 2310 a
914 2231 1033 2312 nobis
1077 2230 1165 2312 dari
1208 2231 1285 2312 sibi
1328 2232 1371 2311 in
1396 2229 1616 2326 mandatis,
1652 2248 1705 2322 ,ut
1730 2258 1900 2314 uxorem

112 2369 221 2422 suam
250 2344 488 2430 auctoritate
515 2359 654 2422 nostra
692 2342 864 2422 maritali
906 2341 1120 2424 affectione
1163 2358 1404 2450 pertractet,
1445 2369 1530 2423 non
1570 2341 1758 2429 obstante
1802 2361 1899 2425 voto

113 2455 369 2533 continentiae
398 2455 557 2534 incaute
586 2451 638 2532 ab
667 2456 754 2561 ipsa
783 2454 947 2550 emisso,
977 2459 1017 2533 8(
1045 2453 1096 2533 ab
1125 2449 1266 2533 eodem
1294 2455 1402 2560 Rege
1430 2450 1481 2532 ad
1509 2471 1667 2562 tempus
1696 2455 1900 2562 approba·
1948 2482 1954 2492 “

6 2589 7 2592 ‘
112 2579 165 2645 to.
201 2565 353 2643 Verum
382 2565 478 2674 quia
505 2590 627 2672 super
655 2565 716 2645 his
745 2564 830 2644 Nos
858 2562 910 2644 ad
944 2564 1109 2672 plenum
1137 2591 1219 2643 non
1254 2564 1460 2671 potuimus
1503 2563 1645 2645 elicere
1672 2566 1899 2662 veritatem,
1990 2561 1996 2576 ’

111 2676 143 2757 F
144 2734 154 2753 .
184 2673 230 2754 Τ.
247 2672 532 2782 ‘cognitionem
545 2673 689 2755 horum
705 2678 745 2753 8(
760 2672 1003 2755 decisionem
1018 2675 1251 2756 canonicam
1272 2672 1459 2760 duximus
1473 2672 1802 2755 committendam
1825 2702 1901 2783 per

110 2792 155 2865 A.
184 2813 214 2867 s.
242 2813 292 2864 m.
323 2801 369 2865 ut
396 2812 518 2894 super
545 2783 608 2864 his
638 2786 851 2895 inquiratis
880 2784 1112 2894 diligentius
1139 2787 1369 2881 veritatem,
1398 2789 1437 2864 8(
1465 2785 1499 2863 si
1528 2784 1643 2866 vobis
1659 2787 1897 2882 constiterit,

110 2895 222 3006 quod
250 2893 442 3004 praedicta
471 2894 613 2976 mulier
642 2899 775 3007 primo
802 2895 880 2976 fuit
908 2896 1013 2978 inter
1041 2895 1233 2976 moniales
1254 2910 1416 3002 recepta
1444 2896 1588 2976 timore
1616 2895 1828 2988 violentiae,
1857 2900 1899 2976 8(

109 3007 279 3116 rapinae,
309 3011 349 3085 8(
378 3009 630 3116 propositum
659 3005 925 3126 profitebatur
954 3034 996 3087 se
1024 3006 1210 3088 habuisse
1244 3004 1444 3100 nubendi,
1470 3033 1563 3086 cum
1596 3008 1701 3098 inter
1727 3032 1793 3087 eas
1813 3031 1900 3086 mo·
2002 3031 2005 3041 ·

109 3146 194 3198 ram
222 3117 389 3212 faceret,
418 3119 638 3225 praesertim
667 3146 765 3216 cum
787 3117 1042 3225 postmodum
1069 3119 1111 3197 in
1139 3117 1239 3198 facie
1254 3117 1427 3198 ecclesiae
1455 3115 1618 3224 publice
1633 3117 1734 3224 Regi
1748 3144 1897 3225 nupse-

110 3231 174 3325 rit,
192 3233 232 3308 8(
260 3254 388 3336 usque
417 3225 467 3307 ad
497 3226 581 3306 haec
610 3243 793 3336 tempora
821 3226 1091 3309 cohabitando
1119 3227 1222 3309 filios
1237 3228 1548 3336 exea'suscepit,
1577 3255 1663 3310 eam
1687 3225 1897 3308 denuntie-
1956 3229 1960 3250 ¹

106 3341 159 3418 tis
187 3338 355 3447 praefato
384 3340 628 3419 monasterio
657 3365 741 3418 non
771 3339 911 3418 teneri.
955 3341 1049 3420 Non
1077 3341 1182 3419 enim
1211 3337 1360 3432 factum
1386 3337 1490 3422 illud
1534 3355 1790 3420 contractum·
1814 3366 1898 3419 ma·

107 3451 288 3530 trimonii
317 3463 450 3556 potest
484 3446 689 3546 dirimere,
731 3449 805 3558 etsi
848 3445 952 3528 forte
981 3466 1115 3558 posset
1143 3451 1442 3530 matrimonium
1473 3447 1794 3530 contrahendum
1824 3451 1896 3530 im-

107 3558 261 3668 pedire.
291 3559 353 3638 De
380 3557 460 3640 alio
488 3586 586 3640 vero
613 3560 851 3641 ita‘solicite
878 3557 1067 3646 discretio
1096 3558 1358 3648 fraternitatis
1385 3575 1526 3640 vestrae
1554 3558 1752 3654 discutiat,
1781 3558 1895 3669 quod

105 3673 142 3754 si
171 3670 406 3750 inueneritis
448 3667 618 3756 eandem
646 3671 762 3777 graui
798 3668 1029 3750 infirmitate
1056 3667 1285 3779 depressam
1328 3672 1617 3752 continentiam
1660 3670 1814 3750 vovisse
1856 3675 1897 3750 8(

104 3783 239 3862 virum
273 3781 360 3888 ejus
388 3779 441 3861 ad
469 3796 629 3889 tempus
656 3779 876 3890 praebuisse
910 3808 1165 3878 consensum,
1208 3785 1378 3863 maxime
1406 3782 1439 3860 si
1467 3809 1550 3860 non
1578 3779 1684 3862 idem
1711 3781 1774 3859 vir
1802 3807 1895 3890 per·

103 3919 221 4001 aeque
251 3891 542 3972 continentiam
570 3893 727 3972 vouerit
761 3907 1024 3999 perpetuam,
1057 3891 1224 3974 eandem
1253 3894 1342 3976 viro
1370 3889 1601 3974 cohabitare
1651 3888 1825 3986 faciatis,
1854 3895 1895 3971 8(

103 4003 280 4086 invicem
307 4019 524 4112 utrumque
551 4001 724 4088 maritali
752 4001 963 4088 allectione
991 4019 1174 4086 tractare.
1455 4010 1458 4016 '

107 4387 246 4494 826.
571 4389 983 4536 1198-1200,
1037 4393 1240 4562 12'23*
1270 4392 1436 4520 1234.

188 4605 368 4670 tile-Bisa.
388 4605 489 4671 Otots
510 4610 521 4672 i
541 4608 659 4696 Upsala
680 4609 858 4674 uasvobref
873 4611 914 4696 pa
934 4611 1044 4696 Husby
1062 4611 1112 4675 till
1131 4610 1312 4676 Kauiherua
1333 4614 1343 4674 i
1364 4611 1491 4696 Upsala

1549 4691 1758 4748 Ascua

274 4821 482 4904 Vniuersis
510 4823 707 4906 catholice
734 4827 871 4906 matris
897 4825 1062 4907 ecclesie
1089 4824 1180 4908 filiis
1206 4843 1290 4908 tam
1318 4826 1573 4936 presentibus
1593 4854 1715 4939 quam
1743 4825 1914 4928 futuris,

97 4932 264 5012 suethie
292 4959 460 5042 reguum
487 4933 818 5019 inhabitantibus.
854 4938 903 5018 0.
930 4937 1093 5046 superni
1121 4939 1226 5046 regis
1247 4939 1507 5020 miseracione
1538 4954 1787 5020 sacrosancte
1816 4963 1891 5046 up-

96 5039 273 5125 salensis
301 5041 464 5128 ecclesie
492 5045 817 5158 archiepiscopus
844 5048 888 5131 in
916 5074 965 5129 eo
993 5047 1066 5159 qui
1093 5049 1285 5166 omnium·
1301 5066 1362 5130 est
1389 5049 1496 5132 salus
1522 5049 1691 5132 salutem
1713 5054 1754 5130 &
1768 5049 1892 5157 magis
