4362 5946
822 460 1302 563 -sts-·

29 685 34 700 '
127 672 276 756 eisdem
309 675 485 782 ecclesijs
516 699 593 787 pro
621 691 805 784 tempore·
830 674 1031 758 uacaturis'
1074 677 1201 783 possit
1220 675 1280 772 ,de
1307 675 1446 757 futuro
1488 675 1691 784 Episcopo
1735 701 1809 783 per
1836 674 1915 756 ele·

127 787 302 866 ctionem
331 783 565 868 canonicam
594 787 811 894 prouideri.
842 789 926 867 Nos
954 787 1077 895 igitur
1107 789 1252 868 uestris
1280 784 1828 895 deuotissupplicationibus
1854 787 1918 868 in·

124 897 277 994 clinati‚
292 913 486 979 statutum
513 897 743 979 huiusmodi
771 895 943 1005 prouide
979 895 1130 977 factum
1158 899 1405 979 auctoritate¹
1427 897 1644 1004 apostolica
1678 896 1918 980 confirmau-

127 1024 189 1090 tes
218 1008 463 1115 presentium
492 1024 632 1088 tenore
670 1009 882 1089 statuimus
925 1031 977 1086 ne
1019 1010 1110 1116 quis
1153 1008 1340 1089 decetero
1382 1009 1426 1088 111
1474 1007 1611 1115 aliqua
1660 1009 1919 1090 ecclesiarum

127 1121 308 1226 ipsarum
336 1119 377 1201 in
406 1119 763 1227 Archiepiscopum
797 1118 863 1198 uel
891 1118 1138 1226 Episcopum
1166 1147 1239 1226 per
1266 1118 1466 1199 habusum
1492 1117 1739 1200 vhuiusmodi
1780 1118 1919 1226 prefici

23 1303 26 1310 ,
127 1227 294 1324 debeat,
311 1228 381 1310 scd
410 1229 476 1308 ille
505 1230 736 1337 proficiatur
764 1245 886 1338 quem
913 1230 1090 1310 eiusdem
1118 1230 1282 1310 ecclesie
1310 1229 1543 1336 Capitulum
1572 1229 1639 1308 uel
1668 1255 1807 1310 eorum
1836 1255 1918 1310 nta-

126 1340 192 1420 101
219 1343 259 1417 81
286 1340 421 1418 sanior
450 1367 544 1448 pars
573 1339 699 1419 forma
728 1355 886 1420 seruata
916 1341 1106 1421 canonica
1134 1339 1211 1420 sibi
1239 1338 1433 1420 duxerint
1454 1338 1684 1444 eligendum
1712 1365 1788 1418 nec
1808 1341 1919 1448 quis-

126 1477 251 1560 quam
279 1448 331 1530 ad
364 1451 452 1528 iura
492 1448 675 1531 redditus
703 1467 743 1531 ct
770 1449 878 1531 bona
907 1451 959 1533 ad
993 1477 1171 1529 mensam
1207 1448 1603 1558 'Archiepiscopalem
1643 1478 1716 1532 seu
1745 1451 1917 1557 Episco-

114 1561 259 1668 'palem
272 1561 516 1668 spectantia,
545 1561 612 1640 uel
639 1561 747 1642 bona
776 1588 856 1669 que
885 1560 997 1668 apud
1024 1587 1096 1639 uos
1126 1559 1192 1638 uel
1219 1586 1512 1668 quemcumque
1541 1587 1815 1640 successorum
1848 1585 1918 1654 ue·

127 1687 303 1752 strorum
332 1688 512 1777 tempore
541 1671 603 1749 sui
637 1673 772 1752 obitus
807 1674 976 1778 reperiri
1019 1671 1235 1778 contigerit
1278 1697 1477 1777 occupare
1505 1669 1572 1748 uel
1615 1669 1808 1750 inuadere
1846 1696 1918 1752 seu

125 1797 272 1863 contra
300 1780 601 1889 dispositionem
637 1781 816 1888 ipsorum
844 1782 1145 1889 presumptione
1174 1779 1425 1888 dampnabili
1457 1779 1720 1888 aliquatenus
1739 1778 1917 1861 detinere

127 1906 345 2001 presumat.
375 1918 455 1999 que
485 1919 558 1999 per
586 1892 819 1999 Capitulum
848 1893 1010 1971 ecclesie
1039 1891 1105 1970 uel
1134 1889 1259 1969 alium
1287 1889 1338 1970 ad
1366 1891 1444 1972 boc
1474 1888 1711 1996 deputatum
1740 1891 1791 1969 ab
1819 1890 1917 1996 ipsis

127 2002 182 2084 ad
211 2029 314 2107 opus
343 1999 473 2080 futuri
501 2002 692 2109 Episcopi
721 2001 892 2082 fideliter
920 2017 1194 2083 conseruetur.
1224 2001 1443 2081 districtius
1471 1999 1700 2080 inhibentes
1714 2025 1766 2077 ne
1782 1999 1837 2080 ali
1865 2024 1917 2095 ua

116 2111 321 2192 ’secularis
350 2139 523 2218 persona
551 2130 693 2191 contra
722 2128 872 2193 statuta
901 2110 1130 2193 huiusmodi
1158 2114 1376 2222 quicquam
1390 2124 1626 2218 attemptare
1648 2124 1719 2189 aut
1746 2136 1770 2190 a
1799 2135 1854 2188 uo
1884 2109 1916 2187 is

127 2221 196 2304 uel
224 2222 519 2302 successoribus
548 2222 690 2301 uestris
719 2221 896 2330 homagij
924 2223 990 2304 uel
1018 2221 1221 2303 fidelitatis
1248 2223 1409 2330 exigere
1435 2247 1506 2302 scu
1535 2219 1717 2299 oblatum
1738 2220 1918 2326 recipere

128 2331 277 2413 audeat
322 2334 586 2414 iuramentum
629 2333 798 2414 maxime
844 2362 935 2414 cum
977 2335 1081 2412 sicut
1122 2334 1295 2414 asseritis
1324 2358 1401 2440 pro
1443 2329 1671 2439 aliquorum
1710 2329 1911 2436 receptio·

127 2471 182 2523 ne
209 2443 405 2552 regalium
432 2471 502 2522 seu
531 2441 747 2523 feudorum
775 2443 947 2525 obtentu
976 2442 1123 2523 eisdem
1152 2445 1253 2551 Regi
1281 2459 1322 2522 et
1349 2442 1575 2522 Beronibus
1608 2467 1678 2520 scu
1708 2439 1794 2547 alijs
1823 2465 1917 2550 pcr—
1955 2446 1958 2452 '

127 2554 240 2636 sonis
267 2554 513 2634 secularibus
542 2553 712 2660 obnoxij
740 2555 971 2648 nullatenus
1000 2555 1188 2634 existatis.
1232 2552 1344 2634 Nulli
1373 2580 1470 2661 ergo
1499 2556 1572 2632 &c
1602 2565 1740 2632 nostre
1769 2549 1917 2629 confir·

101 2665 316 2756 ,mationis
344 2680 384 2742 et
413 2665 711 2745 constitutionis
740 2670 813 2745 810.
871 2668 1019 2746 Datum
1047 2664 1239 2774 Lugduni
1267 2665 1346 2744 Vll
1374 2662 1474 2744 Jdus
1508 2661 1750 2744 Decembris
1779 2659 1918 2741 Ponti·

128 2774 272 2886 ficatus
297 2773 431 2884 nostrj
459 2778 581 2856 Anno
610 2776 780 2856 Octauo.
1271 2822 1274 2828 ·

580 2913 748 2998 Blybullan
770 2913 938 2997 vidbinger
959 2916 971 2976 i
990 2915 1069 2979 riida
1089 2915 1151 2980 och
1171 2915 1243 2998 gula
1262 2911 1469 2978 silkesuldar.

92 3243 269 3380 'aaa
783 3225 1275 3380 1250aane0.
1592 3243 1596 3252 ’
1745 3269 1916 3422 cyon.
1999 3302 2106 3408 4:

214 3491 304 3554 Ptsv.
325 3455 520 3553 lunoctnmus
541 3490 611 3553 Illas
632 3489 708 3553 Brei
725 3491 773 3553 till
793 3469 1022 3576 drkcbislopen
1043 3495 1054 3554 i
1075 3491 1165 3554 Lund
1186 3491 1319 3555 riirande
1339 3509 1457 3555 samma
1477 3500 1576 3556 amne.
1607 3449 1611 3456 ι

461 3609 465 3620 ’
1604 3605 1784 3661 bna&

296 3742 564 3844 innocentius
593 3744 806 3853 episcopus
834 3765 974 3821 seruus
995 3767 1204 3822 seruorum
1234 3739 1311 3849 dej.
1354 3739 1587 3822 Venerabili
1616 3740 1770 3820 fratri.
1800 3797 1810 3818 .
1839 3739 1917 3838 Ar·
2017 3811 2020 3821 .

124 3851 387 3959 chiepiscopo
416 3851 601 3932 lundensi
631 3854 797 3933 salutem
826 3853 1155 3958 &apostolicam
1195 3850 1520 3934 benedictionem
1569 3854 1692 3936 Lecta
1720 3849 1836 3929 nobis
1866 3873 1917 3926 ex

123 3981 248 4075 parte
282 3961 570 4042 venerabilium
605 3956 775 4043 fratrum
818 3981 1047 4042 nostrorum
1076 4024 1084 4042 .
1113 4024 1123 4042 .
1151 3961 1456 4071 Archiepiscopi
1497 3961 1709 4070 Vpsalensi
1750 3959 1916 4065 eiusque

123 4072 481 4183 suffraganeorum
509 4093 549 4154 et
578 4073 818 4156 dilectorum
846 4073 1020 4154 filiorum
1044 4075 1180 4153 ,tocius
1210 4073 1338 4182 Regni
1367 4075 1509 4164 Suetie¹
1531 4071 1631 4154 cleri
1644 4071 1788 4178 petitio
1815 4094 1914 4150 con·

124 4185 296 4279 sinebat,
326 4182 434 4292 quod
465 4212 555 4262 cum
585 4183 737 4267 dudum
766 4186 808 4263 in
839 4185 979 4291 Regno
1009 4184 1143 4263 Suetie
1172 4183 1343 4292 quedam
1372 4179 1624 4264 consuetudo
1665 4197 1913 4290 1111000110-

125 4294 239 4406 ptela
269 4293 440 4374 dicenda
474 4310 533 4372 est
579 4297 715 4376 uerius
756 4295 917 4374 inolerit
946 4293 1134 4376 uidelicet
1166 4310 1212 4371 ut
1241 4293 1547 4376 Cathedralibus
1582 4291 1757 4372 ecclesiis
1787 4289 1912 4396 ipsius

125 4404 262 4512 Regni
291 4411 362 4483 810.
393 4408 474 4485 iila
501 4407 590 4485 med
603 4408 862 4512 joregcieude
889 4408 956 4484 till
980 4402 1089 4510 apud
1117 4405 1226 4510 ipsos
1241 4404 1305 4482 uel
1321 4427 1619 4512 quemcumque
1638 4423 1912 4480 successorum

124 4541 296 4597 suorum
310 4529 491 4620 tempore
507 4516 567 4594 sui
590 4515 724 4596 obitus
752 4515 920 4622 reperiri
948 4506 1164 4622 contigerit
1191 4540 1393 4620 occupare
1420 4512 1485 4592 uel
1501 4510 1696 4593 inuadere
1716 4538 1786 4592 seu
1813 4536 1913 4589 0011-

123 4643 196 4707 tra
223 4626 531 4731 disposicionem
559 4616 739 4732 ipsorum
780 4627 1086 4732 presumpcione
1137 4621 1383 4729 dampnabili
1432 4623 1688 4731 aliquatenus
1731 4619 1913 4700 detinere

123 4753 338 4850 presumat
364 4761 443 4844 que
471 4763 545 4843 per
573 4735 807 4842 Capitulum
836 4733 999 4816 ecclesie
1027 4735 1094 4814 uel
1123 4733 1242 4812 alium
1272 4728 1324 4815 ad
1353 4733 1431 4814 hoc
1459 4727 1785 4840 deputatumab
1814 4731 1913 4838 ipsis
2040 4749 2045 4754 ·
2149 4712 2158 4725 ”

126 4845 183 4929 1111
226 4873 330 4952 opus
385 4845 514 4926 futuri
553 4846 752 4952 :Episcopi
797 4844 971 4925 fideliter
1011 4858 1306 4926 conseruentur
1345 4843 1565 4924 districtius
1606 4841 1832 4922 inhibentes
1860 4865 1915 4918 ne

125 4958 267 5067 aliqua
295 4957 480 5038 secularis
509 4981 681 5063 persona
711 4970 853 5036 contra
880 4971 1030 5036 statuta
1057 4954 1289 5040 huiusmodi
1315 4957 1535 5064 quicquam
1577 4965 1815 5061 attemptare
1844 4964 1919 5028 aut
