4398 5958
795 547 852 570 -··
960 458 1039 610 559
1095 545 1097 552 ·
1148 489 1217 570 --Ι

48 767 50 772 -
119 717 330 831 plantandi
364 721 600 800 virtutes&
628 720 838 804 edificandi
865 719 1031 800 honesta
1062 723 1118 802 ita
1144 721 1256 830 quod
1283 719 1421 803 diuina
1454 719 1714 833 dispositione
1740 731 1780 808 8:
1805 753 1878 808 no·

117 846 198 912 stra
226 827 495 911 sollicitudine
523 828 808 929 mediantibus,
836 857 962 941 praua
992 844 1206 942 'transeant
1245 829 1450 926 indirecta.
1480 839 1520 914 &
1545 860 1685 943 aspera
1712 861 1879 916 conuer-

117 953 254 1023 tantur
281 938 325 1018 in
365 937 496 1046 plana,
538 940 780 1047 licetigitur
821 939 1051 1042 huiusmodi
1090 939 1370 1022 sollicitudinis
1392 957 1541 1026 :nostre
1579 943 1703 1037 labor
1734 943 1879 1027 debeat

117 1048 168 1146 ad
196 1073 334 1129 omnes
376 1049 586 1155 prouincia
628 1051 748 1138 huius
787 1049 948 1134 incolas.
994 1049 1232 1157 generaliter
1272 1049 1466 1157 ertendj,'
1497 1053 1594 1160 quia
1636 1046 1879 1161 sapientibus
1967 1070 1971 1076 '
2043 1083 2050 1100 ’

115 1157 462 1264 &insipientibus
490 1156 691 1250 debitores
718 1187 864 1240 sumus.
889 1158 1113 1264 specialiter
1140 1174 1274 1238 tamen
1302 1158 1354 1240 ad
1389 1162 1564 1242 clericos.
1606 1166 1677 1270 qui
1705 1159 1878 1248 dormire

58 1313 60 1324 ·
114 1266 265 1348 debent
292 1293 315 1344 a
343 1267 455 1360 viciis
482 1285 527 1348 vt
553 1270 633 1350 sint
680 1295 811 1375 penne
844 1267 1028 1350 columbe
1056 1265 1321 1375 deargentate.
1354 1294 1405 1347 ne
1437 1271 1538 1378 quid
1565 1273 1608 1350 in
1634 1273 1728 1378 ipsis
1756 1300 1879 1378 appa·

114 1391 199 1456 reat
227 1373 340 1482 quod
368 1372 568 1457 offuscare
595 1378 724 1458 valeat
751 1377 966 1459 candorem
991 1367 1251 1458 ecclesiastice
1278 1379 1474 1483 puritatis.
1502 1379 1603 1460 Sane
1618 1380 1734 1462 nobis
1762 1379 1879 1464 dolor

113 1501 172 1568 est
200 1482 315 1590 cordj
343 1488 384 1564 δι
410 1483 629 1593 ruhororj
657 1486 875 1595 quodcum
902 1485 1027 1568 multa
1054 1490 1095 1564 ὃς
1121 1484 1279 1566 diuersa
1292 1502 1518 1568 sanctorum
1531 1505 1694 1595 patrum
1718 1504 1879 1571 statuta.

113 1619 234 1699 super
262 1595 344 1679 vita
372 1593 540 1676 honesta
567 1601 608 1679 a
634 1597 813 1690 moribus
840 1596 1384 1688 clericorumremanauerint.
1428 1596 1528 1677 adeo
1569 1613 1701 1678 tamen
1741 1600 1879 1678 incon·
1933 1658 1937 1666 .

114 1703 288 1781 tinencic
315 1704 479 1785 morbus
508 1704 673 1784 clericos
713 1707 833 1786 huius
861 1705 1069 1813 prouincie
1109 1702 1382 1810 multipliciter
1414 1707 1786 1812 &dampnabiliter
1817 1710 1879 1786 in-

115 1811 272 1892 fecerat
301 1809 414 1918 qn‘od
441 1815 561 1918 pauci
587 1815 651 1893 vel
679 1814 783 1899 nulli
810 1815 863 1894 ab
905 1815 983 1894 hoc
1017 1813 1160 1892 morbo
1186 1813 1442 1920 reperiuntur
1484 1817 1693 1911 immunes,
1733 1814 1881 1897 fecerat
1977 1837 1982 1844 ’
2098 1818 2102 1832 ’

113 1920 190 1999 hoc
219 1921 352 2028 turpis
377 1939 542 2028 questus
569 1924 613 2003 in
639 1927 827 2029 magnum
854 1922 1085 2005 scandalum
1113 1921 1444 2028 &obprobrium
1480 1923 1576 2004 cleri
1616 1921 1879 2006 introductus.
1977 1975 1984 1994 .

114 2055 186 2134 per
213 2028 303 2108 illos
329 2031 402 2137 qui
428 2048 600 2136 optentu
628 2035 796 2138 pecunie
817 2029 887 2122 vel
904 2033 1071 2134 *alterius
1099 2029 1297 2111 commodi
1311 2030 1551 2137 temporalis.
1580 2033 1688 2138 ipsos
1701 2058 1879 2140 presum-
1925 2133 1929 2140 .

114 2153 277 2244 pserant
304 2139 501 2225 attentius
527 2141 575 2220 in·
599 2143 681 2222 suis
708 2142 988 2249 iniquitatibus
1015 2142 1220 2234 sustinere,
1248 2137 1477 2222 inducendo
1509 2167 1585 2245 pro
1604 2168 1645 2218 se
1672 2140 1783 2249 quod
1810 2138 1879 2218 illa

112 2272 217 2353 pena
238 2247 474 2354 ‚pecuniaria
501 2247 741 2357 imponenda
772 2253 835 2330 sit.
864 2279 944 2358 que
973 2251 1099 2356 magis
1124 2250 1297 2330 timetur.
1327 2255 1366 2328 δι
1393 2247 1603 2336 asserendo
1624 2249 1731 2328 illam
1757 2275 1883 2353 pecu-2
1973 2327 1978 2340 ,

110 2355 279 2436 niariam
299 2353 330 2465 ¹)
358 2382 453 2436 esse.
481 2385 572 2437 cum
588 2417 597 2436 .
616 2418 623 2436 .
641 2419 649 2440 .
664 2361 767 2440 siout
782 2375 903 2467 patet.
933 2385 1004 2466 per
1026 2359 1214 2439 effectum
1233 2359 1344 2465 quod
1362 2356 1394 2468 ²)
1423 2365 1504 2438 cito
1517 2359 1689 2438 violatur
1703 2382 1801 2438 auro
1817 2355 1879 2434 rel

113 2479 281 2569 argento
295 2466 462 2548 iusticia.
477 2467 708 2577 nullamque
722 2492 814 2548 reus
834 2469 1077 2574 pertimescit
1092 2468 1262 2574 culpam.
1276 2493 1396 2574 quarn
1407 2467 1600 2548 redimere
1611 2469 1784 2548 nummis
1799 2465 1880 2544 exi·
1937 2553 1946 2562 ,
1993 2519 2031 2560 ,·
2089 2459 2101 2474 ''

109 2575 253 2668 stimat,
280 2573 387 2654 vnde
415 2574 535 2656 huius
567 2579 668 2658 sacri
683 2576 942 2683 prouincialis
959 2576 1123 2678 concilii
1144 2576 1353 2657 statuimus
1368 2575 1661 2682 approbatione
1675 2573 1785 2684 quod
1800 2573 1878 2659 ele·

109 2683 184 2768 rici
212 2680 456 2766 concubinas
483 2687 526 2764 in
540 2682 677 2766 fundis
692 2685 1028 2776 ecclesiarumvel
1042 2685 1160 2766 bonis
1174 2683 1516 2794 patrimonialibus
1530 2712 1599 2765 sen
1613 2684 1878 2792 aliisquibua-

109 2817 281 2898 cumque
309 2792 427 2872 honis
454 2810 525 2874 aut
551 2793 651 2876 loeis
677 2793 833 2875 adhoc
848 2796 1077 2901 oportunis,
1105 2794 1327 2875 detinentes
1341 2820 1418 2902 pro
1438 2809 1667 2902 contemptu
1683 2799 1877 2888 &contn-
1945 2859 1949 2870 .

108 2901 224 2992 melia
239 2905 440 2982 creatoris.
469 2904 520 2984 ln
539 2929 692 2983 summa
706 2919 848 3010 quarte
863 2903 989 3009 partis
1009 2903 1237 2984 reddituum
1251 2903 1504 2984 ecelesiarum
1518 2907 1634 2986 vnius
1650 2903 1744 2996 anni
1757 2901 1876 3008 puni·

108 3025 240 3104 antur,
270 3017 308 3090 &
319 3011 602 3092 nichilominus
623 3010 779 3092 easdem
794 3040 817 3093 a
830 3038 872 3090 se
888 3011 1151 3092 remouendas
1165 3040 1237 3119 per
1250 3039 1466 3101 censuram.
1479 3013 1779 3093 ecclesiasticam
1793 3036 1879 3088 mo·

106 3119 267 3198 nicione
294 3121 485 3226 premissa
512 3122 812 3227 compellantur.
842 3120 900 3226 J'ta
928 3122 1039 3229 quod
1065 3121 1115 3201 de
1142 3121 1221 3202 illis
1248 3122 1406 3203 sinistra
1439 3124 1613 3230 suspicio
1640 3147 1724 3200 non
1751 3121 1876 3227 possit

107 3226 259 3321 baberi,
289 3231 372 3331 Qui
399 3255 495 3309 vero
524 3229 671 3310 detecti
713 3230 862 3310 fuerint
908 3229 1203 3312 incontinencie
1244 3232 1348 3312 vicio
1389 3230 1581 3312 laborare.
1632 3229 1878 3311 concubinas¹

26 3399 34 3406 .
106 3354 248 3418 tamon-
268 3339 311 3416 in
340 3335 478 3419 bandis
505 3335 760 3421 ecclesiarum
787 3338 851 3420 vel
888 3338 1006 3420 bonis
1042 3339 1388 3448 patrimonialibus
1414 3339 1518 3421 siout
1543 3339 1790 3448 piediximus
1817 3352 1875 3416 te·

107 3463 248 3539 nentes
282 3447 414 3553 primo
455 3444 647 3553 legittime
675 3463 924 3531 moneantur.
953 3474 1003 3526 ne
1030 3450 1118 3530 loca
1150 3465 1332 3556 suspecta
1365 3447 1633 3557 frequentent.
1652 3455 1701 3532 ,n
1728 3451 1762 3528 si
1790 3473 1874 3526 mo·
1930 3504 1932 3510 ,

108 3555 185 3640 niti
208 3582 291 3633 non
312 3555 594 3662 acquieuerint
615 3556 814 3662 Eligentes
841 3557 981 3663 pocius
996 3561 1127 3664 perire
1149 3586 1268 3666 quam
1296 3585 1446 3664 parere.
1477 3555 1718 3664 procedatur
1733 3573 1873 3635 contra
1953 3577 1958 3585 ·

107 3689 176 3752 eos
255 3663 558 3745 uemadmodum
611 3667 793 3770 superius
840 3681 900 3744 est
947 3693 1187 3772 expressum.
1234 3693 1379 3774 penam
1426 3682 1558 3747 autem
1604 3665 1883 3773 pecuniariam

106 3771 158 3862 ab
173 3691 320 3852 eislem
349 3771 660 3853 fornicatoribus
688 3774 854 3881 amplius
882 3799 1003 3882 quam
1031 3776 1151 3856 semel
1179 3773 1302 3882 recipi
1317 3774 1588 3885 prohibemus,
1615 3775 1658 3855 Si
1673 3774 1762 3884 quis
1776 3797 1874 3852 vero

106 3879 210 3962 fame
238 3909 308 3962 sue
335 3881 400 3962 vel
432 3881 570 3960 salutis
597 3885 809 3968 immemor*
830 3881 967 3978 fucrit,
996 3900 1187 3966 statutum
1222 3884 1310 3978 hoo,
1352 3887 1561 3991 pecuniam
1601 3884 1665 3969 vel
1707 3879 1872 3989 aliquod
1990 3917 1992 3920 ·

106 3991 359 4072 commodum
386 3989 605 4098 temporale
637 3990 866 4098 recipiendo
895 3992 1050 4073 occulte
1078 3994 1140 4074 vel
1170 3992 1376 4074 manifeste
1396 3992 1546 4074 violare
1574 3991 1870 4099 presumpserit.

105 4099 276 4208 duplum
304 4103 390 4180 eius
410 4099 523 4210 quod
551 4103 758 4207 receperit.
786 4101 822 4181 ei
850 4129 874 4179 a
901 4129 985 4208 quo
1012 4101 1055 4182 id
1084 4119 1288 4208 receptum
1316 4102 1448 4184 fuerit.
1474 4100 1766 4183 infrementem
1781 4099 1871 4184 red-

105 4207 202 4290 dere
228 4225 411 4288 teneatur
446 4209 626 4318 alioquin
654 4225 829 4290 extunc
871 4209 1114 4320 suffraganei
1148 4211 1314 4319 duplum
1343 4212 1472 4316 ipsum
1513 4211 1618 4290 ultra
1646 4209 1870 4318 predictum

105 4333 265 4421 tempus
292 4319 500 4400 restituere
526 4317 769 4402 differentes.
799 4317 850 4401 ab
877 4322 987 4398 omni
1015 4321 1147 4402 ollicio
1181 4319 1416 4426 pontificali,
1445 4317 1653 4400 inferiores
1692 4346 1789 4400 vero
1817 4316 1870 4398 ab

31 4458 39 4474 =
105 4428 294 4532 ingressu
316 4425 479 4508 ecclesie
505 4431 696 4512 nouerint
721 4455 763 4509 se
790 4455 1020 4535 suspensos,
1049 4425 1453 4538 quomque'›duplum
1480 4427 1706 4509 huiusmodi
1733 4427 1868 4536 plena·

104 4536 166 4614 rie
193 4531 576 4723 lueriplrestitntum.
611 4538 726 4622 nulla
758 4540 814 4620 eis
839 4537 916 4620 hoc
951 4539 1269 4647 persoluenoium
1309 4538 1537 4619 remissione
1577 4537 1760 4620 libertate
1798 4561 1867 4616 seu

105 4669 242 4754 gracia
269 4671 295 4725 v
333 4661 448 4727 itura.
1817 4685 1820 4698 ·

153 4885 239 4958 1-2)
260 4852 405 4942 beraut
424 4882 439 4940 ἰ
456 4877 600 4942 Salvaed.
620 4879 701 4942 ortt
721 4895 751 4942 at
777 4880 833 4945 125
857 4885 918 4950 lior
946 4903 1078 4970 menam
1108 4883 1313 4970 pecuniariam
1343 4881 1449 4946 utilem
1479 4903 1556 4962 esse,
1587 4903 1657 4946 cum
1677 4868 1737 4947 non
1758 4889 1810 4963 sit,
1832 4883 1864 4948 dt

124 4963 126 4970 ’
188 4969 292 5046 pateat
310 4981 367 5059 per
385 4957 528 5025 effectam
547 4979 642 5045 quem
662 4962 724 5026 cito
742 4957 803 5026 &e
901 4981 903 4984 ·
1379 5029 1381 5032 .
