4384 5946
820 383 1210 490 *59*

6 543 8 630 i
122 629 212 753 40.
374 733 377 738 ,
567 588 570 596 ’
737 611 887 716 1158
936 612 983 717 d..
1038 614 1103 718 16
1150 539 1298 717 Mars.
1622 603 1912 736 Frankfur't.

120 863 125 870 ·
200 833 314 918 Kaisar
336 833 472 896 Fmarc
493 834 533 896 Its
554 832 747 896 stadfflstelse
769 834 810 918 pa
831 831 1019 898 It·le-'Bisko
1043 856 1094 898 eus
1114 837 1125 896 i
1147 832 1676 918 Hamburgerhattneprivtlegier,
1692 845 1739 898 att
1751 833 1913 898 tfven‘v'a·

120 971 126 982 .
254 938 293 980 ra
314 916 457 1000 Sveriges
477 917 536 980 och
558 917 655 978 andra
675 915 829 979 Nordiska
850 918 964 982 Rikens
984 856 1206 1002 irie-Biskop.
1595 960 1597 968 .
1659 959 1663 966 -

1551 987 1557 1086 }
1664 1033 1700 1090 ι.
1719 1034 1779 1106 (59,
1810 1083 1812 1088 ,
1902 1042 1906 1052 ·

282 1171 331 1250 ,1η
372 1173 535 1252 nomine
578 1186 725 1251 sanctae
767 1177 807 1250 8(
840 1170 1058 1251 individuae
1087 1170 1305 1255 Trinitatis.
1337 1169 1563 1250 Fridericus
1589 1170 1729 1252 'divina
1756 1169 1912 1251 favente

117 1279 327 1361 clementia
356 1284 626 1362 Romanorum
657 1284 878 1388 Imperator
914 1285 1133 1391 Augustus.
1177 1284 1237 1362 =In
1267 1284 1445 1362 examine
1475 1301 1618 1364 cuncta
1648 1281 1722 1360 Dei
1751 1283 1910 1390 consp'i·
2021 1351 2023 1359 .

115 1392 266 1478 cientes
296 1393 456 1502 aequali,
489 1395 673 1474 meritum
702 1393 785 1473 fors
815 1394 1013 1474 credimus
1041 1393 1172 1474 dantis
1188 1400 1225 1472 8(
1241 1394 1551 1473 corroborantis.
1608 1391 1818 1471 Credimus
1838 1393 1911 1472 eti·

117 1529 179 1580 am
214 1501 265 1582 ad
303 1505 552 1612 imperialem
582 1503 827 1611 lllajestatem
847 1523 1024 1585 nostram
1052 1507 1269 1613 pertinere,
1299 1506 1423 1586 totius
1452 1503 1614 1611 Imperii
1644 1529 1778 1598 curas,
1807 1529 1911 1612 prae·

116 1615 316 1721 cipueque
367 1616 544 1694 omnium
596 1615 830 1694 Sanctarum
874 1618 948 1694 Dei
993 1617 1259 1697 Ecclesiarum
1304 1614 1512 1696 commoda
1555 1614 1826 1711 considerare,
1868 1617 1908 1693 8(

117 1725 250 1802 omnia
287 1727 342 1804 eis
378 1726 628 1806 adversantia
657 1727 732 1805 sub
762 1729 870 1805 omni
899 1726 1124 1807 festinantia
1146 1728 1322 1822 abolere,
1338 1754 1387 1805 ne
1403 1725 1465 1806 vel
1481 1727 1594 1834 gravi
1609 1724 1911 1805 incommoditate

116 1853 154 1914 te
189 1835 399 1932 vilescant,
437 1838 499 1916 vel
537 1837 716 1945 qualibet
751 1856 867 1916 nacta
896 1838 1123 1933 occasione,
1153 1867 1175 1916 a
1204 1839 1380 1945 pristino
1405 1837 1514 1916 cultu
1545 1843 1584 1916 8(
1618 1836 1811 1942 religione
1847 1854 1928 1913 re·

116 1944 281 2042 cedant,
310 1965 510 2055 quatenus
538 1946 634 2027 dum
663 1948 739 2027 hoc
770 1976 846 2055 pro
876 1975 1029 2044 amore,
1059 1951 1290 2059 pariterque
1318 1951 1461 2028 timore
1492 1948 1567 2026 Dei
1594 1947 1766 2028 fideliter
1793 1967 1911 2056 pera-

115 2059 264 2162 gimus,
289 2057 465 2137 ‘illorum
499 2060 570 2166 qui
607 2061 712 2139 hona
742 2087 811 2137 sua
842 2061 910 2167 pio
940 2057 1086 2139 affectu
1115 2063 1203 2140 Deo
1233 2060 1506 2155 contulerunt,
1535 2059 1685 2138 meritis
1715 2065 1754 2138 8(
1782 2058 1910 2166 gloria

115 2169 464 2249 communicemus.
524 2171 720 2250 Noverint
748 2171 871 2276 igitur
900 2172 1078 2251 omnium
1109 2171 1274 2267 Christi,
1305 2171 1548 2277 Imperiique
1575 2171 1704 2251 nostri
1727 2169 1910 2250 fidelium

113 2293 199 2360 tam·
224 2307 400 2385 praesens
429 2299 541 2376 aetas,
571 2309 690 2390 quarn
722 2309 951 2360 successura
980 2282 1209 2389 posteritas,
1239 2282 1411 2390 qualiter
1447 2280 1615 2394 dilectus
1637 2299 1773 2362 noster
1788 2282 1931 2360 Hart-x

114 2391 242 2470 wicus
281 2391 657 2498 Hammaburgensis
692 2393 1033 2500 Archiepiscopus
1063 2393 1211 2476 obtulit
1238 2393 1432 2500 Majestati
1456 2408 1612 2474 'nostrae
1654 2391 1909 2500 privilegium

113 2502 206 2580 Divi
239 2505 278 2580 8(
307 2499 587 2608 Angustissimi
615 2504 759 2611 Imper.
792 2503 1007 2584 Hludovici
1037 2507 1155 2612 primi
1184 2503 1408 2592 fundatoris
1423 2510 1462 2582 8(
1484 2507 1771 2588 constructoris
1786 2502 1909 2582 Ham·

111 2613 390 2719 mahurgensis
407 2612 628 2708 ''Ecclesiae,
665 2615 895 2721 supplicans
924 2617 1041 2698 nobis
1070 2634 1115 2695 ut
1144 2616 1262 2712 bona,
1291 2616 1569 2722 possessiones,
1600 2613 1706 2721 jura,
1722 2615 1906 2694 immuni·

110 2741 232 2816 tates,
270 2725 478 2818 terminos,
515 2727 618 2804 sicut
652 2726 839 2832 praelatus
868 2727 1175 2831 gloriosissimus
1205 2729 1426 2832 Imperator
1455 2725 1662 2821 instruxit,
1692 2753 1766 2804 nos
1794 2741 1906 2804 aeter-

107 2861 173 2920 11ae
212 2835 437 2916 stabilitatis
470 2835 608 2940 vigore
638 2836 839 2944 praedictae
868 2838 1054 2918 Ecclesiae
1082 2838 1417 2920 confirmaremus,
1475 2837 1559 2916 Nos
1588 2839 1721 2944 itaque
1751 2835 1818 2945 pia
1848 2834 1906 2914 fa-

106 2963 177 3024 cta
208 2944 507 3052 praedecessoris
540 2949 667 3026 nostri
697 2947 841 3026 clarius
872 2949 1080 3042 intuentes,
1110 2954 1148 3026 8(
1177 2947 1322 3028 divinae
1350 2946 1523 3028 dexterae
1539 2975 1642 3053 opus
1657 2975 1730 3054 per
1745 2971 1924 3026 manum

105 3055 262 3134 Christi
293 3058 353 3135 sui
382 3057 624 3164 completum
654 3057 787 3138 dehita
816 3058 1024 3140 allectione
1050 3057 1182 3138 cordis
1199 3059 1497 3166 amplectentes,
1513 3057 1708 3165 quicquid
1724 3059 1766 3136 in
1783 3058 1905 3135 Ham·
2004 3093 2012 3112 ·=

106 3167 370 3273 maburgensi
401 3168 580 3248 Ecclesia
605 3171 761 3264 statuit,
791 3171 1018 3266 statuimus,
1049 3168 1159 3278 quod
1190 3167 1372 3263 donavit,
1389 3168 1905 3262 donamus,&nostralm·
1960 3219 1967 3230 ,

105 3276 252 3384 periali
290 3281 525 3359 auctoritate
555 3279 849 3360 confirmamus
903 3282 950 3357 ln
979 3280 1208 3360 memoriam
1238 3296 1486 3374 revocantes,
1516 3279 1701 3358 omnibus
1733 3295 1814 3357 tam
1842 3277 1905 3359 fir·
2037 3329 2040 3334 ·

8 3422 11 3433 ·
101 3407 210 3468 turae
248 3417 370 3497 quam
400 3393 607 3494 praesentis
636 3392 727 3469 vitae
756 3389 959 3486 fidelibus,
989 3419 1073 3499 quo
1101 3390 1199 3470 cella
1228 3390 1444 3470 llodenach
1471 3407 1627 3484 vocata,
1657 3417 1679 3466 a
1706 3389 1905 3468 sanctissi-

100 3527 171 3580 mo
206 3500 451 3607 Imperatore
482 3500 629 3582 Carolo
657 3499 803 3606 Magno
832 3505 1130 3608 praenominatae
1162 3501 1346 3582 Ecclesiae
1375 3501 1426 3582 sit
1455 3499 1669 3593 donata&
1686 3499 1784 3578 cella
1798 3498 1904 3580 Tur·

98 3609 193 3690 holt
234 3612 277 3688 in
313 3613 506 3702 comitatu
541 3611 740 3691 Flandriae
776 3613 868 3708 sita,
898 3611 1114 3692 donatione
1143 3607 1361 3692 Hludovici
1396 3609 1651 3718 Imperatoris
1680 3606 1730 3690 ad
1760 3637 1901 3718 peram
1961 3637 1976 3656 .

96 3747 196 3800 nem
230 3722 610 3830 Hammaburgcnsis
648 3721 832 3800 Ecclesiae
881 3720 1194 3828 jurisdictionem
1241 3722 1385 3802 debeat
1427 3721 1636 3828 pertinere.
1677 3721 1903 3802 Recolimus

94 3859 201 3914 vero
230 3860 326 3942 rem=
346 3860 488 3939 magna
518 3834 771 3912 veneratione
801 3832 1088 3940 dignissimam,
1119 3831 1230 3943 quod
1261 3833 1301 3910 in
1327 3829 1468 3912 eodem
1499 3833 1589 3912 loco
1617 3849 1727 3912 trans
1742 3831 1901 3914 Albiana
1936 3901 1939 3907 .

95 3942 404 4024 Hammaburch
434 3961 684 4051 nuncupato,
713 3942 820 4023 idem
849 3944 1156 4050 gloriosissimus
1185 3945 1407 4049 Imperator
1446 3941 1706 4034 Hludewicus
1742 3943 1899 4050 proprii

92 4055 255 4160 vigoris
285 4054 675 4162 Archiepiscopalem
708 4059 746 4134 8(
778 4083 900 4160 super
930 4083 1078 4135 onmes
1097 4054 1291 4133 Ecclesias
1321 4055 1546 4149 Danorum,
1561 4053 1896 4148 SueonunuNor·

93 4167 347 4270 wegiorum,
378 4165 543 4268 Farriae,
575 4161 926 4262 Gronlandonum,
958 4163 1385 4272 Hallingolandonum,
1426 4163 1701 4266 Islandonum,
1731 4162 1897 4244 Screde·

90 4273 328 4359 sindonum
368 4281 407 4354 8(
437 4278 616 4370 omnium
650 4276 1030 4379 septentrionalium
1059 4280 1233 4383 partium
1264 4277 1610 4384 metropolitanam
1638 4267 1771 4354 sedem
1799 4303 1896 4355 con·
2025 4295 2028 4300 ·
2102 4264 2104 4278 ’

86 4386 244 4480 stituit,
277 4392 316 4466 8(
344 4387 387 4463 in
414 4383 595 4466 futurum
625 4386 812 4466 omnibus
841 4387 998 4466 casibus
1026 4385 1260 4496 saepedictae
1289 4387 1473 4467 Ecclesiae
1501 4388 1663 4467 obviare
1679 4401 1825 4492 posset,
1844 4413 1895 4466 ne

85 4491 314 4606 quisquam
344 4497 637 4604 Episcoporum
666 4497 839 4604 aliquam
868 4499 943 4578 sibi
971 4515 1081 4577 trans
1110 4499 1266 4578 Albiam
1295 4498 1357 4576 vel
1387 4494 1535 4578 alicubi
1556 4498 1597 4574 in
1619 4493 1894 4604 praedictapa·

83 4607 240 4688 rochia
269 4607 473 4687 vindicare
502 4608 645 4688 debeat
672 4624 920 4714 potestatem,
949 4627 1058 4688 certo
1088 4608 1210 4688 limite
1239 4637 1323 4690 earn
1354 4608 1674 4713 circumscripsit
1723 4605 1887 4690 ‚Termi-

83 4745 167 4799 nos
211 4719 346 4826 itaque
382 4745 485 4826 quos
520 4719 742 4825 Imperator
778 4719 1028 4799 Hludovicus
1057 4721 1203 4826 posuit,
1234 4726 1272 4798 8(
1300 4746 1368 4800 eos
1397 4746 1500 4827 quos
1529 4720 1628 4799 Otto
1672 4722 1894 4826 Imperator

82 4828 361 4937 postmodum
403 4855 452 4906 ex
496 4829 664 4909 consilio
702 4829 934 4940 Principum
971 4829 1141 4935 praefatae
1170 4829 1354 4910 Ecclesiae
1386 4829 1624 4938 designavit,
1653 4829 1765 4937 juxta
1793 4849 1893 4910 tem·

81 4966 249 5050 porum
292 4967 450 5055 aequam
494 4939 852 5021 considerationem
886 4943 1114 5021 immutatos
1144 4967 1434 5054 conservamus,
1463 4945 1503 5020 8(
1530 4957 1665 5022 nostra
1693 4939 1892 5047 imperiali
