4370 5950
977 401 1396 485 —150-

292 627 594 742 predecessores
623 621 760 703 nostri.
786 621 853 700 -vel
882 621 1105 730 pontifices.
1136 645 1206 702 seu
1234 621 1300 702 olii
1329 621 1429 702 boni
1457 636 1497 702 et
1525 621 1661 704 fideles
1689 621 1776 702 viri.
1805 625 2053 727 prosaisuo·
2160 657 2162 664 ·

292 766 464 850 rumque
506 735 613 815 felici
639 734 843 814 memoria.
878 729 1157 816 condiderunt.
1190 751 1231 813 et
1257 734 1411 844 aliquas
1438 749 1575 812 terras.
1607 733 1659 814 ad
1692 732 1915 842 predictum
1943 734 2054 814 locum

293 849 505 934 dederunt.
535 846 637 925 Tam
652 845 733 927 bas.
762 870 884 954 quam
901 859 1043 926 cetera.
1060 842 1233 928 fideliter
1249 843 1306 927 illi
1323 846 1412 924 loeo
1427 843 1577 924 oblata.
1594 847 1636 924 in
1651 862 1828 924 nostram
1843 845 2056 952 suscipimus

291 962 584 1072 protectionem
612 974 655 1036 vt
684 957 785 1035 sicut
814 953 895 1064 jam
924 953 1174 1041 dictumest.
1203 957 1333 1037 omnis
1362 957 1470 1062 regia
1498 955 1666 1061 justicia.
1696 983 1774 1064 que
1802 983 1852 1034 ex
1873 959 1994 1034 causis
2007 955 2057 1035 di·

234 1066 264 1150 .'
292 1073 418 1154 uersis
451 1069 670 1178 prouenire
707 1063 819 1144 solet.
884 1065 964 1177 jllis
999 1081 1156 1149 tantum
1190 1095 1270 1176 que
1298 1066 1406 1146 dieta
1449 1081 1544 1146 sunt
1586 1068 1776 1174 exeeptis.
1806 1068 2002 1173 preposito
2027 1081 2059 1144 et

292 1182 495 1265 canonicis
524 1179 701 1260 attineat.
758 1175 843 1261 Hes
871 1193 916 1260 vt
943 1192 1029 1257 rata
1059 1180 1148 1257 sint.
1207 1177 1348 1284 Sigillo
1377 1196 1516 1262 nostro
1539 1192 1687 1256 cartam
1704 1176 1809 1256 hanc
1825 1177 2059 1284 signauimus.

22 1287 23 1294 ἵ
103 1384 107 1394 ,
240 1331 244 1340 ’
292 1293 344 1375 ad
378 1293 575 1371 honorem
610 1288 714 1394 regis
748 1313 897 1397 regum,
922 1285 994 1401 qui
1028 1289 1132 1388 uiuit
1167 1304 1208 1369 et
1241 1289 1437 1398 gloriatur
1473 1287 1571 1368 deus
1600 1285 1848 1369 benedictus.
1878 1287 1920 1393 jn
1946 1283 2061 1365 secula

291 1405 488 1485 seclorum
515 1403 643 1485 Auen
671 1397 713 1480 Si
735 1400 824 1511 quis
852 1415 1084 1506 prepotens.
1113 1397 1260 1479 nobilis
1289 1399 1353 1478 vel
1382 1399 1582 1506 ignobilis.
1613 1415 1730 1478 natus
1762 1401 1827 1480 vel
1856 1411 2064 1492 nonnatus.

292 1517 398 1596 hanc
427 1511 769 1599 constitucionem.
798 1510 862 1589 vel
891 1509 1110 1607 immutare,
1139 1509 1205 1594 vel
1234 1509 1386 1594 violare
1401 1537 1468 1592 seu
1483 1507 1666 1596 fvnditus
1683 1511 1725 1588 in
1740 1511 1897 1594 irritum
1912 1533 2059 1590 reuoca-

293 1656 337 1707 re
371 1622 680 1729 attemptauerit.
717 1621 769 1698 sit
797 1618 848 1700 de
876 1640 982 1701 sorte
1012 1649 1151 1702 eorum
1180 1622 1252 1729 qui
1280 1618 1470 1702 dixerunt
1499 1618 1676 1700 domiuo.
1716 1618 1805 1701 deo.
1869 1617 2064 1700 Recedea

293 1736 423 1818 nobis.
459 1733 669 1815 scienciam
704 1733 860 1810 viarum
889 1751 1051 1820 tuarum
1087 1732 1274 1817 nolumus
1302 1733 1363 1819 sit
1392 1731 1442 1811 de
1473 1749 1586 1838 parte
1614 1729 1767 1816 dathan
1781 1749 1821 1817 et
1835 1731 1976 1815 abiron
2014 1727 2068 1804 Sit

162 1915 178 1938 ,
293 1847 399 1928 truci
428 1843 616 1925 incendio
637 1841 870 1949 deputatus.
901 1842 971 1922 vbi
1000 1845 1052 1924 ab
1085 1845 1200 1951 aquis
1229 1844 1393 1924 niuiurn.
1423 1847 1619 1935 transitur
1648 1839 1700 1920 ad
1729 1843 1902 1924 calorem
1916 1843 2064 1920 nimium

294 1962 440 2038 Actum
475 1953 611 2033 lundis
639 1954 760 2031 Anno
789 1953 990 2041 dominice
1019 1954 1325 2042 incarnacionis.
1359 1953 1608 2040 Maccaffl.
1639 1951 1926 2062 Gloriosissimj
1953 1950 2062 2030 dano·
2161 2009 2162 2026 .

293 2067 383 2150 rum
419 2063 636 2146 monarchi.
694 2062 955 2151 Waldemari.
985 2072 1105 2147 Anno
1148 2068 1290 2173 primo.
1327 2064 1488 2143 Domini
1524 2062 1696 2151 Andree.
1753 2064 1978 2158 larendensis
2015 2087 2066 2141 ar·

293 2179 540 2288 chiepiscopi
569 2176 716 2284 quarti.
773 2173 1152 2295 Archiepr'scopatus
1181 2179 1311 2274 Anno!
1330 2177 1473 2296 primo,
2066 2205 2071 2214 ·

215 2572 228 2596 ‘
309 2607 432 2676 roo.
657 2545 660 2550 ⁵
782 2573 790 2592 ’
891 2567 1493 2709 .1204d·13N0v..
1942 2563 2070 2682 Rom.
2152 2685 2156 2698 Ι

379 2792 472 2855 Ptsv.
495 2795 695 2855 lusocrsrrus
716 2791 785 2852 111=s
806 2789 945 2866 tillstdrul
966 2790 1016 2866 lb'r
1036 2788 1216 2867 lli-le-Bisb
1239 2792 1380 2860 Auonuss
1402 2793 1412 2852 i
1434 2791 1524 2852 Lund
1556 2803 1602 2854 att
1623 2787 1718 2860 olldse
1750 2814 1788 2866 en
1811 2789 1930 2863 bonde,
1962 2780 2071 2862 sompi

270 2885 273 2892 ’
331 2886 337 2898 ’
431 2899 468 2940 en
491 2887 591 2956 prest,
613 2873 671 2934 deu
692 2872 754 2933 han
775 2871 880 2946 tradat
901 2873 957 2946 bos
979 2875 1024 2936 sin
1045 2873 1173 2951 hustru,
1205 2875 1352 2936 afislurit.
1372 2883 1462 2934 nisan
1483 2873 1542 2941 och
1574 2875 1685 2948 skadat
1716 2886 1850 2955 lungun,
1880 2870 1940 2941 och
1962 2865 2071 2928 der-sore

432 2960 541 3038 onsdgs
573 2957 672 3016 saisorn
693 2955 858 3035 bannlyst5
879 2956 965 3028 Docl
987 2957 1087 3030 slulle
1109 2955 1148 3016 de
1169 2957 1303 3037 utgifter
1324 2977 1391 3017 sorn
1410 2957 1474 3028 han
1496 2974 1617 3032 'anners
1649 2959 1722 3030 bort
1752 2955 1895 3027 anvtioda
1923 2954 1964 3058 pti
1997 2967 2072 3009 10⁸³ss

432 3043 482 3122 till
505 3043 595 3114 Rom,
618 3038 734 3100 lemnos
756 3038 804 3099 till
827 3037 937 3118 Heliga
959 3038 1093 3114 Llandets
1115 3039 1250 3116 liis-star,
1271 3038 1331 3100 och
1352 3038 1679 3119 betaloiugdessutonr
1701 3041 1840 3121 erltiggas
1861 3031 2072 3109 imaoafh³¹¹⁵
2161 3083 2162 3104 .

431 3123 600 3204 tillgdogar
621 3121 711 3184 tfren
731 3120 782 3182 so'r
802 3117 966 3182 belrielsen
978 3123 1027 3198 ὢν
1038 3121 1077 3183 de
1090 3121 1207 3200 medor,
1218 3143 1285 3195 som
1296 3121 1367 3192 med
1378 3142 1416 3182 eu
1430 3121 1519 3206 dylil
1531 3123 1771 3204 Pelegrirnsllrd
1785 3143 1860 3182 voro
1875 3111 2073 3198 mrknlppade·

1557 3235 1588 3302 F.
1610 3254 1631 3288 ιι
1650 3255 1673 3318 7.
1709 3237 1765 3290 An.
1784 3255 1813 3318 7.¹
1825 3231 1879 3303 Ep.
1901 3233 1957 3288 156.

203 3447 208 3457 ,
345 3375 617 3464 ,Innocentius
646 3376 717 3456 Sto.
737 3371 975 3465 ‘Venerabili
1001 3373 1146 3466 Fratri
1169 3372 1371 3464 Loudensr'
1394 3374 1697 3494 Arclciepr'seopo
1729 3373 1911 3458 totamm
1938 3375 2016 3470 &a

466 3519 528 3597 Ex
555 3533 671 3624 parte
700 3531 770 3599 tua
806 3517 954 3596 uostris
987 3533 1046 3596 est
1076 3515 1243 3596 auribus
1276 3516 1525 3612 intimatum,
1554 3514 1857 3625 quodquidam
1898 3509 2076 3596 Sacerdos

300 3627 398 3710 dum
428 3644 707 3712 consuesceret
734 3653 826 3714 cum
854 3628 991 3720 onre
1019 3626 1227 3718 cuiusdam
1269 3631 1330 3706 tui
1358 3627 1494 3709 Villiei
1528 3628 1761 3744 nephariam
1804 3655 1888 3718 rem
1926 3625 2077 3716 habere,

232 3795 235 3800 ·
300 3753 452 3848 eaptus
471 3738 547 3818 fuit
576 3766 598 3825 a
629 3737 790 3833 villico,
819 3739 892 3846 qui
920 3740 957 3828 ei
986 3766 1125 3831 nasum
1154 3734 1345 3840 abscidit,
1376 3755 1417 3828 et
1446 3740 1536 3819 lesit
1564 3740 1697 3848 ipsum
1729 3739 1772 3831 iu
1817 3739 1975 3843 lingua,
2017 3760 2078 3812 nec

223 3853 228 3866 ’
301 3869 437 3931 tamen
469 3848 670 3959 loquelam
700 3849 841 3927 amisit.
873 3847 996 3948 Vnde
1020 3851 1233 3954 Presbyter
1274 3849 1360 3953 ipse
1396 3848 1448 3929 ad
1477 3849 1603 3930 otium
1646 3875 1687 3929 se
1715 3851 1925 3940 transtulit
1953 3849 2079 3928 Mona·

197 3969 201 3976 ’
288 3954 487 4058 chorum,
518 3978 565 4039 ut
591 3987 705 4039 suam
733 3958 886 4048 salvare
915 3973 1051 4066 posset
1080 3960 1251 4051 animam
1281 3958 1387 4037 inter
1416 3984 1496 4038 eos.
1527 3959 1680 4052 Verum
1703 3988 1796 4052 eum
1820 3959 2079 4064 Villicusipse

300 4101 420 4182 super
450 4069 680 4155 huiusmodi
709 4069 818 4160 sacto
847 4069 925 4164 sibi
953 4085 1064 4177 petat
1096 4067 1388 4162 absolutionem
1417 4068 1594 4177 impendi
1612 4070 1777 4168 anobis,
1795 4089 1946 4163 ¹uteum
1966 4068 2078 4180 possis

301 4183 520 4282 absolvere,
536 4180 758 4293 postulastj.
774 4183 976 4283 Quocirca
990 4179 1245 4272 Frateruitati
1262 4193 1331 4266 tue
1347 4205 1420 4300 per
1434 4181 1653 4288 apostolica
1667 4181 1824 4303 ‚Scripta
1841 4181 2079 4270 mandamus,
2157 4215 2162 4235 ι

301 4311 499 4401 quatenus
533 4296 565 4375 si
595 4319 658 4370 res
687 4292 741 4372 ita
769 4320 811 4381 se
840 4291 962 4385 habet
992 4290 1180 4386 Villieum
1208 4291 1358 4397 ipsum,
1389 4293 1460 4401 qui
1496 4309 1691 4402 tanquam
1719 4293 2081 4382 excommunicatus

300 4404 470 4501 vitatur,
500 4403 774 4494 communioni
804 4405 1009 4501 restituas,
1051 4403 1106 4494 ita
1140 4400 1254 4510 quod
1301 4427 1518 4508 expensas,
1565 4430 1665 4511 quas
1707 4422 1811 4498 esset
1840 4404 2021 4484 facturus
2045 4403 2081 4478 in

271 4551 276 4560 ¹
301 4513 444 4594 itinere
473 4516 525 4596 ad
555 4511 698 4597 Sedem
712 4513 896 4621 ‘propter
911 4513 989 4607 boe
1005 4511 1263 4621 apostolicam
1281 4513 1502 4608 vertendo,
1520 4516 1651 4608 mittat
1666 4515 1707 4593 in
1723 4515 1949 4610 subsidium
1967 4516 2081 4595 Terre

306 4623 463 4718 Sancte,
477 4626 542 4732 rel
559 4629 602 4707 iu
617 4623 939 4715 Christianorum
954 4624 1158 4721 auxilium,
1173 4625 1245 4734 qui
1261 4624 1447 4708 laborant
1465 4625 1507 4703 in
1523 4625 1704 4733 partibus
1721 4625 1799 4719 illis
1815 4643 1957 4707 contra
1973 4619 2082 4734 perli-

226 4823 237 4838 .
304 4733 410 4818 diam
440 4733 708 4840 paganorum,
751 4752 791 4816 et
825 4735 1085 4828 nihilominus
1128 4735 1306 4829 lahorem
1347 4737 1506 4814 itineris
1549 4737 1719 4831 redimat
1748 4739 1877 4845 ‘juxta
1905 4734 2082 4845 proprias

303 4843 522 4924 facultates.
553 4849 643 4926 Dat.
674 4845 799 4930 Rome
827 4848 936 4957 apud
966 4848 1004 4930 S.
1034 4849 1197 4929 Petrum
1225 4845 1367 4928 Idibus
1395 4843 1632 4930 Novembris
1663 4849 1784 4928 Auno
1805 4850 2005 4957 Septimo.
