4382 5964
999 354 1057 381 ...
1168 311 1249 398 662
1361 325 1498 380 ...·

211 453 236 634 a
303 543 438 681 806.
647 609 675 624 ·-
935 543 1086 653 1285
1132 533 1181 652 d.
1236 505 1305 653 18
1350 547 1470 694 Maj.
1753 455 1760 461 ⁸
1833 561 1841 578 '
1951 553 2068 662 llom

335 707 433 833 ern.
450 763 610 834 Heroum
631 763 704 834 tva
723 761 893 834 sumens
912 763 962 832 till
981 763 1162 846 lake-Bul.
1182 766 1194 830 i
1214 764 1307 834 tud
1327 765 1400 834 med
1410 765 1549 838 ratum
1564 765 1755 874 merdvelde
1763 765 2063 862 irkc-Bffillpen

1809 885 1851 946 1.
1865 903 1891 946 c.
1911 890 1966 960 rto.

306 955 349 1050 ,ζ’
463 1020 672 1106 Honorius
699 1021 820 1134 Papa
847 1021 1036 1136 Quartus
1063 1023 1292 1122 Venerabili
1317 1023 1462 1108 Fratri
1486 1024 1525 1110 Ι.
1553 1024 1860 1140 Arcmepztoopo
1893 1027 2062 1112 [cademi.

370 1181 373 1187 ’
465 1168 659 1260 Pstnnvnr
703 1163 861 1274 insigne
898 1161 1143 1250 Pontilicalls
1183 1161 1308 1275 officij
1359 1163 1490 1248 suita
1538 1163 1659 1250 nobis
1700 1195 1777 1278 pro
1823 1166 1972 1252 dilecto
2008 1171 2063 1252 filio
2114 1197 2116 1244 l

171 1311 177 1324 ¹
299 1266 447 1392 lllagno
497 1275 638 1358 Electo
682 1273 904 1385 ·Vpsalensi
948 1303 1022 1385 per
1072 1274 1241 1362 dilectos
1291 1275 1395 1358 lilios
1429 1279 1594 1360 Petrum
1639 1281 1809 1391 Agnetis
1853 1281 2063 1364 Canonicun

299 1390 558 1476 Lundensem
586 1390 625 1469 Er
654 1385 921 1497 Hermingum
962 1387 1167 1472 Clericum
1203 1387 1451 1499 Vpsallensis
1501 1389 1681 1473 Diooesis
1723 1392 1910 1475 Nuntius
1937 1420 2015 1475 cum
2035 1420 2063 1474 a

299 1530 381 1614 qua
416 1500 555 1585 decuit
603 1499 795 1584 instantia
833 1497 1103 1609 postulatum,
1131 1503 1177 1594 &A
1198 1499 1298 1583 dum
1321 1499 1378 1583 'de
1404 1503 1663 1584 concessione
1701 1503 1832 1613 ipsius
1861 1503 1979 1585 Pallei
2001 1532 2063 1614 age

300 1631 431 1711 retur,
461 1609 566 1695 idem
594 1612 737 1693 Petrus
765 1638 844 1721 pro
873 1627 988 1722 parte
1016 1612 1142 1721 ipsius
1170 1611 1358 1695 Ecclesiae
1386 1610 1613 1696 Lundensis
1643 1616 1816 1698 asseruit
1845 1614 1990 1700 dictmn
2004 1615 2062 1724 pal·

302 1727 408 1809 leum
436 1723 514 1807 tibi
541 1721 771 1834 specialiter
798 1721 886 1804 fore
915 1722 1154 1806 mittendum
1182 1751 1257 1833 per
1285 1739 1327 1806 te
1370 1722 1656 1836 assignandum
1700 1725 1847 1808 Electo
1890 1723 2063 1836 predicto,

302 1836 560 1949 praetendens
575 1861 648 1945 per
661 1832 923 1945 priuilegium
952 1834 1233 1944 Apostolicum
1261 1861 1470 1946 apparere,
1500 1835 1614 1947 quod
1633 1837 2061 1948 ArchiepiscopusLun

251 1999 254 2003 -
299 1950 435 2032 densis
462 1948 683 2028 Primatum
711 1946 918 2043 obtinens,
947 1962 1092 2056 praeest
1120 1945 1439 2057 Archiepisccpo
1461 1946 1685 2058 Vpsallensi
1713 1955 1754 2032 &
1780 1949 1900 2061 quod
1926 1973 2062 2030 cumer-

300 2060 415 2172 pedit
441 2055 622 2140 Palleum
649 2057 908 2167 impetratum
938 2084 961 2136 a
989 2057 1172 2140 Romano
1199 2057 1393 2140 Pontifice
1426 2085 1500 2170 per
1528 2061 1710 2143 Nuncios
1736 2061 1997 2143 Ecclesiarum
2018 2086 2061 2140 ea·

180 2201 189 2212 ·
300 2167 476 2255 eundem
503 2166 557 2254 ad
587 2169 715 2284 ipsam
743 2165 1000 2254 Lundensem
1029 2183 1218 2278 portetur
1247 2167 1483 2267 Ecclesiam,
1512 2175 1553 2252 &
1581 2199 1655 2280 per
1670 2170 1928 2254 Lundensem
1936 2171 2060 2254 Amhie

302 2286 512 2396 piscopum
541 2278 771 2394 Vpsallensi
800 2277 941 2362 Electo
968 2297 1204 2364 consecrato
1231 2281 1274 2362 in
1302 2279 1662 2394 Archiepiscopum
1698 2283 1922 2377 tribuatur.¹
1959 2284 2000 2364 In
2020 2309 2060 2360 re

300 2410 437 2508 gestro
464 2417 631 2510 quoque
659 2388 726 2473 fel.
756 2417 835 2477 rec.
878 2389 1070 2500 Gregorij
1108 2394 1229 2508 Papae
1261 2393 1371 2475 Noni
1413 2391 1720 2478 Praedecessoris
1760 2393 1896 2476 nostri
1921 2393 2060 2475 noscitur

301 2533 387 2590 esse
414 2521 640 2616 repertum,
668 2498 782 2614 quod
797 2501 894 2584 olim
923 2502 1102 2594 Palicum
1130 2504 1305 2614 petitum
1333 2531 1408 2615 per
1436 2506 1663 2588 Canonicos
1691 2503 1882 2612 Ecclesiae
1909 2501 2060 2585 Lunden-

300 2621 354 2703 sis
382 2617 561 2703 Nuntios.
584 2631 685 2704 tunc
711 2639 790 2724 pro
819 2612 1051 2726 Vpsalleusi
1078 2613 1218 2700 Electo
1245 2612 1378 2704 lucrat
1406 2618 1663 2700 Antecessori
1689 2633 1762 2700 tuo
1783 2617 2059 2725 Archiepiscopo
2115 2689 2116 2702 a

301 2728 446 2824 Lunde
496 2725 816 2819 transmissum
843 2723 975 2811 eidem
1004 2723 1144 2818 Electo
1172 2753 1248 2848 per
1280 2723 1455 2810 eundem
1491 2729 1856 2839 Archiepisoopum
1897 2728 2059 2836 assignan·

302 2841 412 2930 dum.
492 2837 522 2922 d
548 2839 692 2928 eodem
719 2839 942 2947 Hermingc
969 2863 1048 2951 pro
1076 2834 1187 2926 dicta
1220 2837 1444 2958 Vpsallensi
1480 2839 1658 2924 Ecclesia
1686 2841 1731 2922 in
1759 2842 1997 2923 contrarium
2019 2863 2071 2924 as,

300 2970 459 3040 serente
487 2949 680 3062 praedicta
698 2977 781 3032 non
795 2947 917 3045 fuisse
936 2964 1112 3043 seruata.
1140 2949 1226 3032 Nos
1240 2977 1470 3070 precauere
1486 2949 1687 3052 volentes,
1711 2977 1767 3034 ne
1783 2949 1903 3036 dictae
1917 2947 2057 3032 Ecclesia

300 3063 379 3162 sub
407 3060 559 3152 talibus
586 3059 837 3154 anfractibus
863 3059 1119 3182 dispendium
1150 3061 1379 3182 patiantur,
1421 3059 1652 3154 huiusmodi
1694 3063 1887 3184 petitioni
1914 3060 2057 3143 duximus

301 3171 584 3284 annuendum,
613 3177 654 3256 &
682 3201 757 3284 per
782 3171 946 3264 ,eosdem
973 3175 1135 3256 Petrum
1163 3178 1205 3257 &
1231 3173 1511 3294 Hermingum'
1534 3171 1688 3258 dictum
1731 3171 1912 3266 Palleum
1933 3170 1978 3254 de
1998 3195 2056 3252 cor

303 3313 403 3397 pore
432 3284 545 3368 Beati
573 3285 685 3368 Petri
712 3311 805 3374 sum,
832 3301 920 3367 tum
946 3284 1025 3370 tibi
1052 3282 1362 3380 transmittimus
1387 3284 1676 3397 assignandum
1690 3285 1824 3378 eidem
1847 3285 1987 3396 Magno
1997 3279 2055 3363 Ele

300 3417 387 3496 cto,
414 3415 459 3484 vt
486 3395 559 3488 illo
587 3396 696 3478 intra
722 3314 938 3480 Eccllesiam
964 3422 1078 3492 suam
1108 3395 1187 3488 illis
1213 3393 1358 3494 diebus
1390 3412 1547 3495 statur,
1596 3399 1668 3510 qui
1694 3397 1880 3520 ,expressi
1906 3399 1947 3487 in
1970 3393 2052 3504 ipsias

303 3507 491 3596 Ecclesiae
518 3507 769 3620 Vpsallensis
797 3507 1024 3620 Priuilegijs
1066 3507 1339 3610 continentur.
1381 3509 1585 3612 Quocirca
1611 3509 1894 3606 'Fraternitati
1920 3523 2050 3612 tuapte

303 3618 540 3739 Apostolica
566 3621 723 3730 scripta¹
748 3619 1005 3720 mandamus,
1033 3635 1238 3734 quatenus
1265 3616 1368 3719 illud
1394 3623 1639 3721 apctoritate
1668 3635 1806 3710 nostra
1849 3621 1971 3716 ,electo
1990 3613 2052 3707 sel

302 3759 403 3843 gues
431 3729 562 3816 eidem
589 3729 666 3830 sul)
696 3759 743 3814 ea
771 3727 915 3828 forma,
943 3759 1066 3844 (ριαω
1094 3731 1171 3828 tibi
1194 3731 1276 3829 ,sub
1304 3731 1418 3831 Bulla
1443 3748 1583 3829 nostra
1599 3733 1794 3831 nrittimus
1821 3729 2057 3828 introclusam.

303 3851 344 3930 Bt
371 3844 425 3927 ab
456 3871 505 3926 eo
533 3845 699 3928 nomine
726 3858 868 3926 nostro
896 3845 938 3925 &
965 3841 1151 3926 Ecclesiae
1178 3845 1370 3946 Romanae
1406 3843 1488 3937 sub
1529 3842 1662 3942 forma
1703 3871 1830 3955 quam
1855 3842 1934 3942 sub
1958 3835 2057 3922 eaden

303 3955 419 4040 Bulla
449 3953 528 4040 tibi
555 3952 766 4067 dirigimus
794 3951 998 4038 fidelitatis
1026 3953 1198 4066 recipias
1213 3955 1500 4057 Iuramentum.
1530 3955 1718 4056 Formam
1730 3971 1871 4054 autem
1886 3947 2058 4053 iuramenti

301 4064 417 4180 quod
445 4063 536 4188 ipse
555 4066 771 4187 ¹prestabit
796 4067 916 4173 nobis
944 4093 1018 4177 per
1044 4063 1223 4172 eiusdem
1251 4081 1435 4176 patentes
1462 4067 1621 4170 litteras
1648 4093 1723 4164 suo
1747 4063 1885 4190 ¹sigillo
1916 4066 2058 4192 {signatas

332 4208 377 4266 er
406 4176 620 4302 proprium
648 4179 848 4278 Nuntium
873 4192 1028 4292 quanto
1060 4179 1180 4260 citius
1207 4176 1370 4261 studeas
1394 4177 1611 4262 destinare.
1638 4179 1839 4276 Ceterum
1858 4202 1941 4273 ‚non
1964 4187 2058 4268 mter·
2115 4271 2116 4274 ρ

347 4319 437 4404 mus
461 4288 578 4404 quod
606 4318 681 4403 per
705 4288 787 4388 'hoc
814 4289 891 4376 tibi
919 4289 984 4373 vcl
1014 4287 1200 4374 Ecclesiae
1225 4303 1310 4388 tuae
1347 4315 1503 4391 pouum
1532 4291 1595 4390 ius
1636 4287 1806 4402 aliquod
1846 4287 2058 4398 acquiratur,
2114 4331 2116 4334 ·

303 4403 368 4512 vel
396 4400 601 4521 predictae
645 4395 879 4524 ’,Vpsallensi
907 4395 1094 4504 Ecclesiae
1122 4401 1166 4484 in
1187 4401 1478 4533 prosecutione
1521 4401 1584 4484 sui
1626 4403 1749 4514 luris,
1772 4399 1812 4500 si
1838 4394 1949 4512 quod
1985 4392 2058 4474 cim

303 4515 507 4625 praemissa
530 4512 622 4613 ¹sibi¹
637 4517 838 4624 competit
922 4511 1001 4616 cad
1029 4513 1268 4624 petitorium
1295 4511 1341 4596 in
1368 4510 1506 4625 aliquo
1530 4509 1753 4626 ,derogetur
1786 4510 1934 4610 Datrrm
1960 4504 2058 4588 Rome

266 4658 270 4664 ’
302 4623 416 4744 apud
444 4627 632 4714 Sanctam
656 4543 970 4735 sabinamlllv,
999 4623 1167 4740 Calend.
1195 4621 1305 4738 lunij
1333 4651 1442 4708 anno
1470 4625 1613 4738 primo.
1708 4699 1710 4707 ,
2114 4623 2116 4688 l

640 4859 648 4868 a
