4382 5964
751 465 766 516 s
1096 486 1097 492 κ
1217 504 1223 514 ,

634 581 639 592 ·
675 599 679 609 s
799 602 858 626 -
901 641 904 650 ,
966 559 1048 643 625
1158 605 1215 628 -
1276 611 1281 628 =

111 787 277 882 mnibus·
351 781 559 886 rtinenciis
574 806 705 890 prope
719 780 1100 891 &alongepositia
1115 793 1193 894 pro
1207 781 1354 892 giginti
1381 782 1526 864 marcis
1540 781 1646 894 puri,
1661 777 1908 886 vendidisse,

108 905 219 1006 Quas
240 898 295 979 mi
324 898 338 977 i
360 893 412 1004 ,jn
439 892 628 1006 proximo
656 892 759 975 festo
786 893 934 1004 pasche
947 919 990 974 se
1000 893 1191 1002 promisit
1204 893 1445 992 soluturum,
1458 895 1507 974 si.
1522 908 1657 976 tamen
1670 890 1724 975 ad
1738 926 1739 932 ¹
1752 908 1903 978 terrant

103 1026 283 1092 sanctam
306 1008 474 1091 voluero
503 1003 767 1116 peregrinari,
795 1003 977 1116 alioquin
1004 1004 1102 1086 mihi
1127 1001 1267 1087 eadem
1295 1005 1467 1115 pecunia
1483 1003 1529 1114 jn
1545 1004 1647 1088 festo
1661 1004 1772 1086 beati
1792 1005 1904 1089 claui

102 1138 196 1232 post
226 1121 458 1232 proximum
495 1114 646 1228 pascha
687 1129 748 1195 est
788 1112 1002 1209 soluenda,
1031 1113 1275 1226 &siquod
1313 1111 1419 1198 ab‘sit
1454 1143 1517 1198 me
1547 1115 1654 1196 infr'a
1683 1117 1903 1200 terminum

101 1248 363 1344 prenotatam
391 1229 495 1310 mori
511 1227 739 1337 contigerit
766 1225 861 1306 volo
890 1242 935 1307 vt
962 1223 1014 1307 de
1043 1224 1184 1308 eadem
1210 1227 1386 1336 pecunia
1409 1225 1534 1309 faciat
1562 1226 1761 1346 quicquid
1776 1227 1822 1336 jn
1844 1247 1902 1312 te·

100 1342 304 1438 stamento
332 1368 423 1423 mco
452 1337 608 1422 duxero
637 1334 912 1419 ordinandum
939 1337 992 1416 ln
1020 1339 1136 1420 cuius
1164 1339 1238 1419 Rei
1265 1351 1548 1420 testamentum
1562 1337 1739 1448 sigillum
1769 1366 1903 1423 meum
1999 1375 2004 1391 ¹

100 1461 182 1536 vn'a
213 1480 306 1551 mam
335 1448 468 1560 sigillo
497 1450 622 1560 ipsius
659 1447 858 1530 slsarensis
873 1460 876 1468 '
893 1447 1149 1557 presentibus
1190 1460 1288 1528 sunt
1315 1456 1513 1559 appensa,¹
1536 1451 1686 1547 Datum
1714 1449 1903 1533 Kalmar·

98 1569 167 1647 nie
198 1591 307 1646 anno
338 1561 491 1644 domini
519 1557 845 1642 M⁰CC⁰LXXX·
876 1558 1077 1672 tercionjn
1106 1559 1210 1641 festo
1238 1559 1442 1642 trinitatis.
1478 1582 1482 1592 ·
1542 1565 1576 1574 ”
1773 1574 1800 1596 ‘¹
1845 1589 1849 1600 ·
1895 1569 1899 1660 ᾖ

235 1705 284 1770 Pa
304 1702 473 1768 sriusidan:
494 1701 533 1766 de
554 1701 640 1765 curia
662 1681 895 1787 hagana'thorp.
970 1698 1089 1784 Sigillct
1110 1701 1170 1764 Ντο
1195 1717 1206 1764 1
1231 1700 1367 1792 myolet
1389 1701 1449 1768 Nto
1470 1719 1488 1761 a
1512 1699 1606 1786 uiget
1626 1694 1767 1800 sladadt.
2013 1719 2016 1726 ’

103 2070 241 2218 764.
385 2226 390 2233 ι
742 2069 893 2181 1283
939 2071 989 2179 d
1038 2039 1111 2206 ad
1156 2073 1275 2182 Jun·
1434 2135 1458 2200 ·.
1682 2047 1909 2216 'Gdtala

179 2293 265 2360 Bisl.
286 2291 442 2357 Barnous
461 2292 472 2355 i
493 2269 601 2357 Slars'
614 2292 694 2356 Bref
709 2291 843 2356 rtis-ande
875 2290 1021 2357 Otamtad
1050 2293 1112 2358 och
1137 2293 1179 2360 80
1199 2294 1307 2384 marl,
1338 2313 1406 2358 som
1427 2293 1533 2359 Parra
1565 2251 1736 2379 Bsscrsaoir
1769 2267 1870 2360 esstod
1890 2297 1902 2356 i

232 2376 345 2462 utbyte
366 2386 450 2440 emet
471 2373 571 2440 Slara
592 2376 794 2462 Domlyrlas
817 2374 894 2460 gods
914 2379 925 2439 i
946 2376 1082 2441 Fredini.
1264 2415 1266 2420 s
1414 2379 1416 2385 ⁴
1597 2383 1599 2388 ¹
1793 2381 1795 2386 ·
1846 2387 1850 2392 -

1537 2457 1766 2520 bbanss
1900 2484 1903 2492 ·

265 2587 477 2679 Omnibus
493 2609 698 2705 presentes
726 2595 899 2676 Litteras
915 2595 1171 2705 inspecturis,
1198 2593 1250 2692 B,
1278 2593 1421 2704 diujna
1450 2598 1712 2680 miseracione
1733 2594 1899 2678 skaren·
1966 2645 1971 2656 „

83 2713 138 2792 sis
169 2709 397 2820 episcopus
425 2705 594 2788 salutem
622 2707 683 2786 in
705 2702 870 2812 domino¹
912 2707 1218 2817 sempiternam,
1260 2708 1467 2812 Quoniam
1494 2709 1550 2791 ob
1579 2706 1740 2792 labilem
1767 2689 1904 2792 homi-²

82 2849 190 2905 num
214 2819 468 2916 ‘memoriam
485 2819 649 2929 viteque
677 2815 833 2926 fragilis
860 2816 1103 2900 breuitatem
1131 2845 1212 2928 que
1240 2819 1542 2902 racionabiliter
1578 2838 1666 2902 aeta
1694 2835 1791 2902 sunt
1819 2818 1901 2901 fre·

20 3011 24 3016 .
82 2947 271 3046 quenter
299 2931 341 3010 in
370 2928 542 3010 dubium
569 2945 828 3028 reuocentur,
858 2933 898 3009 &
926 2955 1019 3012 raro
1047 2929 1298 3037 proueniunt
1328 2927 1380 3013 ad
1408 2959 1554 3044 puram
1597 2930 1790 3039 noticiam
1821 2955 1904 3050 1³⁰⁶.

83 3061 318 3137 sterorum,
347 3040 549 3123 Eluccscit
574 3054 708 3123 autem
735 3044 777 3120 &
805 3041 911 3121 uiuit
939 3041 1050 3124 accio
1087 3040 1202 3123 cuius
1231 3067 1273 3122 se
1301 3037 1398 3124 iacit
1445 3043 1580 3125 littera
1621 3040 1898 3137 defensorem,

81 3157 261 3239 Tenore
290 3153 544 3262 presencium
572 3148 760 3234 omuibus
788 3149 974 3233 volumus
997 3151 1153 3234 elucere
1168 3179 1242 3232 nos
1276 3171 1455 3262 exparte
1487 3152 1652 3236 ecclesie
1666 3151 1785 3233 beate
1813 3152 1898 3234 vir·

38 3269 44 3278 ’
80 3268 197 3378 ginis
228 3264 356 3346 skaris
384 3263 585 3350 mediante
614 3287 813 3346 consensu
841 3269 881 3346 8(
918 3263 1090 3348 concilio
1133 3261 1302 3372 capitulj
1343 3261 1477 3374 nostrj
1506 3291 1599 3349 cum
1640 3261 1805 3365 dillecto
1836 3261 1919 3377 fag

81 3378 206 3462 mulo
235 3383 376 3482 nostro
403 3375 526 3458 Petro
553 3371 761 3484 benedictj
791 3375 874 3456 filio
903 3374 1042 3458 fecisse
1061 3374 1420 3458 commutacionem
1435 3373 1683 3484 prediorum.
1713 3372 1760 3483 jn
1785 3371 1901 3475 hunc⁴

80 3487 280 3585 modum,
309 3483 443 3593 Quod'
461 3487 701 3596 recipientes
729 3483 783 3566 ab
811 3513 880 3584 eo,
922 3487 1028 3570 dicte
1063 3484 1230 3569 ecclesie
1259 3485 1467 3596 octoginta
1496 3486 1680 3568 marchas
1708 3483 1897 3572 denario·

78 3629 183 3686 rum
213 3597 363 3680 vsualis
392 3614 563 3694 monete,
591 3624 691 3708 quas
727 3597 769 3676 in
798 3594 938 3706 predia
963 3597 1055 3704 plus
1080 3595 1143 3678 vel
1166 3594 1365 3710 equaliter
1386 3597 1553 3708 ccclesje
1590 3624 1770 3708 congrua
1786 3625 1903 3714 com-p

77 3712 361 3807 mutauimus,
390 3709 561 3796 &duas
589 3704 769 3789 colonias
796 3705 843 3822 jn
872 3724 981 3790 otars
1010 3713 1168 3794 stallum
1197 3717 1288 3789 cum
1314 3711 1456 3792 ceteris
1471 3709 1753 3819 pertinencijs,
1783 3708 1894 3817 jntra

76 3849 207 3933 sepes
235 3821 274 3903 a
302 3836 416 3908 entra
455 3845 586 3929 prope
613 3821 654 3910 ὃς
681 3817 826 3928 alonge
854 3820 995 3927 positis
1022 3817 1113 3926 jure
1142 3835 1342 3932 perpetuo
1369 3811 1645 3936 possidendas.
1688 3820 1746 3900 Re
1777 3817 1894 3906 endi·

76 3963 180 4017 mus
208 3933 287 4043 ipsi
316 3925 501 4041 predium
528 3928 826 4022 dicte-ecclesie
852 3929 901 4046 jn
930 3928 1080 4039 fre'dinj
1107 3928 1166 4038 jta
1195 3928 1309 4041 quod
1329 3929 1502 4014 fundum
1529 3955 1622 4020 cum
1636 3847 1825 4013 domibus
1853 3933 1894 4010 &

75 4043 240 4154 ceterjs
268 4040 547 4156 jmmobiljbus
575 4037 859 4158 pertinenciis,
888 4039 1070 4132 similiter
1098 4043 1203 4132 intra
1236 4067 1349 4151 sepes
1358 4047 1405 4131 ¹sss
1414 4057 1533 4133 extra
1548 4047 1732 4154 prope&
1746 4041 1891 4151 alonge

76 4157 253 4271 positis,
288 4154 380 4263 jure
420 4149 668 4234 hereditario
697 4179 742 4232 ac
783 4157 985 4262 perpetuo
1028 4149 1337 4259 possidendum,
1365 4153 1469 4233 Cum
1496 4153 1624 4263 igitur
1663 4155 1770 4236 sieut
1798 4179 1891 4260 pre·
2000 4169 2004 4174 ·

74 4268 254 4354 missum
290 4281 351 4346 est
378 4261 451 4346 diu
479 4265 620 4345 uiuere
647 4289 730 4344 non
770 4264 898 4372 possit
940 4261 1052 4346 accio
1080 4291 1161 4372 que
1189 4289 1274 4342 non
1301 4260 1440 4346 habet·
1453 4263 1580 4345 vitam
1607 4291 1630 4344 a
1659 4261 1893 4371 testimonio

70 4375 246 4460 uiuacis
274 4375 429 4472 littere,
457 4372 612 4457 Placuit
640 4373 760 4462 nobis
788 4370 939 4456 dictam
967 4373 1327 4456 commutacionem
1357 4374 1433 4454 rite
1462 4372 1713 4485 &legaliter
1742 4373 1892 4454 factam
1993 4364 1996 4380 ’

69 4514 162 4601 per
195 4485 359 4568 modum
387 4489 428 4567 a
457 4483 630 4569 formam
656 4485 762 4566 sicut
788 4485 917 4596 ipsam
936 4481 1107 4580 fecimus
1135 4479 1327 4576 mandare
1355 4481 1499 4567 litteris
1527 4514 1574 4568 ae
1602 4500 1742 4568 nostro
1772 4487 1814 4592 &
1825 4511 1907 4565 ca·.

66 4593 215 4712 pitulj
241 4595 373 4706 nostrj
400 4595 541 4708 sigillis
568 4592 770 4693 stabilire,
799 4597 862 4678 Ne
887 4594 1016 4706 ipsam
1042 4619 1255 4705 processus
1276 4596 1470 4706 temporis
1490 4597 1642 4708 poterit
1668 4595 1887 4706 infirmare,

67 4723 160 4795 aut
196 4707 333 4818 aliqua
376 4706 608 4818 calumpnia
651 4709 928 4804 posterorum,
963 4708 1113 4790 Datum
1152 4703 1321 4824 getulia,
1357 4733 1465 4790 cnno
1495 4705 1662 4796 domini.
1691 4705 1889 4790 M⁰.CC·.·
2002 4755 2005 4760 -

66 4817 338 4912 LXXXIH’.
367 4817 419 4898 ln
447 4811 514 4898 die
540 4815 650 4900 beati
678 4816 865 4900 iohannis
892 4819 1091 4934 baptiste..
1163 4814 1192 4862 ·’

287 5003 291 5011 -
353 4957 474 5042 siglllet
494 4951 555 5032 lito
580 4977 605 5022 r.
627 4957 812 5046 Riskcpem
832 4955 982 5047 skadadt5
1013 4960 1074 5034 lito
1092 4975 1124 5026 a·
1144 4955 1396 5046 noa-capium
1417 4959 1428 5021 i
1447 4960 1540 5048 pedat
1561 4979 1627 5024 vax.
1691 4990 1694 4995 ·

225 5156 418 5232 omnm
598 5109 602 5120 .
756 5127 764 5138 ⁸
881 5242 884 5250 ¹
972 5135 973 5139 Ν
1167 5244 1170 5250 ,
1564 5149 1723 5254 ‚79⁴
