4368 5950
784 474 842 496 -
952 457 1026 515 sot
1122 477 1203 537 ‚-

110 654 288 746 existant,
314 655 355 732 8(
383 649 460 732 nisi
485 647 597 732 sorte
625 639 685 732 ω(
704 650 979 734 misericordia
1006 651 1111 733 sedis
1137 651 1357 760 apostolice
1383 651 1514 733 tocius
1527 675 1640 760 spem
1660 650 1890 760 promocio·
1970 683 1976 694 ¹

108 766 161 846 nis
187 759 430 859 ammittant,
458 789 600 842 verum
628 762 725 872 qnia
753 764 940 846 nonnulli
966 791 1018 844 ax
1045 762 1196 846 talibus
1211 778 1381 872 propter
1395 763 1662 874 quorumdam
1675 763 1892 871 opiniones.

109 873 604 986 maerensmaerens
633 873 802 984 aliquod
831 875 1107 974 assumebant,
1151 873 1226 956 rios
1260 874 1444 956 uolentes
1471 892 1516 955 vt
1556 875 1657 956 tales
1699 874 1888 957 decetero

107 989 186 1096 ipso
213 983 323 1097 facto
351 985 594 1068 sentenciam
637 987 1067 1094 excommunicacionis
1116 987 1347 1082 incurrant,
1405 983 1586 1066 districte
1627 985 1891 1094 precipiendo

107 1093 332 1197 mandamus
360 1097 553 1206 quatinus
585 1113 669 1176 tam
698 1097 936 1204 dyocesanis
966 1103 1005 1178 8(
1035 1097 1222 1206 capitulis
1256 1099 1437 1205 ipsorum
1470 1125 1593 1207 quam
1620 1098 1745 1176 eciam
1772 1125 1797 1176 a
1825 1126 1890 1178 cc-

105 1211 191 1290 ter'is
218 1208 421 1316 episcopis
448 1211 490 1288 in
518 1236 694 1318 quorum
723 1207 951 1291 diocesibus
980 1213 1025 1291 in
1053 1207 1286 1290 huiusmodi
1313 1207 1478 1288 student
1506 1207 1606 1287 tales
1629 1208 1789 1288 sublato
1816 1237 1891 1317 ap·

105 1319 331 1431 pellacionis
359 1317 572 1400 obstaculo
596 1323 938 1402 excommunicati
963 1329 1005 1402 8(
1032 1320 1225 1429 predictis
1253 1322 1369 1428 penis
1396 1319 1564 1399 obnoxii
1596 1319 1756 1425 publice
1784 1317 1890 1434 nun·

105 1435 254 1514 cientur
299 1430 407 1532 Quia
444 1458 520 1512 nos
561 1431 765 1538 theologie
794 1435 979 1541 cupimus
1008 1430 1188 1513 studium
1216 1431 1418 1540 ampliari,
1448 1446 1492 1511 vt
1520 1427 1688 1508 dilatato
1717 1432 1908 1516 tentorii.

102 1545 159 1626 sui
185 1540 294 1638 loco,
323 1538 527 1623 funiculos
549 1547 650 1622 'suos
679 1541 828 1630 faciant
857 1543 1060 1651 longiores
1089 1549 1129 1624 8(
1156 1543 1208 1622 sit
1236 1541 1335 1625 fides
1371 1540 1569 1622 catholica
1605 1541 1891 1626 circumcincta

102 1679 210 1734 muro
239 1653 552 1764 inexpugnabili
594 1643 850 1734 bellatorum.
886 1653 1035 1765 quibus
1067 1655 1253 1736 resistere
1287 1653 1421 1738 valeat
1452 1649 1777 1734 ascendentibus.
1820 1679 1916 1766 en»¹
2050 1740 2060 1756 .

100 1764 265 1847 aduerso
296 1769 337 1843 8(
369 1763 715 1870 archydyacono's.
746 1765 933 1847 decanos.
963 1767 1203 1874 prepositos.
1233 1763 1439 1876 plebanos.
1475 1779 1661 1845 cantores
1704 1767 1744 1842 8r
1786 1762 1888 1844 alios

99 1877 259 1957 clericos
287 1890 529 1983 personatus
558 1875 772 1972 habentes,
801 1904 963 1958 necnon
994 1882 1034 1956 8(
1062 1876 1308 1985 presbiteros
1343 1876 1419 1960 nisi
1447 1875 1499 1955 ab
1534 1875 1610 1955 hiis
1653 1873 1759 1955 infra
1797 1891 1891 1983 spa*

97 1989 197 2070 cium
225 1988 499 2095 prescriptum
527 1984 774 2085 destiterint,
804 1989 877 2070 hee
907 1987 1072 2070 extendi
1100 1989 1288 2070 volumus
1316 2005 1358 2068 et
1373 1986 1648 2096 appellatione
1662 1986 1892 2095 postposita

99 2099 360 2180 inuiolabiter·
382 2098 600 2179 obseruari.
632 2125 725 2177 nam
753 2127 845 2183 cum
873 2101 954 2179 sint
989 2100 1105 2180 multi
1148 2125 1352 2209 caupones
1380 2125 1525 2208 equam
1553 2099 1649 2177 vino
1678 2097 1890 2178 miscentes

98 2211 166 2338 qul
191 2236 278 2290 non
306 2207 437 2289 solnm
465 2206 676 2290 involuere
705 2209 805 2290 falsa
833 2211 960 2306 veris,
989 2203 1060 2295 ssd
1088 2211 1215 2292 eciam
1242 2208 1349 2291 diem
1377 2211 1427 2288 in.
1448 2225 1609 2290 noctem
1624 2223 1783 2288 uertere
1801 2235 1888 2289 mo·
1927 2253 1938 2284 .

99 2319 263 2404 huntur.
292 2321 336 2404 in
365 2319 615 2400 firmamento
634 2320 719 2401 -celi
747 2321 933 2439 plantare
963 2321 1177 2402 luminaria
1207 2319 1435 2402 diuidencia
1464 2319 1570 2401 diem
1585 2347 1608 2397 a
1624 2333 1742 2400 nocte
1755 2317 1889 2402 valide

97 2430 355 2528 affectamus„
379 2457 592 2541 sumopere
620 2448 854 2546 satagentes
876 2449 920 2513 vt
949 2431 1002 2514 ad
1031 2430 1273 2544 capiendum
1300 2432 1442 2541 volpes
1476 2429 1667 2540 paruulas
1701 2455 1783 2540 que
1819 2429 1889 2512 de·

95 2545 318 2624 moliuntur
345 2545 503 2640 vineas,
531 2543 736 2632 bonorum
761 2543 995 2650 habeamus¹
1014 2545 1171 2653 copiam
1184 2561 1436 2638 renatorum,
1451 2542 1522 2652 qui
1537 2567 1700 2626 manum
1726 2541 1888 2626 mitten·

95 2670 152 2756 tes
173 2653 231 2736 ad
262 2653 402 2735 forcia·
419 2669 561 2734 contra
590 2681 847 2762 peruersores
876 2655 968 2737 fidei
986 2657 1086 2761 'sint
1111 2670 1309 2766 potentes.
1351 2681 1474 2764 opere
1516 2680 1563 2733 ac
1600 2659 1793 2734 sermone.
1821 2653 1889 2736 bic

94 2767 225 2848 restiti
256 2764 487 2874 duplicibus
515 2782 560 2846 vt
586 2783 816 2848 mereantur
844 2765 1020 2876 duplicia
1049 2766 1273 2876 possidere,
1302 2793 1394 2846 cum
1422 2762 1620 2845 videbunt
1647 2765 1690 2846 in
1713 2761 1784 2844 die
1810 2791 1887 2848 no·

94 2879 259 2958 nissimo
288 2875 342 2984 ad
363 2874 626 2959 iudicandum
643 2904 745 2975 ,oum
772 2895 878 2966 terre
906 2879 1159 2968 senatoribus
1174 2877 1411 2966 consessuri.
1428 2897 1659 2985 porrorum
1674 2891 1889 2983 argentum

94 2987 189 3074 alibi
215 2987 367 3092 habeat
395 3015 590 3070 venarum
617 3015 782 3069 suarum
810 2989 1030 3098 principia,
1065 3018 1187 3099 quam
1214 2986 1322 3071 vnde
1350 2986 1501 3078 ferrum
1529 2986 1699 3081 tollitur,
1728 2991 1768 3070 &
1782 3015 1885 3076 auro

37 3124 39 3133 ·
94 3099 205 3182 locas
234 3101 279 3182 in
307 3125 392 3208 quo
419 3097 643 3197 confletur,¹
665 3100 717 3181 sit
745 3099 1009 3200 iamdudum
1036 3103 1210 3210 parisius
1237 3097 1454 3207 deputatus
1496 3098 1566 3190 vbi
1608 3097 1732 3180 turris
1760 3095 1886 3188 dauid
1960 3095 1970 3122 ⁸

93 3237 183 3296 eum
213 3213 297 3292 suis
322 3238 458 3320 propu
487 3210 640 3292 naeulis
669 3206 851 3294 construi
877 3214 1101 3308 consueuit,
1144 3241 1194 3300 ex
1234 3231 1317 3321 qua
1352 3237 1436 3302 nnn
1479 3209 1607 3296 solum
1654 3207 1887 3318 dependent

11 3401 13 3410 ,
94 3321 199 3418 mille
230 3321 384 3429 clippej
412 3241 487 3402 sed
512 3323 641 3420 omnis
669 3322 753 3406 fere
782 3341 984 3410 armatura
1012 3323 1184 3409 forcinm
1198 3319 1297 3404 dum
1312 3317 1582 3411 indesinenter
1598 3319 1741 3402 exinde
1761 3319 1886 3429 fortes

90 3459 137 3514 ex
167 3431 399 3514 fortissimis
428 3433 633 3541 prodeunt
660 3449 840 3520 tenentes
869 3435 1025 3542 gladios
1054 3441 1093 3515 8(
1119 3433 1173 3520 ad
1201 3433 1307 3516 bella
1326 3430 1543 3522 doctissimi
1558 3428 1671 3540 quod
1700 3431 1885 3522 ambiunt.

89 3570 162 3654 per
193 3543 339 3628 orbem
366 3544 546 3654 vndique
576 3544 770 3642 lectulum
796 3544 1024 3636 salomonis,
1055 3542 1221 3660 quidam
1256 3544 1337 3624 suis
1370 3543 1530 3632 diuioiis
1565 3539 1795 3628 inridentes
1823 3543 1905 3637 di·v

89 3681 178 3739 cere
208 3653 377 3736 videtur
410 3656 521 3763 patri
555 3654 657 3765 quid
699 3661 952 3762 generas„&
981 3656 1101 3750 matri
1135 3654 1235 3764 quid
1271 3656 1449 3764 parturis
1486 3652 1587 3736 ,dum
1616 3677 1729 3744 secus
1756 3655 1885 3740 altars
1963 3724 1974 3756 ,

87 3765 277 3875 plantare
305 3767 442 3850 lucum
465 3764 721 3872 &ancillam
747 3765 934 3854 heredem
969 3793 1039 3856 sue
1074 3764 1235 3855 domine
1263 3766 1441 3873 gestiunt
1473 3764 1713 3871 subrogare,
1739 3792 1881 3873 quarn-

87 3899 212 3986 quam
243 3877 398 3958 ancille·
417 3877 523 3956 filius
549 3905 644 3964 cunr
672 3876 756 3976 lilio
784 3877 910 3960 libere
939 3903 1023 3974 non
1053 3876 1199 3958 debeat
1212 3877 1329 3970 ‚heres
1358 3895 1442 3956 esse
1457 3877 1639 3955 Carrunt
1661 3875 1882 3959 eninr‘illuc

86 3987 267 4098 quidam·
287 3989 463 4189 improbi
486 4010 600 4076 cum·
631 3987 941 4086 iraditionibus,
982 3987 1224 4082 secularium
1259 3988 1488 4097 principum
1517 3984 1634 4096 quasi
1661 3985 1882 4075 rarefacere

86 4099 143 4179 ibi
172 4100 305 4180 velint
350 4093 496 4188 ebrum
524 4098 736 4196 ferrarium
764 4118 975 4200 acuentem
1002 4093 1289 4208 gradiuntur
1323 4097 1505 4189 lanceam
1538 4121 1739 4188 vomerem
1767 4102 1806 4178 8(
1834 4098 1881 4178 li·

84 4235 234 4318 genem
267 4215 427 4309 &cum
455 4209 625 4317 inlotis
653 4209 838 4320 plurimis
866 4213 1003 4320 plures
1019 4209 1207 4307 ,habeant
1242 4211 1305 4292 sui
1328 4209 1451 4292 stadii
1480 4206 1745 4316 professores,
1772 4207 1881 4290 vltro

86 4321 288 4430 ingerunt
316 4319 492 4424 liliorum
520 4319 649 4420 oculis
675 4347 825 4424 merces
854 4349 946 4418 suas
973 4339 1018 4403 vt
1046 4323 1231 4430 ipsarum*
1249 4319 1389 4412 ¹illecti
1432 4318 1564 4399 faleris
1592 4321 1632 4410 8(
1668 4315 1881 4402 dulcedine

82 4425 324 4542 prouocati,
347 4460 382 4526 a,
402 4421 538 4536 matris
564 4432 843 4566 pulcritnpjne
871 4461 918 4522 ac
946 4429 1096 4541 sapidis
1111 4433 1314 4524 thesibus,
1337 4429 1633 4516 abstrahantur.
1651 4445 1879 4518 nonatten*

84 4538 238 4642 dentes,
265 4541 700 4652 quodnoangustatum
719 4560 788 4650 ,est
803 4544 884 4646 illie
912 4561 1094 4638 stratum,
1127 4551 1166 4624 8(
1194 4537 1417 4632 lere'artus
1431 4541 1481 4619 sit
1496 4539 1607 4617 locus
1624 4536 1774 4632 ibidem
1788 4539 1880 4624 filiis
1949 4531 1962 4560 ‘
2012 4641 2016 4646 Ι
2086 4525 2103 4564 ”

82 4652 508 4761 Ρτορὴεῑαωηι,λεειηε
517 4655 769 4762 ,licetsancta
785 4655 951 4746 eeclesia
965 4655 1098 4762 legum
1112 4653 1349 4736 secularium
1363 4665 1446 4742 nol)
1461 4663 1625 4757 respuat
1640 4647 1880 4738 famulatum

79 4791 162 4874 que
200 4761 304 4844 satis
332 4764 519 4872 equitatis
547 4769 595 4860 8(
615 4766 772 4860 iusticie
799 4767 967 4875 vestigia
996 4766 1206 4859 imitantur
1234 4765 1330 4872 qpia
1345 4779 1480 4853 tamen
1496 4758 1707 4876 instancia
1722 4767 1761 4852 8(
1775 4765 1901 4850 non·'

80 4873 208 4966 nullis
222 4873 451 4990 prouinciis
466 4875 559 4963 laici
574 4903 836 4970 romanorum
848 4879 1137 4986 imperatorum
1153 4873 1309 4983 legibus
1321 4899 1406 4998 non
1419 4875 1643 4998 vtnptuq&
1656 4875 1891 5055 ooopmunt·

217 5016 275 5074 so.
294 5013 414 5086 nana.
1240 5029 1242 5038 ·
1306 5063 1310 5066 .
1698 5008 1719 5055 2
