4398 5958
699 500 830 554 πη
942 473 1015 571 531
1130 520 1187 554 ‚-

349 643 365 684 s
413 665 418 674 ,
745 667 753 679 ,
1368 672 1370 680 γ
1830 650 1837 668 .

85 703 176 786 dam
203 679 420 782 terminum
448 693 636 778 videlicet
663 693 771 776 diem
798 695 957 792 veneris
984 709 1078 804 post
1109 710 1296 790 octauam
1323 693 1432 789 beati
1460 691 1656 790 lamencii
1677 687 1872 794 duximus

54 810 353 902 ‚statuendum
398 807 541 889 Citatis
570 807 694 914 igitur
722 807 880 889 interim
910 809 950 885 8(
978 821 1078 898 tunc
1116 802 1371 914 presentibus
1412 801 1600 904 omnibus
1617 802 1703 914 ‘qu
1729 803 1872 906 uoln-
1935 805 1942 824 ⁶

83 935 181 1006 runt
209 921 439 1004 debuerunt
469 924 509 998 8(
537 935 760 1026 potuerunt
788 916 1003 1010 commode
1025 918 1215 1002 interesse
1235 916 1437 1011 eleccioni.
1464 914 1509 1024 jn
1534 915 1873 1022 capittdotnostro

83 1058 158 1113 nos
201 1030 426 1138 recepimus
469 1027 519 1112 de
554 1027 755 1111 eleccione
777 1035 778 1038 ‘
797 1027 927 1113 futuri
968 1027 1172 1138 pontificis
1192 1108 1196 1120 ,
1214 1027 1435 1117 tractaturi.
1476 1033 1515 1110 &
1553 1044 1650 1136 post
1672 1024 1875 1126 dilictio!

81 1156 291 1231 macutus.
306 1141 412 1227 iuter
438 1167 513 1221 nos
541 1140 700 1222 habitos
728 1144 769 1220 8(
795 1140 1099 1228 nominaciones
1122 1138 1376 1227 dIuersarum
1391 1137 1874 1247 personarumsimpliees

82 1261 121 1336 8(
135 1250 414 1333 discussiones.
443 1258 484 1333 8(
512 1251 798 1361 inquisiciones
827 1251 1080 1361 multiplices.
1111 1252 1261 1358 placuit
1276 1251 1394 1331 nobis
1423 1249 1612 1331 omnibus
1637 1254 1677 1329 8(
1704 1250 1874 1358 singulis

81 1391 157 1475 per
186 1366 292 1445 cmm
320 1364 597 1470 compromissi
625 1362 788 1443 ecclesie
816 1379 954 1442 nostre
990 1355 1157 1442 uiduate
1193 1360 1422 1470 prouidere.
1464 1359 1728 1469 dedimusque
1747 1378 1872 1468 pote-

81 1491 224 1558 statem
253 1472 437 1555 dominis.
465 1473 506 1554 B.
530 1472 748 1580 preposito.
792 1490 910 1579 petro
940 1471 1109 1582 legifero
1144 1477 1184 1552 8(
1210 1472 1396 1554 nicholao
1425 1471 1560 1577 algoti.
1589 1473 1876 1574 concanonie'm

83 1589 253 1682 nostris,
282 1586 437 1664 nostris·
458 1603 504 1664 ut
532 1583 651 1667 iidem
682 1582 747 1662 uel
776 1586 903 1664 maior
931 1613 1023 1692 pars
1052 1585 1233 1691 ipsorum
1260 1584 1346 1663 vice
1375 1611 1444 1663 sua
1461 1587 1501 1662 8(
1518 1598 1655 1664 nostra
1678 1606 1751 1691 per
1770 1583 1873 1683 ἀφ

82 1700 241 1778 cionem
283 1697 518 1776 eanonicam
547 1695 613 1772 uel
657 1697 979 1776 nominacioncm
1021 1695 1283 1803 sollempnem
1311 1716 1381 1775 seu
1415 1693 1734 1801 postulacionem
1777 1721 1874 1778 con·

81 1804 267 1901 cordem‚
297 1806 461 1912 ecclesie
490 1821 627 1887 nostre
671 1806 847 1901 vacanti,
891 1822 1015 1914 prout
1059 1809 1162 1886 inter
1190 1834 1232 1886 se
1261 1805 1526 1908 conuenirent
1568 1831 1692 1884 vnum
1720 1802 1770 1883 de
1797 1803 1875 1884 hiis

81 1918 225 1998 silicet.
254 1909 490 2025 brynylpho
520 1914 734 1996 benedicto
762 1917 928 1996 tuuonis
952 1935 1111 1996 tustone
1140 1924 1178 1995 8(
1206 1909 1396 2023 Magistro
1432 1913 1636 2010 nicholao,
1673 1939 1906 2020 concano-¹

82 2030 189 2109 nicis
217 2029 364 2108 nostris
394 2024 667 2134 prouiderent.
710 2027 768 2133 jta
811 2025 922 2134 quod
952 2054 1058 2105 unus
1088 2029 1268 2133 ipsorum
1296 2027 1347 2107 de
1377 2051 1591 2105 consensu.
1614 2026 1876 2134 compromis-

81 2140 288 2220 sariorum
316 2162 479 2216 suorum
507 2137 571 2215 uel
602 2138 763 2215 maioris
793 2139 918 2242 partis
945 2138 1124 2244 ipsorum
1153 2138 1240 2217 vice
1269 2165 1340 2216 sua
1368 2142 1407 2215 8(
1436 2135 1681 2241 collegarum
1710 2162 1876 2239 suorum

80 2255 122 2328 8(
151 2262 306 2341 nostra,
322 2245 434 2324 illum
462 2247 505 2323 in
534 2271 652 2355 quem
684 2248 962 2345 conuenirent
979 2248 1144 2355 eligeret
1155 2257 1232 2326 'seu
1247 2246 1471 2354 postularet
1500 2250 1540 2323 8(
1555 2245 1882 2326 eleccionemseu

81 2358 404 2468 postulacionem
439 2355 715 2464 sollempniter
744 2358 786 2435 in
815 2374 954 2437 nostra
992 2359 1196 2466 presencia
1240 2356 1478 2464 publicaret.
1527 2356 1611 2456 Qui
1652 2354 1885 2440 secedentes

79 2473 123 2549 in
158 2463 314 2576 p'artem
344 2482 468 2575 prout
497 2469 613 2548 nobis
643 2467 911 2574 postmodum
944 2466 1170 2548 retulerunt
1212 2468 1516 2578 requiescerunt
1556 2492 1678 2574 super
1706 2466 1783 2546 hoe
1812 2496 1878 2548 ca·

77 2577 521 2660 nomicorum.oousilia
551 2578 814 2684 singulorum.
852 2580 1012 2680 Quibus
1042 2577 1189 2658 auditis
1218 2576 1580 2677 &deliberacione
1609 2578 1716 2656 inter
1745 2604 1786 2656 se
1815 2577 1876 2659 di·

78 2689 259 2798 ligenter
286 2689 421 2768 habita
453 2690 494 2765 in
524 2686 729 2767 dominum
759 2689 1038 2798 brynulphum
1067 2690 1379 2769 concanonicum
1402 2702 1583 2766 nostrum
1613 2691 1652 2766 8(
1679 2685 1877 2791 decanum

79 2801 361 2907 lincopensem
389 2825 529 2900 ¹omnes
559 2799 1115 2884 unanimitcr'conuenerunt.
1160 2801 1290 2878 virum
1320 2799 1457 2910 vtique
1503 2797 1620 2907 plene
1647 2801 1688 2889 8(
1720 2815 1877 2880 mature

78 2911 215 3008 etatis,
245 2923 387 3018 utpote
402 2910 487 3020 'qui
503 2910 580 2987 iam
597 2912 859 2990 triscesimum
876 2911 1159 2998 etatisannum
1175 2912 1308 3020 exegit
1337 2909 1548 3016 virumque
1564 2899 1876 3006 sufficientis'lit·

69 3039 268 3102 terature
297 3021 336 3124 8(
366 3019 569 3125 ydoneum
598 3018 648 3099 de
679 3014 935 3100 matrimonio
977 3019 1173 3129 legittimo
1215 3036 1455 3127 susceptum.
1498 3015 1540 3127 in
1576 3045 1691 3124 sacro
1719 3018 1877 3109 ,ordine

76 3131 365 3240 dyachonatus
394 3131 678 3224 coristitutum‚
714 3123 874 3212 devita
910 3135 948 3224 8(
978 3123 1156 3230 moribus
1185 3149 1283 3240 aput
1312 3131 1509 3238 plurimos
1535 3122 1877 3228 commendatum,

76 3247 219 3347 Quem
229 3240 416 3321 dominus
425 3245 563 3348 petrus
573 3241 711 3350 legifer
721 3242 942 3321 secuudum
952 3241 1118 3321 formam
1129 3241 1466 3350 incompromisso
1481 3239 1878 3348 appositaminhunc

77 3353 252 3435 modum
269 3351 398 3459 elegit.
431 3353 550 3430 Anno
566 3351 718 3433 domini
748 3351 1169 3448 III⁰.CC⁰.LXXVIII⁰‚
1186 3354 1295 3446 XIII,
1311 3350 1468 3433 kalend.
1483 3352 1719 3459 septembris
1735 3349 1799 3432 dic
1815 3344 1877 3440 sa·
1956 3445 1960 3452 ,

75 3465 169 3546 bati
203 3477 295 3570 post
323 3462 639 3572 assumpcionem
670 3463 785 3542 beate
813 3463 935 3542 Mario
966 3456 1050 3572 Ego
1080 3481 1220 3571 petrus
1250 3463 1398 3573 legifer
1431 3463 1648 3547 eanonicus
1683 3463 1876 3548 scarensis

75 3572 129 3656 de
161 3571 377 3652 uoluntate
405 3579 444 3652 8(
464 3579 671 3652 'consensu
715 3571 958 3680 collegarum
999 3601 1189 3662 meorum.
1232 3566 1500 3655 dominorum.
1529 3572 1570 3657 Β.
1599 3564 1796 3684 perpositi
1840 3574 1879 3653 8(

75 3681 262 3765 nicholai
286 3683 411 3790 algoti
440 3685 480 3761 in
511 3707 614 3792 quos
643 3684 971 3790 compromissum
1002 3683 1129 3763 suita
1163 3683 1352 3798 capitulo.
1382 3683 1484 3769 sicut
1498 3700 1558 3764 est
1585 3685 1769 3792 superius
1785 3688 1881 3794 pre·'

76 3797 270 3876 libatum.
302 3799 338 3874 8(
370 3793 454 3873 vice
487 3822 569 3875 mea
599 3799 637 3872 8(
667 3794 843 3902 ipsorum
875 3800 913 3872 8(
942 3795 1118 3872 omnium
1135 3794 1304 3874 aliorum
1333 3795 1374 3874 in
1404 3793 1603 3878 eleccione
1631 3795 1695 3874 ius
1723 3785 1875 3876 haben·

74 3909 191 3989 oium
231 3910 270 3985 8(
298 3904 363 3983 hic
414 3905 700 4012 presencium.¹
726 3931 900 4013 quorum
944 3899 1265 4013 subscriptiones
1302 3905 1473 3985 inferius
1520 3921 1624 3984 sunt.
1655 3909 1694 3987 8(
1722 3932 1772 3984 ex
1801 3931 1875 4020 po·

75 4012 231 4100 testate
266 4014 361 4093 mihi
390 4014 537 4095 tradita
567 4019 606 4093 8(
635 4013 797 4122 collegis
826 4015 922 4093 meis
951 4017 1133 4096 inuocato
1157 4017 1283 4096 sancti
1312 4015 1477 4127 spiritus
1504 4017 1638 4123 gracia
1668 4012 1883 4116 dominum

72 4127 364 4252 brynulphum
393 4125 712 4205 concanonicum
741 4143 923 4206 nostrum
953 4129 992 4203 8(
1022 4124 1217 4205 decanum
1236 4121 1540 4238 ⁴lincopensem·p
1564 4128 1611 4233 'in
1640 4115 1761 4234 quem
1790 4109 1888 4242 nps'·h

73 4239 117 4319 B.
155 4237 391 4346 prepositus
419 4239 459 4315 8(
487 4233 696 4316 nicholaus
725 4235 858 4342 algoti.
890 4236 929 4314 8(
957 4263 1032 4315 eo
1076 4254 1215 4344 petrus
1244 4235 1383 4342 legiler
1424 4238 1770 4339 conuenirpuaiu
1797 4230 1888 4349 nos,

72 4353 226 4440 strum,
251 4351 289 4424 8(
317 4345 480 4426 ecclesie
514 4364 652 4427 nostre
689 4346 922 4456 episcopum
966 4264 1071 4456 eiigo
1101 4349 1140 4424 8(
1169 4362 1380 4456 pastorem.
1410 4335 1456 4465 &⁵
1476 4328 1887 4466 ipsam‘eleccionem¹

71 4455 319 4562 inscriptis
349 4454 492 4536 factam
523 4464 561 4537 8(
590 4456 868 4563 sollempniter
898 4463 937 4535 8(
966 4457 1009 4536 in
1037 4451 1434 4566 communj'buplioo.
1466 4444 1749 4566 Dict'amzuer'o
1773 4455 1876 4574 elepss

74 4574 247 4652 cionem
276 4565 379 4646 sicut
410 4567 601 4647 canonice
636 4573 674 4646 8(
703 4566 979 4675 sollempniter
1023 4563 1262 4647 celebratam
1301 4567 1543 4658 unanimiter
1585 4560 1875 4688 recepimus&¹

71 4674 417 4790 approbatrimus.
446 4691 486 4753 te
514 4677 633 4758 deum
654 4703 765 4756 more
792 4676 911 4758 solito
939 4673 1201 4762 decantando.
1230 4677 1464 4757 Paternitati
1493 4677 1617 4783 igitur
1640 4694 1771 4758 uestre
1799 4666 1886 4760 du‘·¹

71 4791 222 4874 ximus
237 4782 518 4892 suplicandum
546 4805 591 4865 ut
619 4786 858 4868 eleccionem
887 4789 1159 4900 supradictam
1183 4784 1401 4894 dignemini
1417 4785 1665 4872 confirmare.
1696 4793 1736 4866 8(
1763 4787 1874 4870 dicto

70 4902 220 4981 electo
248 4911 387 4976 nostro
423 4922 567 4973 munus
609 4897 923 4980 consecracionis
957 4924 1032 5006 per
1074 4925 1225 4976 sacram
1268 4923 1458 4982 manuum
1500 4897 1785 5007 inposicionem
1813 4901 1874 4979 in·

72 4999 235 5123 pertiri
262 5023 307 5089 rt
335 5005 411 5087 deo
440 5020 604 5086 auctore
633 5002 751 5084 nobis
779 5002 891 5085 uelut
920 5022 1058 5112 pastor
1087 5005 1269 5112 ydoneus
1297 5013 1336 5088 8(
1363 5009 1438 5090 toti
1467 5005 1629 5114 dyocesi
1642 5009 1684 5088 in
1704 5009 1780 5098 hiis
1793 5035 1873 5120 que
