4382 5964
807 515 878 594 -’
976 527 1055 614 585
1164 565 1225 600 ⁸-
1358 457 1361 466 '

123 772 252 906 7²4·
460 907 463 918 .
756 753 902 904 1285
953 755 1003 865 d.
1057 757 1126 866 13
1171 757 1276 874 tul..
1496 907 1500 917 ἱ
1734 759 1910 873 ΑΙειιὸ.
2067 859 2070 866 ,

197 977 280 1043 lion.
301 979 433 1042 monus
452 977 491 1040 its
512 933 679 1075 l'iirlinlng
700 955 738 1042 al
752 997 791 1042 eu
811 977 940 1062 jondlolt
959 977 1008 1044 till
1028 973 1158 1044 Prcaen
1178 929 1292 1046 Panna·
1408 950 1413 958 .
1448 1011 1453 1023 ·
1489 981 1493 1016 ³
1546 917 1790 1122 stupis.
1870 1013 1873 1020 ·

190 1183 196 1196 ’
257 1195 461 1286 ‚Mncuus
484 1196 551 1282 dei
579 1197 716 1308 gracia
737 1197 1254 1311 sweorumgothonrmque
1268 1160 1367 1297 Rex,
1396 1200 1596 1282 Omnibus
1610 1193 1816 1310 presentes
1839 1199 1912 1282 iit·
2026 1239 2031 1250 ·

112 1321 221 1390 teras
252 1308 496 1416 inspecturis
523 1307 694 1392 salutem
721 1309 764 1390 in
791 1307 971 1405 domino,
1002 1309 1162 1392 'l'enore
1190 1312 1444 1420 presencium
1478 1327 1621 1393 notum
1639 1305 1807 1394 facimus
1820 1314 1910 1395 vni&
2016 1361 2019 1372 ‹

52 1495 67 1512 x
105 1419 262 1516 uersis,
291 1418 426 1522 Quod¹
442 1445 516 1501 nos
543 1417 677 1529 probo
705 1418 795 1503 viro
830 1419 982 1503 dilecto
1008 1418 1129 1504 nobis
1148 1420 1313 1505 domino
1335 1439 1452 1532 petro
1480 1423 1687 1532 preposito
1702 1420 1911 1520 detherh',
1977 1475 1979 1488 ·

117 1553 239 1608 unam
265 1527 415 1611 horam·
435 1546 555 1628 terre,
584 1533 628 1612 in
656 1530 751 1612 villa
779 1530 1095 1642 wegyaerghirli,
1126 1559 1248 1644 quam
1275 1533 1454 1641 possedit
1477 1533 1669 1630 dominus
1697 1532 1911 1634 nicholaus
2031 1591 2033 1594 -

117 1639 378 1747 michyaelsun
412 1640 503 1750 jure
530 1639 775 1724 hereditario
802 1640 1045 1744 conferimus
1072 1673 1121 1764 ac
1148 1661 1349 1754 perpetuo
1390 1641 1673 1754 possidendam
1714 1644 1766 1723 Jn
1795 1647 1912 1726 euius

1 1769 3 1852 j
118 1752 390 1834 testimonium
419 1752 594 1863 sigillum
621 1769 805 1835 nostrum
834 1772 894 1837 est
921 1769 1145 1863 appensum
1174 1753 1430 1866 presentibus
1456 1749 1511 1836 ‘ad
1547 1753 1796 1837 euidenoiam
1823 1755 1911 1863 ple·
2041 1827 2044 1834 .

53 1933 56 1946 i
118 1862 286 1963 nierem,
318 1863 596 1964 Datum-alana
617 1890 724 1948 anno
745 1863 911 1974 domini.
939 1865 1014 1946 Μ’.
1043 1865 1144 1947 CC0.
1172 1865 1342 1948 LXXX·
1362 1868 1505 1976 primo.
1520 1866 1647 1950 tercio
1661 1863 1773 1976 idus,
1797 1863 1909 1947 lulli.

516 2006 647 2091 Sigillet,
668 2007 741 2074 med
761 2005 822 2078 den
842 2007 1023 2072 urbrelvet
1048 2009 1323 2098 Hipparenum,
1345 2009 1514 2076 bertlallet.
1659 1997 1660 2003 ἵ
2015 1987 2016 1991 ¹

115 2205 256 2348 725.
440 2203 447 2208 ’
516 2207 519 2214 ’
594 2218 597 2226 ’
666 2264 669 2279 =
762 2191 907 2314 1281
959 2207 1009 2344 d
1059 2243 1131 2354 29
1176 2205 1278 2316 Jul.
1534 2197 1913 2356 deerlibping.
1976 2289 2017 2302 ..

61 2441 69 2452 ,
113 2354 115 2367 ¹
201 2392 284 2457 Kcn.
304 2393 435 2456 Missus
455 2393 495 2457 its
514 2391 703 2458 lielrfilielse
723 2391 785 2470 och
804 2391 987 2504 utvidgning
1007 2393 1046 2456 as
1060 2392 1308 2482 Prostersiapeta
1328 2351 1571 2534 Privilegienx
1625 2493 1649 2535 ι
1669 2419 1780 2544 ω)
1873 2421 1917 2454 ⁴.
2019 2447 2022 2456 ,

266 2567 483 2657 'Omnibus
513 2591 714 2687 presentes
761 2573 913 2658 litteras
956 2577 1195 2686 inspecturis
1237 2577 1407 2688 Magnus
1446 2574 1514 2660 dei
1539 2494 1675 2688 gnbcia
1703 2577 1916 2660 Sweorum

117 2684 430 2798 Gothorumque
459 2714 531 2769 rex
559 2685 727 2770 salutem
755 2688 797 2767 in
825 2682 990 2769 domino
1010 2691 1316 2799 sempiternam..
1333 2689 1419 2771 Deo
1441 2703 1607 2772 auctore
1620 2691 1772 2772 terreni
1797 2689 1917 2800 regni
1943 2687 1948 2696 '

117 2797 319 2909 fastigium
335 2796 449 2910 quod
483 2797 601 2880 nobis
621 2817 649 2878 a¹
660 2798 794 2882 celesti
810 2801 1013 2881 maiestate
1028 2800 1232 2883 traditum
1252 2826 1335 2884 esse
1353 2801 1678 2908 recognoscimus
1691 2801 1750 2883 sic
1763 2798 1915 2914 guber·

117 2937 216 2991 nare
230 2909 477 2993 intendimus
504 2909 561 2992 sie
589 2910 743 2992 animos
772 2927 932 2991 nostros
948 2909 999 2992 ad
1015 2911 1080 2994 dei
1095 2911 1383 3020 omnipotentis
1396 2910 1643 2994 adiutorium
1660 2913 1826 3020 erigere
1852 2912 1916 3006 'Vt

117 3048 252 3132 neque
280 3023 399 3116 armis
414 3049 545 3134 neque
559 3019 753 3104 militibus
768 3025 927 3104 nostris.
951 3051 1089 3135 neque
1103 3015 1304 3104 bellorum
1319 3020 1492 3106 ducibus
1506 3038 1578 3122 aut
1591 3040 1733 3108 nostro
1747 3021 1914 3132 ingenio
2007 3093 2019 3120 ,
2075 3075 2082 3094 ·
2173 3091 2176 3100 .

117 3130 379 3215 confidamus.
393 3131 463 3216 sed
478 3158 638 3214 omnem
665 3159 778 3243 spem
798 3151 975 3216 nostram
1004 3131 1056 3215 ad
1084 3133 1211 3216 solam
1225 3133 1505 3244 principaliter
1525 3129 1745 3216 referamus
1759 3158 1915 3214 summe
2003 3191 2009 3201 .

117 3243 423 3354 prouidentiam
438 3246 641 3327 trinitatis.
670 3245 747 3325 Cui
776 3273 860 3326 non
888 3247 931 3326 in
959 3243 1200 3328 fortitudine
1213 3247 1309 3355 equi
1321 3245 1513 3328 uoluntas
1537 3271 1616 3328 nee
1651 3246 1694 3326 in
1708 3241 1820 3326 tibiis
1833 3242 1915 3350 uiri

116 3356 416 3464 beneplacitum
445 3353 517 3436 sed
545 3356 798 3466 sperantibus
827 3357 870 3437 in
897 3357 1171 3444 misericordia
1199 3359 1285 3438 eius
1305 3383 1378 3444 sue,
1400 3347 1566 3438 ‘uirtutis
1593 3353 1916 3468 magnitudinem

117 3463 272 3547 donare
289 3472 620 3548 &consummare
642 3483 776 3576 potest
789 3495 853 3550 res
868 3472 1028 3578 penitus
1043 3469 1272 3579 desperatas
1286 3495 1388 3579 quas
1402 3469 1435 3550 si
1467 3465 1601 3560 uidem
1622 3465 1652 3579 ¹)
1716 3467 1821 3549 acias
1834 3466 1914 3566 sibi

115 3575 310 3660 exhibere
340 3575 557 3660 debeamus
584 3606 659 3660 nec
688 3605 800 3660 mens
814 3593 953 3660 nostra
982 3581 1116 3690 'potest
1132 3580 1345 3690 concipere
1365 3498 1593 3689 nedlingua
1620 3605 1665 3660 re
1682 3603 1782 3659 erre.
1810 3579 1915 3659 Cum

116 3715 142 3768 a
170 3688 406 3797 potentibus
434 3689 675 3772 inimicis&
702 3691 826 3771 uariis
854 3688 1008 3778 insidiis
1023 3692 1148 3806 ipsius
1175 3690 1260 3773 sola
1287 3691 1421 3801 gracia
1451 3715 1589 3772 sumus
1617 3705 1785 3771 actenus
1812 3684 1915 3769 libe·

116 3800 264 3882 rati&
292 3816 452 3884 omnem
479 3797 791 3882 sollicitudinem
832 3817 1011 3888 nostram
1042 3805 1085 3908 in
1114 3804 1246 3914 ipsum
1288 3799 1562 3912 probicientes
1603 3798 1760 3882 lirn'ram
1801 3823 1915 3910 spem

115 3909 389 4022 fiduciamque
418 3913 592 4023 gerimus
619 3937 694 3993 nos
721 3909 854 3994 adhue
882 3939 957 3996 suo
985 3912 1138 3996 auxilio
1167 3938 1283 4022 posse
1310 3911 1623 4022 pacem'nostris
1650 3908 1823 3996 subditis
1837 3934 1914 3991 uo-

116 4021 303 4105 luntariis
331 4021 541 4105 laboribus
596 4049 669 4104 uos
697 4023 979 4134 assumpsimus
1021 4049 1252 4135 preparare.
1299 4026 1359 4105 Ea
1390 4039 1560 4132 propter
1601 4020 1771 4142 dignum
1798 4017 1913 4106 dirci-

20 4183 24 4192 -
116 4159 207 4214 mus
234 4135 367 4245 ipsum
395 4051 655 4218 inormibus
682 4136 875 4250 precipue
908 4151 992 4224 tam
1020 4139 1064 4224 in
1092 4135 1213 4224 rebus
1241 4162 1364 4248 quam
1391 4135 1436 4214 in
1462 4133 1646 4244 personis
1664 4132 1697 4246 ²)
1726 4132 1912 4215 uenerari

115 4269 192 4326 suo
207 4243 406 4356 obsequio
420 4245 678 4355 peculiariter
693 4243 907 4353 deputatis.
966 4273 1039 4329 uos
1057 4243 1089 4362 3)
1118 4245 1331 4358 operissui
1344 4248 1385 4324 8<
1411 4242 1533 4328 ouilia
1548 4244 1724 4328 uicarios
1752 4267 1912 4356 preesse

114 4353 252 4437 uoluit
280 4362 319 4440 &
348 4372 529 4467 pastores
554 4383 651 4438 sane
680 4383 771 4439 eum
799 4274 972 4440 sieutdr
1782 4357 1791 4374 ’

115 4461 204 4546 str'a
230 4469 501 4550 coronacione
534 4477 673 4551 omnes
700 4469 970 4576 possessiones
1016 4468 1299 4552 ecclesiasticas
1326 4467 1371 4550 in
1398 4492 1527 4576 regno
1554 4479 1699 4550 nostro
1726 4465 1911 4548 nonusis

1 4649 2 4652 a
43 4583 47 4590 '
117 4575 305 4658 omnibus
337 4583 377 4658 &
403 4579 561 4663 iuribus
588 4574 805 4688 regalibus,
819 4576 1071 4663 reddidimus
1098 4579 1256 4662 liberas.
1294 4579 1359 4660 lta
1386 4593 1521 4660 tamen
1548 4575 1662 4689 quod
1689 4578 1798 4662 bona
1826 4603 1911 4690 que

117 4685 437 4790 deuoluerentur
464 4688 515 4770 ad
542 4689 749 4774 ecclesiam
781 4706 878 4802 post
904 4689 1156 4802 prouinciale
1183 4687 1400 4792 concilium
1418 4691 1485 4772 cui
1500 4687 1644 4797 telghis
1660 4685 1694 4804 l)
1723 4713 1817 4770 curn
1838 4693 1911 4794 ue·

114 4797 368 4890 nerahilibm
393 4797 580 4908 patribus
607 4799 773 4885 domino
800 4801 1107 4915 archiepiscopo
1135 4801 1338 4912 upsalensi
1365 4803 1407 4890 δὲ
1434 4801 1517 4888 suis
1539 4787 1803 4910 suffraganeis
1843 4799 1910 4882 in·

160 4991 188 5087 '*)
208 5007 322 5074 ancs
338 5005 432 5072 utrm
451 5006 539 5090 Any·
559 5027 587 5074 a
612 5023 639 5072 rt
659 5025 689 5094 p
709 5009 721 5070 i
741 5008 873 5092 original
892 5011 966 5076 mad
985 5011 1147 5082 unsrun
1172 5011 1179 5028 “
1203 5005 1309 5087 ‘llocb
1328 5007 1466 5093 libanda
1485 4986 1842 5094 olikbcterttllaudes'
1855 5013 1910 5078 aut

1203 5083 1208 5094 ι

192 5091 283 5264 tillus
296 5093 329 5170 2.)
348 5089 560 5163 eecteuamcia
579 5091 656 5160 tius.
674 5091 707 5172 3)
728 5089 799 5157 fidei
819 5091 1002 5164 demetitur
1021 5115 1059 5162 ac
1078 5085 1156 5163 ttici.
1196 5093 1428 5184 lpeuonaliter
1445 5095 1534 5183 ¹tillo]
1605 5151 1609 5160 .
1639 5144 1708 5280 id
1740 5125 1784 5167 .:.
1830 5135 1836 5148 ·

136 5249 140 5258 .
219 5203 479 5280 samm·
613 5238 615 5245 ·
1045 5243 1047 5250 ,
1278 5215 1282 5222 ·
1373 5218 1424 5248 ’·ι
1647 5246 1663 5256 ,,
1827 5223 1831 5252 ε

964 4359 1105 4470 'gnea
1138 4357 1330 4439 memoria
1358 4379 1443 4436 non
1471 4352 1624 4438 excidit
1651 4356 1823 4466 priusm
1836 4365 1911 4434 no.·
2036 4381 2041 4396 ι
2077 4371 2081 4383 ·
