4384 5946
708 404 1209 574 ,ιι-57...

129 691 272 771 cionem
299 688 410 769 Inter
438 702 569 769 cetera
603 688 646 769 in
688 685 839 797 quibus
873 682 1013 767 diuina
1039 685 1167 794 pietas
1195 685 1457 768 ministerium
1483 700 1733 768 sacrosancte
1754 674 1910 766 Roma·
1992 677 1996 680 ’

126 829 172 881 ne
197 801 261 878 eui
290 814 453 880 auctore
481 798 558 881 deo
587 797 835 908 presidemus
863 799 1027 878 ecclesie
1056 797 1321 878 honorificare
1337 793 1536 904 dignatur.
1559 795 1691 878 Nichil
1707 815 1767 880 est
1781 824 1908 906 prop·

127 907 182 994 ler
207 909 317 1020 quod
345 912 388 990 in
416 909 641 1018 graciarum
669 911 871 990 actionem
899 927 939 990 et
968 913 1158 990 creatoris
1187 909 1345 990 laudem
1373 905 1510 996 nostra
1538 929 1646 989 mens
1667 912 1909 1018 propensius

11 1059 12 1064 ¹
127 1023 311 1104 excitetur
353 1049 475 1132 quam
517 1022 551 1100 si
580 1049 653 1130 per
681 1048 756 1100 nos
789 1039 859 1102 aut
885 1021 1028 1102 fratres
1056 1039 1215 1102 nostros
1243 1021 1406 1102 ecclesie
1434 1043 1503 1100 sue
1530 1023 1721 1102 terminos
1739 1021 1908 1104 ,dilatari
2029 1119 2030 1122 p
2104 1057 2109 1072 ·

11 1215 17 1238 y
85 1165 96 1186 r
126 1131 319 1214 concedat.
349 1149 389 1212 et
422 1132 553 1214 diuini
581 1161 713 1212 semen
742 1133 895 1242 eloquij
924 1161 998 1242 per
1025 1133 1299 1243 prouisionem
1328 1130 1431 1212 sedis
1445 1128 1663 1238 apostolice
1685 1123 1843 1243 gratum
1857 1132 1910 1211 si·
1941 1149 1943 1152 ’

109 1247 165 1352 Ιδί
190 1258 290 1322 amet
309 1241 341 1352 π)
372 1243 547 1324 fructum
575 1243 718 1328 afferre
746 1244 870 1347 Quod
900 1245 1088 1325 nimirum
1118 1237 1214 1355 quia
1241 1246 1285 1323 in
1312 1243 1489 1324 aduentu
1517 1242 1754 1324 venerabilis
1775 1242 1910 1324 fratris
1961 1345 1962 1352 ἵ

126 1356 241 1436 nostri
269 1354 423 1436 Nicolai
451 1356 631 1463 episcopi
658 1356 882 1437 albanensis
910 1354 962 1436 ad
990 1383 1064 1436 uos
1092 1383 1166 1463 per
1195 1353 1482 1462 omnipotentis
1515 1351 1581 1432 dei
1610 1356 1785 1460 graciam
1812 1373 1910 1434 eon·

129 1468 307 1574 spicimus
336 1465 608 1575 adimpletum.
638 1469 791 1547 auctori
820 1467 999 1548 omnium
1027 1467 1229 1574 bonorum
1264 1467 1487 1574 graciarum
1522 1463 1703 1544 acciones
1737 1465 1911 1546 exsolui·

11 1669 12 1672 g
129 1605 206 1656 mus
235 1597 274 1657 et
305 1571 390 1658 tam'
415 1580 521 1658 circa
548 1604 622 1656 nos
651 1606 772 1686 quam
800 1581 905 1659 circa
934 1607 1008 1658 uos
1037 1580 1162 1687 ipsius
1190 1578 1428 1680 beneficium
1448 1573 1689 1657 omnimodis
1711 1600 1913 1656 commen·

127 1687 268 1768 damus.
313 1689 387 1796 qui
427 1688 477 1770 de
520 1688 696 1768 tenebris
737 1705 778 1770 et
819 1690 1129 1770 vmbra·mortis
1157 1718 1229 1769 vos
1258 1689 1419 1769 vocauit
1447 1689 1489 1766 iu
1517 1686 1755 1768 admirabile¹
1778 1686 1913 1769 lumen
2016 1739 2022 1746 -

127 1825 243 1878 suum.
288 1817 329 1879 et
363 1827 454 1880 cum
493 1799 628 1879 essetis
663 1801 815 1880 mortui
851 1818 1028 1908 peccato.
1057 1795 1358 1880 con'uiuilicauit
1387 1825 1461 1878 uos
1490 1798 1651 1883 cbristo,
1677 1821 1680 1832 ·
1709 1799 1913 1906 Rogamus

127 1925 250 1989 autem
284 1928 330 1992 vt
365 1913 437 2020 qui
471 1911 578 2017 cepit
612 1911 654 1989 in
689 1911 807 1992 uobis
841 1939 946 2017 opus
981 1914 1133 1993 bonum
1168 1911 1358 2018 perficiat
1394 1927 1433 1990 et
1459 1906 1516 2016 jta
1544 1937 1701 2019 semper
1728 1908 1914 1991 doctrine

128 2021 338 2127 apostolice
371 2049 447 2103 uos
480 2019 613 2101 faeiat'
633 2021 823 2103 adherere
852 2021 908 2128 jta
936 2051 1011 2103 uos
1039 2023 1082 2103 in
1110 2049 1281 2132 corpore
1299 2021 1448 2102 'christi
1491 2017 1620 2131 quod·
1646 2033 1706 2103 est
1747 2021 1914 2102 ecclesia

11 2171 13 2202 1
81 2139 89 2154 “
128 2156 194 2237 per
235 2159 469 2240 compagem
512 2133 686 2213 caritatis
722 2131 867 2214 solidet
900 2151 940 2213 et
969 2133 1177 2215 confirmet
1204 2149 1251 2214 ut
1279 2151 1319 2214 ct
1346 2128 1459 2243 quod
1491 2131 1660 2213 fideliter
1687 2131 1913 2213 credidistis
1977 2182 1981 2190 ·

11 2237 12 2270 ³
129 2239 174 2320 ad
213 2243 380 2326 salutem
416 2243 637 2322 animarum
680 2259 903 2323 uestrarum
945 2233 1137 2326 studeatis
1167 2246 1312 2351 iugiter
1341 2242 1568 2351 adimplere.
1597 2259 1640 2327 et
1667 2261 1760 2350 post
1787 2242 1914 2351 depo-

11 2393 12 2414 ι
128 2351 309 2433 sirionem
337 2353 456 2462 huius
490 2354 765 2461 corruptibilis
793 2354 1040 2464 tabernaculi
1068 2356 1251 2468 reumate
1279 2353 1329 2434 ad
1359 2353 1551 2434 iudicium
1579 2350 1755 2454 domino.
1770 2352 1918 2465 occur-⁸

11 2551 12 2556 η
128 2487 209 2543 rere
236 2464 401 2544 valeatis
430 2465 467 2544 ei
496 2492 587 2544 cum
616 2466 804 2546 omnibus
832 2467 980 2546 sanctis
1007 2467 1051 2545 in
1079 2467 1213 2546 virum
1240 2463 1459 2574 perfectum
1488 2465 1532 2542 in
1558 2491 1783 2544 mensuram
1799 2465 1925 2545 etatis

11 2585 12 2588 ’
127 2572 382 2680 plenitudinis
426 2575 584 2675 christi;
619 2574 733 2686 quod
768 2603 844 2682 pro
879 2596 994 2662 certo
1024 2576 1221 2676 eredimus
1255 2575 1332 2678 deo
1368 2574 1535 2676 faciente
1552 2573 1914 2678 ¹ft¹1tu‚rutn.,ei;do·

11 2685 13 2736 l
127 2685 290 2764 ctrinam
333 2687 593 2796 apostolicam
629 2707 669 2768 et
704 2685 1022 2796 predicacionem
1056 2688 1277 2797 supradicti
1313 2687 1447 2766 fratris
1480 2687 1608 2767 nostri
1645 2704 1740 2767 anto
1755 2687 1914 2769 *oculos

129 2798 261 2877 mentis
291 2795 450 2904 semper
478 2797 668 2878 babentes
701 2797 934 2880 studueritis
962 2799 1132 2879 factores
1160 2825 1243 2880 esse
1271 2797 1385 2878 verbi
1412 2814 1454 2877 et
1481 2824 1565 2878 non
1593 2796 1795 2880 auditores
1823 2801 1913 2878 tan·‘

127 2921 207 2985 tum
239 2902 420 2987 fallentes
454 2911 716 3016 vosmetipsos
746 2909 788 2989 si
815 2911 905 3018 quis
934 2911 1050 2990 enim.
1079 2913 1182 2992 sicut
1210 2909 1265 2989 ait
1293 2907 1508 3018 apostolus.
1537 2907 1698 3026 auditor¹
1724 2927 1784 2990 est
1797 2907 1915 2991 verbi
2040 2971 2041 2976 a
2148 2925 2151 2934 '

11 3103 13 3108 .
127 3031 165 3094 et
203 3044 287 3098 non
322 3017 460 3099 factor.
493 3019 878 3100 bie.assimilabitur
911 3023 998 3101 viro
1034 3021 1303 3101 consideranti
1340 3019 1497 3101 uultum
1525 3016 1746 3102 natiuitatis
1772 3048 1841 3101 sue
1870 3021 1915 3098 in

126 3131 299 3236 speculo·
361 3128 640 3212 Considerauit
668 3133 773 3212 enim
803 3158 844 3211 se
873 3149 912 3211 et
940 3107 1039 3214 abiit
1066 3150 1106 3212 ct
1135 3138 1329 3212 continuo
1357 3130 1507 3210 oblitus
1535 3147 1596 3210 est
1622 3131 1753 3240 qualis
1782 3131 1915 3236 fuerit.

11 3341 13 3346 Ι
125 3237 183 3318 Ne
209 3243 335 3348 igitur
363 3241 414 3322 de
443 3243 560 3324 uobis
588 3244 665 3324 hoe
694 3242 857 3324 accidat
888 3271 1093 3324 monemus
1121 3271 1194 3324 ros
1222 3261 1263 3324 et
1289 3243 1547 3324 exhortamur
1575 3243 1618 3324 in
1632 3242 1798 3332 domino
1814 3270 1918 3352 qua·

11 3351 13 3438 l
126 3364 235 3431 tenus
267 3381 340 3462 per
368 3351 539 3433 eundem
566 3351 729 3434 fratrem
757 3372 939 3436 nostrum
967 3355 1108 3464 ymbre
1136 3356 1238 3435 sacri
1267 3352 1419 3464 eloquij
1447 3353 1602 3459 irrigati
1630 3352 1805 3434 fructum
1833 3354 1915 3435 vite

11 3519 13 3570 ξ
126 3456 250 3544 facere
290 3463 481 3545 studeatis
517 3471 557 3544 'et
593 3469 813 3572 cogitantes
845 3463 954 3574 apud
982 3495 1055 3546 vos
1083 3467 1255 3576 qualiter
1284 3491 1375 3546 cum
1403 3463 1557 3544 fueritis
1586 3465 1777 3578 aliqando
1806 3481 1917 3546 tene·
2004 3519 2006 3526 ,

11 3575 13 3666 ζ
127 3567 195 3651 bre
221 3601 334 3656 nunc
363 3576 446 3656 sitis
476 3576 545 3656 lux
575 3577 617 3656 iu
646 3577 932 3685 dominoque
959 3605 1117 3660 sursum
1146 3597 1240 3658 sunt
1266 3576 1436 3686 sapiatis.
1467 3603 1658 3686 nonque
1687 3592 1808 3687 super
1836 3581 1916 3656 ter&

11 3687 13 3768 ζ
126 3707 218 3764 ram.
249 3706 291 3768 et
318 3713 391 3795 per
421 3715 561 3768 verum
590 3689 667 3770 noli
696 3716 741 3772 ac
771 3689 972 3770 ministros
1003 3691 1128 3797 ipsius
1157 3692 1208 3770 ab
1237 3687 1504 3769 inundacione
1532 3685 1733 3795 diluuij‘in
1755 3689 1915 3768 archam

11 3783 13 3846 ἶ
126 3794 288 3878 ecclesie
322 3802 554 3906 congregati
589 3817 779 3910 precepta
813 3797 1012 3881 dominica
1036 3819 1087 3882 ‘et
1115 3797 1258 3908 prefati
1284 3799 1418 3880 'fratris
1446 3799 1574 3878 nostri
1602 3816 1759 3880 statuta.
1788 3797 1838 3879 de
1867 3797 1916 3900 li-

126 3905 279 3990 bertate
321 3911 586 3991 eeclesiarum.
627 3913 890 3992 matrimonio.
908 3909 941 4020 ²)
987 3913 1105 3991 armis
1141 3939 1223 3992 non
1253 3909 1461 4021 portandis
1489 3925 1529 3990 et
1556 3907 1642 3990 aliis
1670 3909 1721 3990 ad
1750 3907 1917 3993 salutem
1992 3911 1998 3939 ¹

11 4017 13 4030 ’
128 4021 268 4127 populi
312 4021 584 4129 spectantibus
619 4024 784 4102 firmiter
819 4019 1042 4103 obseruatis
1070 4023 1230 4104 Cernite
1260 4023 1473 4132 pereuncia
1501 4038 1613 4100 extra
1641 4021 1760 4100 arche
1788 4018 1915 4099 ambi·

11 4187 13 4204 .
129 4143 210 4208 tum
231 4133 440 4212 animalia.
475 4148 515 4211 et
544 4133 659 4214 inea
688 4133 844 4214 collecti
873 4134 1081 4218 immensas
1110 4137 1263 4240 gracias
1292 4133 1487 4214 exsoluite
1515 4129 1719 4212 collectori
1749 4147 1789 4210 et
1816 4143 1914 4210 c'on·

128 4239 295 4326 siderate
330 4241 439 4350 apud
473 4271 545 4324 vos
578 4245 864 4352 benignitatem
902 4245 1028 4352 ipsius
1059 4246 1130 4354 qui
1158 4264 1204 4327 ut
1231 4243 1443 4326 redimeret
1470 4241 1520 4324 de
1549 4269 1669 4321 manu
1697 4241 1847 4322 inimici
1876 4252 1917 4320 et

133 4349 179 4430 de
205 4354 439 4462 regionibus
468 4371 730 4464 congregaret
758 4384 841 4435 non
870 4353 1053 4463 despexit
1079 4383 1156 4466 pro
1185 4358 1303 4438 uobis
1318 4385 1407 4436 oum
1424 4353 1555 4435 adhuc
1570 4368 1798 4460 peccatores
1813 4377 1916 4432 esse·

130 4461 189 4543 tis.
217 4465 355 4547 vestiri
383 4473 512 4546 carne.
541 4470 698 4576 turpari
726 4495 853 4549 eruce.
882 4467 1043 4547 multari
1072 4483 1210 4548 morte.
1269 4469 1320 4548 Et
1348 4469 1538 4580 quoniam
1567 4491 1639 4544 vos
1654 4464 1827 4572 gratuita
1842 4464 1915 4576 bos

129 4573 250 4656 nitate
292 4603 364 4655 sua
405 4577 508 4657 lilios
550 4579 825 4687 apostolorum
860 4597 900 4660 et
928 4579 1111 4687 corporis
1139 4581 1202 4662 sui
1231 4580 1407 4661 membra
1435 4575 1642 4659 constituit
1668 4577 1712 4692 in
1739 4573 1918 4656 eiusdem

11 4749 13 4778 l
130 4753 404 4778 ..κ-..-

11 4787 13 4806 t

215 4821 241 4894 r)
266 4813 361 4879 Detta
381 4819 441 4880 ord
458 4823 497 4880 iit·
516 4819 551 4880 ui
571 4817 725 4902 tvetydigt
745 4817 893 4899 skrifuet,
913 4839 945 4881 se
966 4799 1039 4883 Tau
1061 4837 1083 4880 1.
1105 4841 1135 4882 n.
1159 4836 1187 4890 r,
1209 4830 1253 4879 att
1273 4816 1326 4880 det
1346 4809 1451 4898 lescen
1463 4818 1562 4879 altulle
1581 4817 1684 4881 benna
1703 4819 1803 4880 Ilisos:
1813 4817 1918 4882 donet·
1994 4849 2002 4862 ·

210 4903 251 5048 dc
269 4901 517 5046 Fffl'lmffl
537 4906 622 5064 pig-ip
647 4925 678 4964 se
705 4905 777 4966 Tae.
807 4920 829 4964 1.
851 4925 881 4967 n.
906 4920 927 4964 1.
949 4908 988 4964 c'ir
1010 4904 1067 4965 alil
1085 4901 1272 4984 svcirtydig,
1293 4923 1363 4964 men
1383 4900 1540 4980 urtrycter
1559 4899 1623 4964 icke
1643 4913 1831 4974 vestrarum,
1851 4921 1918 4963 som
1958 4948 1963 4957 .

251 5005 273 5046 u
391 5005 403 5054 ι
457 5027 465 5046 .
608 5029 617 5046 .
1016 5019 1020 5025 -

264 5098 313 5154 sv.
331 5099 414 5170 nspt.
1281 5103 1284 5112 ’
1684 5067 1709 5140 8
