4384 5946
840 361 1199 442 ...5-

1 665 2 672 4
129 573 275 674 linibus
303 602 509 698 peractum
536 579 585 694 3ο)
629 574 759 664 minus
789 598 915 686 ,caute
956 578 1220 677 attenderem,
1262 579 1519 667 suadentibus
1560 587 1801 700 quibusdam
1833 588 1914 697 jam

127 703 278 788 betam
321 697 459 786 cellam
486 693 538 778 ad
574 693 680 776 idem
708 691 742 804 3)
770 691 1055 774 monasterium
1090 690 1254 788 centuli
1282 694 1453 776 vicinam
1480 694 1530 808 ³¹)
1571 726 1668 782 vere
1682 699 1915 810 parochiam

127 808 270 896 vicinis
299 807 508 919 Episcopis
524 806 694 892 iuterim
723 801 1008 884 commendavi.
1036 802 1156 884 Nunc
1184 818 1325 900 autem,
1354 821 1434 886 tam
1449 827 1616 917 prepter
1644 812 1916 919 suprascripta
2002 833 2007 842 '

129 921 405 1006 Ecclesiastico
432 919 544 1000 luera
571 915 825 1025 ingentibus
852 913 1140 1010 demonstrata,
1170 941 1292 1022 qnam
1320 919 1359 996 &
1386 919 1554 1026 prepter
1581 939 1721 1002 votum
1749 922 1808 1030 pii
1836 922 1917 1004 Ge·

129 1034 274 1118 niteris
288 1030 428 1125 nostri,
456 1057 508 1109 ne
522 1027 622 1138 quid
636 1027 722 1136 ejus
737 1025 860 1109 studii
887 1021 935 1135 ³²)
951 1022 1226 1132 imperfectum
1240 1044 1453 1124 remaneat,
1482 1029 1688 1112 statuimus
1714 1058 1796 1111 una
1824 1059 1916 1114 cum

1 1143 2 1148 ‘
130 1169 329 1227 censensu
343 1139 631 1235 Ecclesiastico,
647 1137 810 1246 praefata
822 1136 960 1217 ultima
976 1135 1023 1218 in¹
1030 1135 1194 1243 regione
1209 1135 1382 1217 Saxonis
1396 1155 1506 1220 trans
1533 1138 1692 1223 Albiam
1706 1139 1755 1251 33)
1771 1141 1916 1224 inloco

129 1269 365 1360 nuncupate
396 1249 669 1355 Hammaburg
697 1275 788 1327 cum
815 1249 1002 1327 universa
1018 1227 1399 1354 'Nerdalbingerum
1461 1251 1641 1331 revincia
1669 1253 1852 1332 Ecclesiae
1866 1251 1916 1362 34)
2040 1329 2044 1338 ,

130 1363 291 1476 proprii
327 1361 479 1468 vigoris
520 1360 761 1440 constituere
804 1357 937 1439 sedem
979 1356 1369 1464 Archiepiseopalem
1398 1354 1459 1457 ³⁵,
1487 1362 1553 1440 cui
1580 1359 1631 1441 ad
1651 1357 1701 1470 ³⁶)
1743 1364 1916 1469 primum

130 1501 301 1587 praeesse
330 1489 449 1580 atque
470 1469 686 1550 solenniter
700 1469 926 1549 consecrari
939 1495 1011 1575 per
1027 1495 1165 1547 manus
1181 1469 1383 1576 Diogenis
1397 1469 1431 1540 ³7
1475 1469 1671 1568 Metensis,
1687 1476 1727 1551 &
1755 1499 1919 1554 summae

132 1602 360 1692 sanctaeque
374 1581 558 1688 palatinae
572 1579 779 1686 dignitatis
802 1579 1043 1658 Ansoanruu
1056 1575 1220 1658 fecimus
1234 1579 1591 1689 Archiepiseepum
1605 1581 1826 1664 astantibus
1840 1584 1918 1660 Ar·
1973 1623 1978 1630 «

131 1693 397 1802 cbiepiscepis
412 1692 552 1772 Ebone
562 1689 610 1879 33)
626 1689 819 1784 Remensi,
830 1687 940 1768 Hetti
949 1688 1177 1768 Trevirensi
1186 1685 1234 1799 39)
1251 1695 1290 1768 8ι
1305 1689 1749 1800 OttgarcMeguntiensi
1759 1689 1809 1802 4⁰)
1824 1719 1917 1774 oum

130 1805 316 1916 plurimis
343 1802 430 1882 aliis
445 1829 589 1909 genera
605 1803 619 1880 i
633 1801 675 1879 in
691 1816 893 1881 conventu
922 1801 1045 1879 totius
1073 1798 1236 1906 Imperii
1250 1802 1377 1880 nostri
1392 1801 1633 1891 Praesulibus
1656 1807 1918 1911 congregatis:
2002 1887 2033 1901 ..

130 1915 406 2000 assistentibus
451 1938 586 2020 uequc
609 1911 831 2018 specialiter
854 1910 1254 1990 &consentientibus
1282 1928 1403 2020 atque
1426 1916 1750 1995 consecrantibus
1778 1913 1917 1994 Helin-

131 2025 266 2136 gando
282 1941 449 2134 ⁴P)&⁴²l
470 2021 679 2102 Willerieo
703 2019 924 2128 Episcopis,
953 2049 976 2099 a
1005 2021 1154 2128 quibus
1181 2018 1261 2127 jam
1276 2020 1391 2101 diotae
1419 2041 1554 2129 partes
1581 2052 1604 2102 a
1631 2026 1749 2107 nobis
1762 2020 1812 2131 43)
1840 2023 1919 2104 sibi

130 2140 229 2220 elim
244 2135 552 2217 communicatas
566 2133 799 2240 recepimus.
830 2131 905 2209 Cui
920 2129 1105 2212 videlicet
1127 2132 1335 2236 Ansgario,
1351 2134 1447 2240 quia
1462 2131 1635 2241 praefatis
1651 2139 1692 2215 in
1708 2134 1918 2232 Gentibus,

131 2249 217 2329 haec
243 2245 392 2327 nestris
419 2245 461 2322 in
478 2243 619 2327 diebus
646 2239 875 2350 dignissima
903 2244 946 2321 in
974 2244 1184 2323 vocatione
1213 2241 1432 2323 Gentilium
1460 2244 1523 2323 vel
1551 2243 1795 2329 redemtione
1823 2272 1917 2352 cap·

1 2361 2 2364 ‘
132 2362 308 2439 tiverum
335 2371 553 2435 monstrata
581 2370 675 2433 sunt
710 2351 840 2449 lucra,
876 2369 958 2432 tam
993 2372 1150 2448 nostra,
1187 2380 1308 2461 quam
1344 2353 1488 2432 sanctes
1516 2354 1704 2435 Romanae
1731 2355 1918 2435 Ecclesiae
2006 2433 2009 2443 ,

131 2469 388 2561 auctoritate,
436 2465 540 2546 hanc
590 2463 678 2544 Dee
728 2462 889 2570 dignam
917 2461 966 2573 44)
996 2467 1038 2543 in
1070 2464 1255 2570 gentibus
1284 2465 1550 2543 commisimus
1594 2465 1831 2573 legationem
1866 2461 1917 2578 43)

1 2562 2 2584 ¹
132 2607 178 2660 ac
206 2578 365 2687 proprii
379 2577 529 2684 vigoris
544 2571 769 2655 adscribere
784 2572 1037 2656 decrevimus
1048 2573 1281 2681 dignitatem
1295 2569 1350 2684 †).
1380 2575 1432 2653 Et
1446 2591 1492 2684 ut
1512 2572 1597 2658 haec
1612 2603 1719 2658 nova
1733 2593 1917 2657 constru-

1 2697 2 2756 1
130 2692 212 2770 ctio
240 2687 290 2799 43)
327 2685 559 2795 periculosis
602 2686 646 2764 in
687 2685 750 2764 his
785 2684 882 2764 locis
919 2699 1050 2792 coepta
1077 2685 1293 2766 subsistere
1320 2683 1450 2764 valeat
1475 2683 1537 2795 47),
1582 2683 1648 2795 (ne
1674 2683 1920 2794 praevalente

1 2788 2 2802 ¹
131 2800 402 2880 Barbarorum
430 2797 589 2905 saevitia
605 2791 820 2904 deperiret)
849 2794 1051 2903 quandam
1088 2794 1226 2875 cellam
1262 2793 1437 2874 Turbelt
1472 2815 1653 2876 vocatam
1680 2797 1774 2877 huic
1801 2824 1917 2877 novae

1 2905 14 2990 l,
134 2909 440 3003 constructioni,
477 2933 597 3014 quam
639 2932 720 2987 suae
755 2905 1057 3014 Arelriepiscepi
1086 2931 1439 3014 successorumque
1466 2933 1632 2986 suerum
1659 2907 1917 3014 ingentibus

1 3039 2 3046 ’
127 3019 343 3127 Legatieni
379 3017 607 3128 perenniter
641 3013 898 3113 servituram,
934 3014 985 3095 ad
1020 3032 1197 3095 nestram
1233 3034 1461 3123 nestraeque
1495 3017 1646 3098 sobolis
1682 3035 1917 3126 perpetuam

1 3123 2 3192 4
132 3127 375 3225 mercedem,
416 3126 563 3208 divinae
590 3124 808 3207 obtulimus
835 3122 886 3238 43)
928 3125 1136 3232 lllajestati.
1179 3125 1371 3206 Homines
1407 3153 1589 3234 quoque,
1626 3129 1699 3238 qui
1740 3127 1918 3236 ejusdcm

1 3243 20 3330 Γ
133 3240 242 3322 cellae
256 3238 446 3321 beneficia
474 3236 620 3317 habere
648 3235 855 3332 videntur,
885 3237 935 3316 ab
951 3238 1060 3317 omni
1088 3233 1359 3344 expeditione,
1374 3237 1437 3316 vel
1454 3238 1612 3333 militia,
1641 3241 1723 3321 sive
1738 3239 1918 3349 qualibet

2 3496 3 3510 ¹
130 3464 172 3543 in
184 3463 360 3571 provisis
387 3457 635 3573 temporibus

131 3354 395 3460 occupatione
416 3349 628 3429 liberamus
641 3344 689 3536 3)
717 3363 763 3430 ut
777 3345 881 3429 idem
897 3347 1146 3429 Venerabilis
1162 3347 1386 3456 Episcopus
1403 3345 1454 3428 ad
1469 3347 1572 3430 hanc
1588 3350 1674 3430 Deo
1690 3349 1852 3458 dignam
1866 3347 1917 3458 49)

692 3461 913 3564 egationem
925 3457 1081 3537 nullum
1096 3460 1139 3538 in
1153 3460 1230 3540 hec
1246 3461 1420 3565 patiatur
1434 3457 1771 3565 impedimentum.
1799 3463 1918 3541 Dona

2 3595 3 3628 l
131 3600 247 3668 vere,
276 3599 368 3682 quae
382 3597 431 3650 ex
446 3569 582 3650 eadem
596 3567 695 3647 cella
718 3568 864 3651 nestris
878 3569 1060 3676 partibus
1076 3568 1172 3650 darc
1189 3568 1380 3664 solebant,
1396 3575 1436 3651 &
1449 3571 1567 3650 nobis
1582 3599 1746 3680 queque
1762 3586 1928 3676 succes-¹

2 3711 3 3724 ³
131 3684 374 3791 aeribusque
400 3681 547 3765 nestris
575 3678 753 3764 similiter
781 3677 868 3759 dari
896 3679 1091 3761 velumus.
1147 3681 1221 3760 His
1248 3681 1443 3789 exeeptis,
1473 3680 1599 3788 majus
1636 3683 1846 3790 miransque
1874 3682 1919 3760 in
2030 3725 2035 3738 ·

126 3862 402 3886 μ

170 3929 221 4004 3ο)
240 3924 327 3987 deest
346 3932 518 4007 peractum
541 3920 744 4002 ‘laLlndam
766 3922 1015 4007 immediatam.
1037 3922 1182 4002 32)daest
1200 3943 1270 3988 vex
1278 3925 1384 3988 studii.
1408 3924 1460 4004 33)
1476 3925 1671 3989 Transalbia.
1695 3923 1746 4004 34)
1766 3919 1918 3986 Transal-
2017 3929 2023 3951 ¹

211 4009 380 4071 bianerum
411 4005 559 4068 Ecclesia.
593 4003 643 4083 35)
674 4002 757 4066 deest
778 4005 1090 4090 Amhiepiscopalem·
1113 4005 1164 4086 36)
1186 4000 1229 4070 &.
1252 4009 1303 4090 37)
1326 4010 1488 4090 Diogenis.
1510 4006 1561 4086 38)
1582 4007 1723 4070 Ebbene.
1748 4007 1799 4088 39)
1821 4003 1904 4066 Tre·

212 4091 346 4152 verensi·
378 4085 431 4165 4ο)
450 4088 704 4170 Mogontiacensi.
727 4087 780 4166 41)
800 4089 1005 4170 Heliogando,
1024 4089 1099 4151 ER
1122 4089 1174 4168 42)
1203 4092 1287 4168 sive3
1308 4111 1482 4176 perperam.
1502 4089 1554 4168 43)
1575 4083 1611 4150 &
1648 4113 1667 4151 a
1716 4099 1783 4150 atre
1807 4093 1915 4146 nestro

211 4169 271 4236 sed
289 4171 383 4234 nate.
403 4169 454 4249 44)
496 4171 618 4232 relatis.
649 4168 701 4248 45)
721 4169 831 4234 desunt
850 4171 1172 4257 ancuutmaperadt
1192 4171 1244 4252 46)
1264 4183 1369 4236 seara
1389 4174 1578 4236 constitutio.
1602 4169 1655 4254 47)
1728 4181 1783 4232 unt
1799 4185 1917 4252 paren·
2048 4217 2051 4226 .

213 4257 294 4317 tlaesi
311 4255 437 4315 inclusa.
458 4191 511 4331 43)
530 4252 697 4316 efferimus.
719 4254 744 4328 *l
767 4253 957 4318 absolvimus
976 4243 1032 4316 Pa
1053 4253 1131 4316 Coes.
1150 4256 1204 4339 49)
1224 4254 1441 4339 peragendam.

172 4335 213 4418 ᾧ)
235 4338 275 4399 In
295 4337 523 4417 exemplaribus
539 4355 600 4420 pre
620 4337 760 4418 genuinis
779 4337 854 4399 elim
874 4335 1004 4408 babitr's,
1020 4339 1089 4416 jana
1109 4350 1210 4400 autem
1231 4361 1252 4400 a
1268 4338 1475 4420 Stapheretio,
1495 4335 1768 4427 alibqueCrr'tt'eis,
1779 4333 1916 4431 rejectis,
2030 4340 2038 4358 '

4 4457 6 4468 ›
213 4420 373 4504 sequent&
392 4419 458 4480 lae'ic
476 4420 721 4500 interpolantur:
741 4418 784 4481 Et
804 4417 877 4500 quia
900 4439 987 4482 casus
1030 4422 1235 4483 rateriterum
1251 4433 1356 4483 cautes
1379 4442 1432 4484 nes
1453 4423 1530 4485 facit
1544 4423 1745 4496 infuturum,
1766 4439 1804 4480 ne
1826 4436 1917 4498 quas-
2042 4463 2051 4474 .

30 4503 33 4510 ’
110 4543 117 4558 .
216 4521 313 4584 quam
332 4499 559 4584 Episcopus-ram
585 4501 646 4562 sibi
680 4511 765 4564 trans
796 4500 939 4579 Albiam,
972 4441 1030 4566 vel
1056 4501 1175 4564 alicubi
1205 4505 1237 4564 in
1290 4504 1450 4567 radiatam
1479 4505 1663 4589 parochiam
1693 4502 1755 4563 sibi
1777 4499 1916 4562 vindicat

215 4593 416 4670 potestatem,
436 4593 522 4646 certe
542 4584 645 4646 limite
665 4584 931 4668 circumscriptam
950 4605 1013 4647 esse
1034 4586 1195 4648 rolumuat
1226 4524 1374 4650 vidilicet
1405 4587 1448 4650 ab
1468 4587 1561 4652 Albia
1594 4584 1722 4646 flumine
1755 4603 1853 4664 usque
1873 4580 1917 4642 ad

217 4687 307 4728 mare
328 4665 504 4742 Oceanum
525 4675 557 4728 et
577 4686 698 4728 sursum
720 4687 778 4752 per
796 4668 934 4729 nationes
955 4671 1187 4752 septentrionis,
1208 4690 1312 4731 omnes
1331 4689 1460 4752 queque
1479 4667 1608 4754 paludes
1635 4665 1717 4730 infra
1737 4669 1803 4729 sive
1825 4667 1916 4748 juxta

220 4746 353 4812 Albiam
384 4743 527 4831 positas,
543 4750 643 4811 cultas
668 4758 703 4811 et
732 4751 879 4828 incultas,
910 4748 991 4811 infra
1010 4753 1156 4813 termines
1178 4751 1314 4836 ejusdem
1336 4753 1493 4837 parocbia
1522 4751 1679 4836 ponimus:
1706 4760 1743 4810 ut
1764 4743 1914 4809 Transal·
2028 4759 2038 4774 ·
2087 4751 2094 4769 ’

214 4829 414 4996 ddemabdm
433 4850 490 4893 sna
510 4829 554 4892 ab
574 4833 699 4896 incursu
719 4851 925 4918 paganemm
946 4834 1000 4916 qui
1021 4853 1099 4920 sape
1119 4834 1273 4901 timendus
1294 4845 1355 4914 est,
1385 4834 1523 4899 murina
1544 4835 1576 4896 in
1591 4832 1640 4896 bis
1657 4833 1735 4896 tocie
1758 4829 1914 4892 occultare
