4382 5964
738 343 857 486 ⁰-
967 415 1056 514 saa·
1157 456 1216 488 -..

119 663 252 730 nostre
285 619 580 750 indignacionis
621 653 663 718 et
690 638 860 725 vleionis
888 663 1033 747 penam
1052 621 1157 740 “nont
1173 636 1339 736 euadat,
1376 666 1500 750 quam
1527 641 1590 722 ius
1606 638 1745 724 ‘dietat
1773 642 1908 748 nostri·
2001 641 2009 654 '
2064 624 2069 632 ‘
2119 701 2127 712 .

119 754 290 838 mandati
321 750 670 859 contemptoribus
697 767 738 830 et
765 750 875 859 pacis
903 747 1170 831 uiolatoribus
1199 742 1468 862 infligendam.
1503 752 1556 830 Jn
1583 751 1697 833 cuius
1725 755 1919 833 testimo-¹

116 862 425 972 niumsigillum
453 876 640 944 nostrum
667 858 928 967 presentibus
957 876 1017 939 est
1042 879 1285 968 ‘appensum
1312 861 1362 944 n'd
1391 857 1639 944 euidentiam
1664 862 1902 970 pleniorem.
2012 911 2015 918 ,

117 979 260 1082 Datum
289 976 417 1064 Alsncl
450 968 570 1054 llnno
600 969 754 1053 domini
782 970 1203 1160 Μ”ξὲιῑεξιὲξὲὲῗῑ
1234 961 1323 1053 XV.
1353 971 1432 1054 kal.
1461 971 1577 1079 iunij.

9 1605 16 1612 ,
119 1484 246 1590 790·
499 1481 509 1492 ’
693 1443 1285 1590 aaaron,
1674 1394 1938 1596 nycol,

194 1664 372 1727 Danmar·ls
392 1664 485 1727 Riles
505 1663 605 1741 aeds,
626 1665 637 1724 i
658 1663 811 1748 egenslrap
832 1661 869 1724 af
884 1663 974 1725 Gode
994 1665 1083 1742 Man,
1105 1664 1202 1726 lbllda
1221 1667 1304 1728 Dom
1326 1665 1458 1732 rdrande
1476 1665 1704 1730 dtersttllandet
1725 1669 1762 1729 af
1779 1668 1906 1730 Danska
2043 1725 2047 1730 .
2142 1649 2148 1662 ¹

245 1747 486 1827 Prinsessornas,
508 1746 646 1811 serenta
666 1747 872 1828 Drottningen
894 1746 1018 1810 sortus
1040 1745 1101 1809 och
1121 1747 1236 1810 hennes
1256 1759 1385 1832 systrars
1412 1749 1611 1891 arsvegodsh
1747 1843 1775 1894 u

1614 1847 1679 1888 .ro;
1701 1847 1746 1886 rm
1859 1845 1862 1851 ¹
1988 1875 1992 1885 .

199 2057 203 2076 ⁴
280 1962 478 2043 Omnibus
508 1964 578 2043 has
608 1965 761 2044 litteras
804 1964 950 2044 visuris
978 1963 1041 2044 vel
1078 1964 1296 2062 audituris,
1331 1965 1514 2048 ‹Jacobus
1542 1966 1615 2046 Dei
1634 1967 1772 2074 gratia
1800 1966 1904 2075 Sles-

53 2123 58 2130 -
113 2063 297 2154 tvi'censis
313 2074 549 2182 Episcopus,
578 2075 744 2156 illustris
772 2073 891 2181 Regis
920 2075 1131 2154 Danorum
1160 2075 1453 2171 Cancellarius,
1480 2073 1594 2157 Tuco
1624 2077 1822 2184 Ripensis,
1837 2079 1905 2156 Jo-

109 2185 263 2263 ‘hannes
292 2185 563 2280 Othoniensis,
593 2183 732 2287 eadem
762 2185 889 2291 gratia
918 2186 1121 2293 Episcopi,
1150 2187 1325 2269 lacobus
1354 2189 1496 2280 Comes
1523 2185 1760 2283 Hallandie,
1786 2181 1913 2270 Nico?

111 2294 199 2400 laus
228 2293 366 2374 dictus·
389 2295 492 2391 Hac,
521 2289 626 2377 Joon
654 2287 806 2391 Litlaet,
834 2292 932 2373 Vlfo
962 2295 1201 2390 Nielaessun,
1232 2298 1409 2404 Stigotus
1431 2293 1685 2393 Andressun,
1714 2299 1906 2378 Nicolaus
1941 2295 1992 2398 'j

109 2406 325 2501 Knutsun,
355 2402 561 2510 lohannes
588 2405 782 2511 Grubby,
810 2410 851 2484 8(
877 2403 1053 2492 Thomas
1079 2406 1210 2513 Muly,
1238 2409 1408 2488 salutem
1437 2408 1481 2488 in
1509 2408 1684 2491 Domino
1699 2412 1906 2518 sempiter⁴
1939 2455 1943 2464 ,

107 2542 212 2594 narn.
262 2516 455 2599 Constare
489 2516 675 2597 volumus
715 2517 929 2610 universis,
967 2515 1078 2625 qvod
1119 2534 1336 2626 postquam
1365 2545 1414 2597 ex
1443 2519 1637 2624 petitione
1686 2519 1906 2602 voluntatis
2013 2575 2017 2586 ‚

107 2627 377 2708 Dominorum
408 2626 642 2724 illustrium,
686 2626 794 2706 Erici
823 2625 942 2734 Regis
970 2627 1116 2721 nostri,
1146 2633 1186 2706 8(
1214 2629 1337 2709 Ducis
1380 2629 1487 2710 Jutie
1535 2629 1805 2738 Waldemari,
1853 2659 1923 2711 enw

107 2756 224 2844 parte
243 2765 337 2833 una,
366 2765 411 2818 ac
440 2763 642 2817 consensu.
668 2735 846 2816 unanimi
875 2737 1150 2847 universitatis
1178 2741 1292 2848 regni
1315 2739 1448 2834 Dacie,
1465 2767 1515 2818 ex
1545 2739 1689 2838 altera,
1719 2740 1903 2852 deputati

108 2845 260 2928 luimus
290 2850 330 2926 in
360 2849 536 2928 arbitros
564 2874 688 2956 super
716 2847 844 2928 causis
872 2847 1059 2929 omnibus
1088 2850 1206 2932 motis
1236 2853 1339 2932 inter
1369 2849 1478 2958 ipsos
1501 2851 1713 2948 Dominos,
1741 2849 1906 2962 Regem,

23 3037 33 3052 ,
98 2960 284 3052 Ducem,
314 2963 353 3037 8(
383 2963 518 3040 totius·
536 2959 651 3066 regni
682 2957 1003 3054 universitatem,
1038 2976 1120 3041 tam
1149 2988 1198 3042 ex
1226 2961 1458 3041 inclitarum
1498 2987 1684 3042 sororum
1713 2964 1904 3042 Domina·

32 3155 39 3170 ,
105 3098 217 3166 rum,
249 3069 411 3182 Sophye
440 3070 593 3176 Regine
624 3068 796 3158 Swecie,
833 3074 871 3148 8(
900 3070 1145 3178 lngyburgis
1189 3070 1340 3180 Regine
1369 3072 1604 3178 Norwe'gie,
1646 3094 1835 3169 necnon
1862 3078 1903 3152 8(

106 3179 423 3260 Domicellarum
454 3181 574 3260 Juttae
601 3183 642 3262 8(
670 3178 859 3286 Agnetis,
878 3179 986 3259 Erici
1015 3175 1180 3262 illustris
1208 3180 1413 3290 qvondam
1441 3182 1561 3288 Regis
1591 3185 1799 3264 Danorum
1827 3182 1902 3262 fili·

33 3357 41 3380 .
105 3319 244 3384 arum,
272 3289 390 3397 justis
410 3290 698 3400 -qverimoniis,
727 3314 865 3392 coram
891 3290 1010 3371 nobis
1042 3319 1117 3400 per
1144 3294 1251 3401 ipsas
1280 3298 1319 3373 8(
1347 3293 1523 3401 ipsarum
1550 3295 1719 3374 nuncios
1748 3321 1900 3402 propo·

103 3403 214 3490 sitis,
244 3427 362 3508 qvam
392 3401 623 3480 testimonio
651 3398 731 3480 lide
754 3397 977 3508 ‘dignorum
1006 3402 1617 3499 evidentissimeintelleximus,
1646 3393 1901 3513 earum'qve·

102 3511 205 3594 dam
233 3513 340 3593 bona
369 3509 682 3618 patrimonialia,
711 3536 775 3588 eos
803 3527 896 3617 post
925 3510 1131 3593 decessum
1162 3515 1376 3621 patrissui
1404 3512 1752 3618 jure-hereditario
1782 3517 1902 3594 attin-

103 3624 265 3733 gentia,
293 3621 428 3706 multis
456 3621 554 3702 locis
584 3649 657 3729 per
684 3620 808 3700 Daeie
836 3620 1032 3701 circulum
1061 3625 1191 3706 minus
1220 3623 1324 3732 juste
1352 3622 1631 3732 indampnum
1661 3652 1743 3704 non
1773 3624 1902 3704 modi·
1945 3671 1949 3676 v
2048 3652 2052 3662 ¹

103 3733 310 3815 cumillis
339 3737 379 3811 8(
406 3759 529 3840 grave
558 3729 826 3840 prejudicium
862 3734 1064 3840 occupari.
1095 3731 1314 3815 Undenas
1344 3738 1385 3814 in
1415 3734 1510 3843 ipsis
1538 3735 1666 3813 causis
1694 3739 1734 3814 8(
1761 3733 1917 3840 hujus·

105 3843 224 3926 modi
251 3844 512 3954 qverimoniis
539 3845 646 3922 viam
674 3843 853 3922 veritatis
881 3841 1049 3930 sollicite
1078 3843 1395 3940 considerantes,
1432 3846 1723 3951 prenominatis
1751 3847 1899 3944 sorori-
2029 3923 2032 3926 .

102 3957 198 4061 hus,
217 3953 324 4034 bona
360 3982 431 4034 sua
466 3954 653 4035 universa
681 3957 721 4030 8(
749 3952 928 4059 singula,
962 3952 1207 4062 ubicumqve
1251 3957 1428 4036 locorum
1459 3981 1532 4061 per
1560 3982 1729 4060 regnum
1758 3955 1907 4049 Dacia,

105 4068 152 4146 in
182 4067 362 4162 Ducatu,
391 4063 454 4146 vel
484 4064 603 4160 alibi,
631 4063 827 4160 violenter
856 4070 895 4142 8(
921 4062 1071 4169 injuste
1099 4082 1242 4146 contra
1257 4063 1474 4146 earundem
1510 4089 1745 4144 eonsensum
1774 4071 1814 4144 8(
1842 4065 1898 4144 le·

104 4203 179 4286 ges
208 4179 339 4284 patrie
369 4177 634 4257 inveniuntur
676 4188 893 4281 occupata,
930 4201 1022 4254 cum
1063 4175 1262 4257 fructibus
1291 4182 1331 4256 8(
1347 4176 1623 4282 'proventibus
1666 4201 1714 4254 ex
1750 4175 1896 4256 eisdem
2023 4178 2025 4186 ’

104 4283 245 4368 medio
272 4305 452 4394 tempore
481 4285 803 4379 collectis‚³sine·
820 4281 1059 4368 difficultate
1100 4287 1280 4395 qvalibet
1308 4291 1346 4364 8(
1374 4284 1706 4394 contradictione·
1730 4304 1897 4384 temera

102 4401 170 4479 ria
199 4397 455 4504 integraliter
475 4397 721 4477 arbitramur
762 4395 920 4474 restitui
962 4389 1001 4477 8(
1036 4398 1202 4505 exponi,
1244 4393 1464 4478 dummodo
1500 4397 1584 4504 ipse
1627 4395 1690 4477 vel
1719 4399 1899 4504 ipsarum·

103 4525 266 4591 tutores
294 4507 459 4615 legitimi
488 4535 565 4616 pro
593 4506 732 4588 debito
761 4507 894 4611 pretio
921 4507 985 4586 vel
1015 4506 1094 4585 alio
1124 4504 1245 4588 modo
1278 4505 1397 4614 legali
1426 4532 1508 4600 non
1537 4505 1810 4587 alienaverant
1825 4509 1896 4586 ali·

103 4605 190 4728 q'va
217 4614 270 4696 de
298 4617 456 4698 eisdem.
486 4619 542 4698 Ut
570 4633 704 4698 autem
733 4617 945 4696 arbitrium
974 4634 1157 4711 nostrum
1185 4620 1228 4697 in
1256 4615 1332 4696 hae
1361 4632 1477 4724 parte
1500 4614 1653 4699 editum
1682 4632 1812 4697 ratum
1827 4619 1896 4699 ha-

9 4817 19 4832 ,
103 4731 257 4809 beatur
285 4731 323 4804 8(
352 4728 526 4822 firmum,
556 4729 683 4834 sigilla
713 4745 847 4807 nostra
879 4727 1134 4834 presentibus
1163 4727 1307 4808 litteris
1336 4727 1523 4808 duximus
1565 4729 1825 4835 apponenda,
1853 4731 1897 4808 in

105 4838 381 4920 testimonium
409 4836 528 4942 hujus
557 4841 596 4916 8(
623 4837 819 4928 cautelam
850 4837 1083 4942 pleniorem.
1127 4846 1272 4918 Actum
1300 4843 1339 4916 8(
1370 4839 1517 4916 Datum
1548 4837 1748 4946 Nyburgh
1775 4842 1896 4920 Anno

27 5023 31 5030 .
105 4948 275 5032 Domini
302 4945 450 5028 M⁰CC⁰
480 4949 724 5054 octogesimo
751 4963 914 5054 qvarto,
944 4949 1064 5028 Nono
1092 4945 1296 5028 Kalendas
1323 4949 1442 5028 lunii.
