<?xml version="1.0" encoding="UTF-8"?>
<!DOCTYPE html PUBLIC "-//W3C//DTD XHTML 1.0 Transitional//EN"
    "http://www.w3.org/TR/xhtml1/DTD/xhtml1-transitional.dtd">
<html xmlns="http://www.w3.org/1999/xhtml" xml:lang="en" lang="en">
 <head>
  <title>
</title>
<meta http-equiv="Content-Type" content="text/html;charset=utf-8" />
  <meta name='ocr-system' content='tesseract 3.04.00' />
  <meta name='ocr-capabilities' content='ocr_page ocr_carea ocr_par ocr_line ocrx_word'/>
</head>
<body>
  <div class='ocr_page' id='page_1' title='image "./svensktdiplomat00swegoog_0559.png"; bbox 0 0 4398 5958; ppageno 0'>
   <div class='ocr_carea' id='block_1_1' title="bbox 806 405 1224 488">
    <p class='ocr_par' dir='ltr' id='par_1_1' title="bbox 806 405 1224 488">
     <span class='ocr_line' id='line_1_1' title="bbox 806 405 1224 488; baseline 0.01 -6"><span class='ocrx_word' id='word_1_1' title='bbox 806 405 1224 488; x_wconf 42' lang='lat'>*521*</span> 
     </span>
    </p>
   </div>
   <div class='ocr_carea' id='block_1_2' title="bbox 109 623 1954 1071">
    <p class='ocr_par' dir='ltr' id='par_1_2' title="bbox 111 623 1910 965">
     <span class='ocr_line' id='line_1_2' title="bbox 115 623 1910 740; baseline 0 -26"><span class='ocrx_word' id='word_1_2' title='bbox 115 632 170 714; x_wconf 86' lang='lat' dir='ltr'>rii</span> <span class='ocrx_word' id='word_1_3' title='bbox 198 626 468 720; x_wconf 83' lang='lat' dir='ltr'>wnderwara</span> <span class='ocrx_word' id='word_1_4' title='bbox 486 623 796 738; x_wconf 84' lang='lat' dir='ltr'>konungxliglm</span> <span class='ocrx_word' id='word_1_5' title='bbox 823 624 946 712; x_wconf 81' lang='lat' dir='ltr'>nellst</span> <span class='ocrx_word' id='word_1_6' title='bbox 976 653 1030 708; x_wconf 90' lang='lat' dir='ltr'>no</span> <span class='ocrx_word' id='word_1_7' title='bbox 1057 625 1122 706; x_wconf 90' lang='lat' dir='ltr'>hir</span> <span class='ocrx_word' id='word_1_8' title='bbox 1149 651 1243 718; x_wconf 76' lang='lat' dir='ltr'>man</span> <span class='ocrx_word' id='word_1_9' title='bbox 1271 623 1341 707; x_wconf 87' lang='lat' dir='ltr'>ath</span> <span class='ocrx_word' id='word_1_10' title='bbox 1369 624 1513 736; x_wconf 86' lang='lat' dir='ltr'>dyrwe</span> <span class='ocrx_word' id='word_1_11' title='bbox 1542 628 1632 740; x_wconf 84' lang='lat' dir='ltr'>sigh</span> <span class='ocrx_word' id='word_1_12' title='bbox 1658 626 1722 710; x_wconf 89' lang='lat' dir='ltr'>till</span> <span class='ocrx_word' id='word_1_13' title='bbox 1748 625 1910 720; x_wconf 68' lang='lat' dir='ltr'>beroen</span> 
     </span>
     <span class='ocr_line' id='line_1_3' title="bbox 113 735 1903 848; baseline 0.004 -27"><span class='ocrx_word' id='word_1_14' title='bbox 113 740 249 821; x_wconf 89' lang='lat' dir='ltr'>mothe</span> <span class='ocrx_word' id='word_1_15' title='bbox 276 739 385 822; x_wconf 87' lang='lat' dir='ltr'>thala</span> <span class='ocrx_word' id='word_1_16' title='bbox 413 737 502 818; x_wconf 89' lang='lat' dir='ltr'>ellir</span> <span class='ocrx_word' id='word_1_17' title='bbox 530 743 630 848; x_wconf 72' lang='lat' dir='ltr'>gom</span> <span class='ocrx_word' id='word_1_18' title='bbox 657 739 673 847; x_wconf 88' lang='lat' dir='ltr'>j</span> <span class='ocrx_word' id='word_1_19' title='bbox 701 735 857 848; x_wconf 83' lang='lat' dir='ltr'>nog&#39;hr&#39;a</span> <span class='ocrx_word' id='word_1_20' title='bbox 884 745 1013 837; x_wconf 84' lang='lat' dir='ltr'>matto</span> <span class='ocrx_word' id='word_1_21' title='bbox 1078 736 1122 815; x_wconf 96' lang='lat' dir='ltr'>ill</span> <span class='ocrx_word' id='word_1_22' title='bbox 1150 747 1259 817; x_wconf 88' lang='lat' dir='ltr'>mera</span> <span class='ocrx_word' id='word_1_23' title='bbox 1288 738 1394 818; x_wconf 88' lang='lat' dir='ltr'>visso</span> <span class='ocrx_word' id='word_1_24' title='bbox 1434 765 1484 819; x_wconf 95' lang='lat' dir='ltr'>oc</span> <span class='ocrx_word' id='word_1_25' title='bbox 1525 740 1792 822; x_wconf 78' lang='lat' dir='ltr'>stadhfestilse</span> <span class='ocrx_word' id='word_1_26' title='bbox 1831 741 1903 829; x_wconf 80' lang='lat' dir='ltr'>&#39;tha</span> 
     </span>
     <span class='ocr_line' id='line_1_4' title="bbox 111 845 1902 965; baseline 0.004 -35"><span class='ocrx_word' id='word_1_27' title='bbox 111 851 257 962; x_wconf 83' lang='lat' dir='ltr'>hengie</span> <span class='ocrx_word' id='word_1_28' title='bbox 285 849 369 934; x_wconf 86' lang='lat' dir='ltr'>wii¹</span> <span class='ocrx_word' id='word_1_29' title='bbox 383 847 542 932; x_wconf 84' lang='lat' dir='ltr'>waarth</span> <span class='ocrx_word' id='word_1_30' title='bbox 569 850 717 958; x_wconf 84' lang='lat' dir='ltr'>jncigle</span> <span class='ocrx_word' id='word_1_31' title='bbox 745 850 810 930; x_wconf 83' lang='lat' dir='ltr'>for</span> <span class='ocrx_word' id='word_1_32' title='bbox 838 847 968 954; x_wconf 80' lang='lat' dir='ltr'>thetta</span> <span class='ocrx_word' id='word_1_33' title='bbox 987 845 1111 932; x_wconf 70' lang='lat' dir='ltr'>mess</span> <span class='ocrx_word' id='word_1_34' title='bbox 1132 846 1369 930; x_wconf 79' lang='lat' dir='ltr'>Scrillwith·</span> <span class='ocrx_word' id='word_1_35' title='bbox 1383 849 1803 958; x_wconf 66' lang='lat' dir='ltr'>oclvtgillwitharom</span> <span class='ocrx_word' id='word_1_36' title='bbox 1831 883 1902 965; x_wconf 90' lang='lat' dir='ltr'>ep·</span> 
     </span>
    </p>

    <p class='ocr_par' dir='ltr' id='par_1_3' title="bbox 109 958 1954 1071">
     <span class='ocr_line' id='line_1_5' title="bbox 109 958 1954 1071; baseline -0.008 -30"><span class='ocrx_word' id='word_1_37' title='bbox 109 963 165 1043; x_wconf 89' lang='lat' dir='ltr'>tir</span> <span class='ocrx_word' id='word_1_38' title='bbox 192 960 300 1071; x_wconf 77' lang='lat' dir='ltr'>guda</span> <span class='ocrx_word' id='word_1_39' title='bbox 328 958 465 1066; x_wconf 81' lang='lat' dir='ltr'>hyrdh</span> <span class='ocrx_word' id='word_1_40' title='bbox 492 959 839 1042; x_wconf 87' lang='lat' dir='ltr'><strong>M.CCLXXVIII.</strong></span> <span class='ocrx_word' id='word_1_41' title='bbox 1182 987 1190 1006; x_wconf 90' lang='lat'><strong>·</strong></span> <span class='ocrx_word' id='word_1_42' title='bbox 1947 963 1954 968; x_wconf 85' lang='lat'>&#39;</span> 
     </span>
    </p>
   </div>
   <div class='ocr_carea' id='block_1_3' title="bbox 114 1149 1897 1362">
    <p class='ocr_par' dir='ltr' id='par_1_4' title="bbox 114 1149 1897 1362">
     <span class='ocr_line' id='line_1_6' title="bbox 114 1149 1897 1362; baseline 0.006 -42"><span class='ocrx_word' id='word_1_43' title='bbox 114 1214 248 1326; x_wconf 80' lang='lat'><strong>633.</strong></span> <span class='ocrx_word' id='word_1_44' title='bbox 525 1149 529 1160; x_wconf 26' lang='grc' dir='ltr'>Ι</span> <span class='ocrx_word' id='word_1_45' title='bbox 907 1217 1094 1362; x_wconf 65' lang='lat'>212782</span> <span class='ocrx_word' id='word_1_46' title='bbox 1648 1197 1897 1332; x_wconf 63' lang='lat' dir='ltr'>cahom.</span> 
     </span>
    </p>
   </div>
   <div class='ocr_carea' id='block_1_4' title="bbox 30 1399 1997 2287">
    <p class='ocr_par' dir='ltr' id='par_1_5' title="bbox 30 1399 1997 2287">
     <span class='ocr_line' id='line_1_7' title="bbox 191 1399 1828 1596; baseline 0.002 -96"><span class='ocrx_word' id='word_1_47' title='bbox 191 1399 328 1520; x_wconf 79' lang='lat' dir='ltr'>Kommg</span> <span class='ocrx_word' id='word_1_48' title='bbox 350 1437 441 1515; x_wconf 71' lang='lat' dir='ltr'>Esses</span> <span class='ocrx_word' id='word_1_49' title='bbox 462 1441 473 1499; x_wconf 92' lang='lat' dir='ltr'>i</span> <span class='ocrx_word' id='word_1_50' title='bbox 495 1439 658 1504; x_wconf 80' lang='lat' dir='ltr'>Danmark</span> <span class='ocrx_word' id='word_1_51' title='bbox 672 1437 955 1528; x_wconf 71' lang='lat' dir='ltr'>lbrstlranattej</span> <span class='ocrx_word' id='word_1_52' title='bbox 976 1447 1132 1518; x_wconf 80' lang='lat' dir='ltr'>emottaga</span> <span class='ocrx_word' id='word_1_53' title='bbox 1153 1401 1535 1526; x_wconf 47' lang='lat' dir='ltr'>upproriskasvemlar„</span> <span class='ocrx_word' id='word_1_54' title='bbox 1598 1518 1645 1578; x_wconf 33' lang='lat' dir='ltr'>&#39;K&#39;</span> <span class='ocrx_word' id='word_1_55' title='bbox 1723 1527 1741 1596; x_wconf 60' lang='lat'>⁴</span> <span class='ocrx_word' id='word_1_56' title='bbox 1824 1517 1828 1525; x_wconf 23' lang='grc' dir='ltr'>ι</span> 
     </span>
     <span class='ocr_line' id='line_1_8' title="bbox 520 1540 1765 1581; baseline 0.005 -6"><span class='ocrx_word' id='word_1_57' title='bbox 520 1541 522 1549; x_wconf 82' lang='lat'>&#39;</span> <span class='ocrx_word' id='word_1_58' title='bbox 1596 1565 1599 1570; x_wconf 90' lang='lat'>-</span> <span class='ocrx_word' id='word_1_59' title='bbox 1663 1541 1690 1578; x_wconf 84' lang='lat' dir='ltr'>u.</span> <span class='ocrx_word' id='word_1_60' title='bbox 1710 1540 1721 1578; x_wconf 88' lang='grc' dir='ltr'>Ι</span> <span class='ocrx_word' id='word_1_61' title='bbox 1741 1543 1765 1581; x_wconf 70' lang='lat'>2·</span> 
     </span>
     <span class='ocr_line' id='line_1_9' title="bbox 276 1618 1997 1734; baseline 0.005 -30"><span class='ocrx_word' id='word_1_62' title='bbox 276 1618 529 1706; x_wconf 42' lang='lat' dir='ltr'>Enrcuerei</span> <span class='ocrx_word' id='word_1_63' title='bbox 557 1623 686 1734; x_wconf 84' lang='lat' dir='ltr'>gratia</span> <span class='ocrx_word' id='word_1_64' title='bbox 715 1626 924 1704; x_wconf 89' lang='lat' dir='ltr'>Danorum</span> <span class='ocrx_word' id='word_1_65' title='bbox 959 1620 1251 1729; x_wconf 78' lang='lat' dir='ltr'>slavorumque</span> <span class='ocrx_word' id='word_1_66' title='bbox 1273 1621 1377 1717; x_wconf 88' lang='lat' dir='ltr'>Rex,</span> <span class='ocrx_word' id='word_1_67' title='bbox 1392 1624 1593 1729; x_wconf 75' lang='lat' dir='ltr'>,omnibus</span> <span class='ocrx_word' id='word_1_68' title='bbox 1613 1655 1787 1734; x_wconf 87' lang='lat' dir='ltr'>praesens</span> <span class='ocrx_word' id='word_1_69' title='bbox 1804 1618 1901 1713; x_wconf 82' lang='lat' dir='ltr'>scri·</span> <span class='ocrx_word' id='word_1_70' title='bbox 1991 1629 1997 1652; x_wconf 77' lang='grc'><strong>“</strong></span> 
     </span>
     <span class='ocr_line' id='line_1_10' title="bbox 108 1731 1900 1846; baseline 0.003 -28"><span class='ocrx_word' id='word_1_71' title='bbox 108 1754 225 1846; x_wconf 89' lang='lat' dir='ltr'>ptum</span> <span class='ocrx_word' id='word_1_72' title='bbox 254 1734 512 1816; x_wconf 75' lang='lat' dir='ltr'>cernentibus</span> <span class='ocrx_word' id='word_1_73' title='bbox 542 1735 585 1814; x_wconf 88' lang='lat' dir='ltr'>in</span> <span class='ocrx_word' id='word_1_74' title='bbox 615 1731 790 1814; x_wconf 91' lang='lat' dir='ltr'>Domino</span> <span class='ocrx_word' id='word_1_75' title='bbox 819 1734 997 1813; x_wconf 89' lang='lat' dir='ltr'>salutem.</span> <span class='ocrx_word' id='word_1_76' title='bbox 1028 1731 1230 1812; x_wconf 90' lang='lat' dir='ltr'>Noveritis</span> <span class='ocrx_word' id='word_1_77' title='bbox 1258 1733 1371 1842; x_wconf 91' lang='lat' dir='ltr'>quod</span> <span class='ocrx_word' id='word_1_78' title='bbox 1405 1760 1481 1815; x_wconf 89' lang='lat' dir='ltr'>nos</span> <span class='ocrx_word' id='word_1_79' title='bbox 1522 1733 1754 1820; x_wconf 88' lang='lat' dir='ltr'>charissimo</span> <span class='ocrx_word' id='word_1_80' title='bbox 1783 1740 1900 1823; x_wconf 85' lang='lat' dir='ltr'>fratri</span> 
     </span>
     <span class='ocr_line' id='line_1_11' title="bbox 106 1841 1902 1958; baseline 0.005 -32"><span class='ocrx_word' id='word_1_81' title='bbox 106 1861 249 1926; x_wconf 88' lang='lat' dir='ltr'>nostro</span> <span class='ocrx_word' id='word_1_82' title='bbox 278 1845 425 1954; x_wconf 88' lang='lat' dir='ltr'>Magno</span> <span class='ocrx_word' id='word_1_83' title='bbox 453 1844 538 1953; x_wconf 88' lang='lat' dir='ltr'>regi</span> <span class='ocrx_word' id='word_1_84' title='bbox 567 1846 765 1926; x_wconf 88' lang='lat' dir='ltr'>Sueorum</span> <span class='ocrx_word' id='word_1_85' title='bbox 793 1843 942 1924; x_wconf 77' lang='lat' dir='ltr'>illustri</span> <span class='ocrx_word' id='word_1_86' title='bbox 970 1843 1079 1925; x_wconf 87' lang='lat' dir='ltr'>bona</span> <span class='ocrx_word' id='word_1_87' title='bbox 1107 1841 1186 1922; x_wconf 90' lang='lat' dir='ltr'>fide</span> <span class='ocrx_word' id='word_1_88' title='bbox 1214 1844 1505 1948; x_wconf 65' lang='lat' dir='ltr'>promittimus,</span> <span class='ocrx_word' id='word_1_89' title='bbox 1534 1843 1647 1956; x_wconf 83' lang='lat' dir='ltr'>quod</span> <span class='ocrx_word' id='word_1_90' title='bbox 1662 1850 1699 1930; x_wconf 88' lang='lat' dir='ltr'>si</span> <span class='ocrx_word' id='word_1_91' title='bbox 1710 1875 1902 1958; x_wconf 86' lang='lat' dir='ltr'>processu</span> 
     </span>
     <span class='ocr_line' id='line_1_12' title="bbox 107 1953 1901 2067; baseline 0.004 -30"><span class='ocrx_word' id='word_1_92' title='bbox 107 1957 304 2064; x_wconf 86' lang='lat' dir='ltr'>temporis</span> <span class='ocrx_word' id='word_1_93' title='bbox 332 1958 478 2067; x_wconf 90' lang='lat' dir='ltr'>aliquis</span> <span class='ocrx_word' id='word_1_94' title='bbox 507 1954 557 2036; x_wconf 86' lang='lat' dir='ltr'>de</span> <span class='ocrx_word' id='word_1_95' title='bbox 585 1953 816 2036; x_wconf 88' lang='lat' dir='ltr'>hominibus</span> <span class='ocrx_word' id='word_1_96' title='bbox 844 1954 925 2034; x_wconf 90' lang='lat' dir='ltr'>suis</span> <span class='ocrx_word' id='word_1_97' title='bbox 953 1953 1029 2033; x_wconf 91' lang='lat' dir='ltr'>sibi</span> <span class='ocrx_word' id='word_1_98' title='bbox 1058 1953 1352 2034; x_wconf 82' lang='lat' dir='ltr'>contumaciter</span> <span class='ocrx_word' id='word_1_99' title='bbox 1380 1958 1633 2063; x_wconf 88' lang='lat' dir='ltr'>opposuerit,</span> <span class='ocrx_word' id='word_1_100' title='bbox 1661 1959 1820 2042; x_wconf 90' lang='lat' dir='ltr'>nullum</span> <span class='ocrx_word' id='word_1_101' title='bbox 1835 1961 1901 2044; x_wconf 76' lang='lat' dir='ltr'>ad</span> 
     </span>
     <span class='ocr_line' id='line_1_13' title="bbox 30 2062 1899 2174; baseline 0.005 -34"><span class='ocrx_word' id='word_1_102' title='bbox 30 2134 34 2140; x_wconf 83' lang='grc'><strong><em>,</em></strong></span> <span class='ocrx_word' id='word_1_103' title='bbox 107 2096 188 2147; x_wconf 91' lang='lat' dir='ltr'>nos</span> <span class='ocrx_word' id='word_1_104' title='bbox 208 2065 417 2174; x_wconf 83' lang='lat' dir='ltr'>refugium</span> <span class='ocrx_word' id='word_1_105' title='bbox 445 2066 595 2146; x_wconf 86' lang='lat' dir='ltr'>habore</span> <span class='ocrx_word' id='word_1_106' title='bbox 624 2064 791 2164; x_wconf 80' lang='lat' dir='ltr'>debeat3</span> <span class='ocrx_word' id='word_1_107' title='bbox 822 2065 905 2144; x_wconf 88' lang='lat' dir='ltr'>Nec</span> <span class='ocrx_word' id='word_1_108' title='bbox 934 2062 1219 2172; x_wconf 83' lang='lat' dir='ltr'>praestabimus.</span> <span class='ocrx_word' id='word_1_109' title='bbox 1242 2062 1369 2144; x_wconf 90' lang='lat' dir='ltr'>eidem</span> <span class='ocrx_word' id='word_1_110' title='bbox 1400 2065 1596 2146; x_wconf 86' lang='lat' dir='ltr'>auxilium</span> <span class='ocrx_word' id='word_1_111' title='bbox 1610 2087 1682 2150; x_wconf 91' lang='lat' dir='ltr'>aut</span> <span class='ocrx_word' id='word_1_112' title='bbox 1709 2069 1899 2153; x_wconf 86' lang='lat' dir='ltr'>favorem:</span> 
     </span>
     <span class='ocr_line' id='line_1_14' title="bbox 107 2162 1900 2287; baseline 0.005 -31"><span class='ocrx_word' id='word_1_113' title='bbox 107 2180 162 2278; x_wconf 87' lang='lat' dir='ltr'>Et</span> <span class='ocrx_word' id='word_1_114' title='bbox 192 2179 277 2285; x_wconf 90' lang='lat' dir='ltr'>ipse</span> <span class='ocrx_word' id='word_1_115' title='bbox 305 2177 424 2256; x_wconf 90' lang='lat' dir='ltr'>nobis</span> <span class='ocrx_word' id='word_1_116' title='bbox 452 2185 565 2258; x_wconf 85' lang='lat' dir='ltr'>versa</span> <span class='ocrx_word' id='word_1_117' title='bbox 595 2177 682 2256; x_wconf 90' lang='lat' dir='ltr'>vice</span> <span class='ocrx_word' id='word_1_118' title='bbox 711 2162 775 2255; x_wconf 86' lang='lat' dir='ltr'>de·</span> <span class='ocrx_word' id='word_1_119' title='bbox 789 2171 1021 2253; x_wconf 90' lang='lat' dir='ltr'>hominibus</span> <span class='ocrx_word' id='word_1_120' title='bbox 1049 2175 1198 2254; x_wconf 92' lang='lat' dir='ltr'>nostris</span> <span class='ocrx_word' id='word_1_121' title='bbox 1227 2171 1333 2256; x_wconf 89' lang='lat' dir='ltr'>idem</span> <span class='ocrx_word' id='word_1_122' title='bbox 1362 2176 1491 2258; x_wconf 86' lang='lat' dir='ltr'>facere</span> <span class='ocrx_word' id='word_1_123' title='bbox 1526 2168 1767 2287; x_wconf 85' lang='lat' dir='ltr'>repromisit</span> <span class='ocrx_word' id='word_1_124' title='bbox 1819 2181 1900 2264; x_wconf 85' lang='lat' dir='ltr'>Da·</span> 
     </span>
    </p>
   </div>
   <div class='ocr_carea' id='block_1_5' title="bbox 107 2283 1138 2414">
    <p class='ocr_par' dir='ltr' id='par_1_6' title="bbox 107 2283 1138 2414">
     <span class='ocr_line' id='line_1_15' title="bbox 107 2283 1138 2414; baseline -0.001 -48"><span class='ocrx_word' id='word_1_125' title='bbox 107 2305 199 2367; x_wconf 91' lang='lat' dir='ltr'>tum</span> <span class='ocrx_word' id='word_1_126' title='bbox 228 2286 448 2414; x_wconf 81' lang='lat' dir='ltr'>Lagaholm</span> <span class='ocrx_word' id='word_1_127' title='bbox 478 2313 587 2369; x_wconf 87' lang='lat' dir='ltr'>anno</span> <span class='ocrx_word' id='word_1_128' title='bbox 614 2287 776 2367; x_wconf 88' lang='lat' dir='ltr'>Domini</span> <span class='ocrx_word' id='word_1_129' title='bbox 805 2283 1138 2366; x_wconf 89' lang='lat' dir='ltr'>MCCLXXVIII.</span> 
     </span>
    </p>
   </div>
   <div class='ocr_carea' id='block_1_6' title="bbox 103 2636 1898 2838">
    <p class='ocr_par' dir='ltr' id='par_1_7' title="bbox 103 2635 1898 2838">
     <span class='ocr_line' id='line_1_16' title="bbox 103 2636 1898 2838; baseline 0.005 -55"><span class='ocrx_word' id='word_1_130' title='bbox 103 2675 245 2805; x_wconf 66' lang='lat'>634.</span> <span class='ocrx_word' id='word_1_131' title='bbox 377 2636 382 2642; x_wconf 10' lang='grc' dir='ltr'><strong><em>ἢ</em></strong></span> <span class='ocrx_word' id='word_1_132' title='bbox 772 2679 921 2820; x_wconf 79' lang='lat'><em>1278</em></span> <span class='ocrx_word' id='word_1_133' title='bbox 969 2675 1017 2781; x_wconf 87' lang='lat' dir='ltr'>d.</span> <span class='ocrx_word' id='word_1_134' title='bbox 1068 2717 1095 2781; x_wconf 83' lang='lat'><strong>2</strong></span> <span class='ocrx_word' id='word_1_135' title='bbox 1143 2678 1252 2783; x_wconf 88' lang='lat' dir='ltr'>lan.</span> <span class='ocrx_word' id='word_1_136' title='bbox 1434 2829 1435 2837; x_wconf 11' lang='grc' dir='ltr'><strong><em>Ν</em></strong></span> <span class='ocrx_word' id='word_1_137' title='bbox 1491 2657 1494 2666; x_wconf 21' lang='lat'><em>¹</em></span> <span class='ocrx_word' id='word_1_138' title='bbox 1697 2637 1898 2838; x_wconf 84' lang='lat' dir='ltr'>Upsala.</span> 
     </span>
    </p>
   </div>
   <div class='ocr_carea' id='block_1_7' title="bbox 85 2894 1906 4297">
    <p class='ocr_par' dir='ltr' id='par_1_8' title="bbox 166 2894 1898 3120">
     <span class='ocr_line' id='line_1_17' title="bbox 166 2894 1898 3043; baseline 0.006 -85"><span class='ocrx_word' id='word_1_139' title='bbox 166 2896 425 3043; x_wconf 50' lang='lat' dir='ltr'>&#39;KothMAllm</span> <span class='ocrx_word' id='word_1_140' title='bbox 446 2897 460 2957; x_wconf 97' lang='lat' dir='ltr'>l</span> <span class='ocrx_word' id='word_1_141' title='bbox 481 2896 577 2958; x_wconf 77' lang='lat' dir='ltr'>alstdr</span> <span class='ocrx_word' id='word_1_142' title='bbox 597 2897 651 2960; x_wconf 83' lang='lat' dir='ltr'>Jus</span> <span class='ocrx_word' id='word_1_143' title='bbox 671 2897 857 2962; x_wconf 76' lang='lat' dir='ltr'>Pauunatus</span> <span class='ocrx_word' id='word_1_144' title='bbox 876 2899 965 2960; x_wconf 75' lang='lat' dir='ltr'>diver</span> <span class='ocrx_word' id='word_1_145' title='bbox 986 2895 1183 2960; x_wconf 82' lang='lat' dir='ltr'>Stockholms</span> <span class='ocrx_word' id='word_1_146' title='bbox 1202 2896 1263 2960; x_wconf 87' lang='lat' dir='ltr'>och</span> <span class='ocrx_word' id='word_1_147' title='bbox 1284 2897 1412 2982; x_wconf 74' lang='lat' dir='ltr'>Sigtuna</span> <span class='ocrx_word' id='word_1_148' title='bbox 1432 2894 1571 2988; x_wconf 83' lang='lat' dir='ltr'>Hospital</span> <span class='ocrx_word' id='word_1_149' title='bbox 1581 2901 1629 2967; x_wconf 87' lang='lat' dir='ltr'>till</span> <span class='ocrx_word' id='word_1_150' title='bbox 1645 2895 1898 2993; x_wconf 66' lang='lat' dir='ltr'>isle-Biskopeu</span> 
     </span>
     <span class='ocr_line' id='line_1_18' title="bbox 242 3001 1748 3120; baseline 0.003 -5"><span class='ocrx_word' id='word_1_151' title='bbox 242 3001 254 3040; x_wconf 66' lang='lat'>¹</span> <span class='ocrx_word' id='word_1_152' title='bbox 306 3001 400 3092; x_wconf 60' lang='lat' dir='ltr'>lm</span> <span class='ocrx_word' id='word_1_153' title='bbox 1544 3064 1748 3120; x_wconf 66' lang='lat' dir='ltr'>asena.</span> 
     </span>
    </p>

    <p class='ocr_par' dir='ltr' id='par_1_9' title="bbox 85 3195 1906 4297">
     <span class='ocr_line' id='line_1_19' title="bbox 276 3195 1902 3305; baseline 0.004 -29"><span class='ocrx_word' id='word_1_154' title='bbox 276 3196 327 3278; x_wconf 88' lang='lat' dir='ltr'>M.</span> <span class='ocrx_word' id='word_1_155' title='bbox 357 3195 424 3303; x_wconf 86' lang='lat' dir='ltr'>dcj</span> <span class='ocrx_word' id='word_1_156' title='bbox 453 3199 585 3305; x_wconf 79' lang='lat' dir='ltr'>gracia</span> <span class='ocrx_word' id='word_1_157' title='bbox 615 3198 698 3276; x_wconf 86' lang='lat' dir='ltr'>Rex</span> <span class='ocrx_word' id='word_1_158' title='bbox 729 3223 928 3278; x_wconf 89' lang='lat' dir='ltr'>sweorum</span> <span class='ocrx_word' id='word_1_159' title='bbox 968 3195 1167 3300; x_wconf 86' lang='lat' dir='ltr'>Omnibus</span> <span class='ocrx_word' id='word_1_160' title='bbox 1209 3207 1415 3304; x_wconf 86' lang='lat' dir='ltr'>presentes</span> <span class='ocrx_word' id='word_1_161' title='bbox 1446 3198 1602 3280; x_wconf 87' lang='lat' dir='ltr'>litteras</span> <span class='ocrx_word' id='word_1_162' title='bbox 1643 3203 1788 3281; x_wconf 85' lang='lat' dir='ltr'>visuris</span> <span class='ocrx_word' id='word_1_163' title='bbox 1830 3203 1902 3283; x_wconf 89' lang='lat' dir='ltr'>uel-</span> 
     </span>
     <span class='ocr_line' id='line_1_20' title="bbox 85 3305 1897 3393; baseline -0.001 -1"><span class='ocrx_word' id='word_1_164' title='bbox 85 3310 231 3392; x_wconf 89' lang='lat' dir='ltr'>·eciam</span> <span class='ocrx_word' id='word_1_165' title='bbox 262 3305 460 3390; x_wconf 78' lang='lat' dir='ltr'>audituris</span> <span class='ocrx_word' id='word_1_166' title='bbox 489 3307 655 3387; x_wconf 89' lang='lat' dir='ltr'>salutem</span> <span class='ocrx_word' id='word_1_167' title='bbox 682 3309 735 3387; x_wconf 92' lang='lat' dir='ltr'>in</span> <span class='ocrx_word' id='word_1_168' title='bbox 754 3308 932 3387; x_wconf 90' lang='lat' dir='ltr'>omnium</span> <span class='ocrx_word' id='word_1_169' title='bbox 965 3306 1177 3386; x_wconf 87' lang='lat' dir='ltr'>saluatore.</span> <span class='ocrx_word' id='word_1_170' title='bbox 1208 3307 1387 3389; x_wconf 85' lang='lat' dir='ltr'>volentes</span> <span class='ocrx_word' id='word_1_171' title='bbox 1429 3309 1623 3391; x_wconf 88' lang='lat' dir='ltr'>honorem</span> <span class='ocrx_word' id='word_1_172' title='bbox 1664 3309 1793 3392; x_wconf 91' lang='lat' dir='ltr'>diuini</span> <span class='ocrx_word' id='word_1_173' title='bbox 1822 3337 1897 3393; x_wconf 92' lang='lat' dir='ltr'>no-</span> 
     </span>
     <span class='ocr_line' id='line_1_21' title="bbox 102 3416 1906 3526; baseline 0.001 -24"><span class='ocrx_word' id='word_1_174' title='bbox 102 3421 224 3502; x_wconf 91' lang='lat' dir='ltr'>minis</span> <span class='ocrx_word' id='word_1_175' title='bbox 254 3434 422 3525; x_wconf 81' lang='lat' dir='ltr'>semper·</span> <span class='ocrx_word' id='word_1_176' title='bbox 439 3419 482 3496; x_wconf 95' lang='lat' dir='ltr'>in</span> <span class='ocrx_word' id='word_1_177' title='bbox 511 3417 699 3498; x_wconf 87' lang='lat' dir='ltr'>omnibus</span> <span class='ocrx_word' id='word_1_178' title='bbox 733 3424 772 3499; x_wconf 87' lang='lat'>&amp;</span> <span class='ocrx_word' id='word_1_179' title='bbox 799 3419 968 3496; x_wconf 82' lang='lat' dir='ltr'>maxime</span> <span class='ocrx_word' id='word_1_180' title='bbox 1012 3443 1061 3496; x_wconf 84' lang='lat' dir='ltr'>ex</span> <span class='ocrx_word' id='word_1_181' title='bbox 1103 3416 1331 3518; x_wconf 77' lang='lat' dir='ltr'>redditibus</span> <span class='ocrx_word' id='word_1_182' title='bbox 1359 3417 1410 3499; x_wconf 89' lang='lat' dir='ltr'>de</span> <span class='ocrx_word' id='word_1_183' title='bbox 1452 3417 1635 3500; x_wconf 86' lang='lat' dir='ltr'>fidelium</span> <span class='ocrx_word' id='word_1_184' title='bbox 1672 3422 1906 3526; x_wconf 78' lang='lat' dir='ltr'>elemosinis</span> 
     </span>
     <span class='ocr_line' id='line_1_22' title="bbox 101 3526 1897 3642; baseline 0.001 -30"><span class='ocrx_word' id='word_1_185' title='bbox 101 3528 446 3635; x_wconf 77' lang='lat' dir='ltr'>consurgentibus</span> <span class='ocrx_word' id='word_1_186' title='bbox 473 3528 656 3634; x_wconf 89' lang='lat' dir='ltr'>ampliari</span> <span class='ocrx_word' id='word_1_187' title='bbox 684 3529 956 3636; x_wconf 87' lang='lat' dir='ltr'>prouisionem</span> <span class='ocrx_word' id='word_1_188' title='bbox 985 3554 1125 3606; x_wconf 89' lang='lat' dir='ltr'>eorum</span> <span class='ocrx_word' id='word_1_189' title='bbox 1168 3526 1399 3608; x_wconf 87' lang='lat' dir='ltr'>reddituum</span> <span class='ocrx_word' id='word_1_190' title='bbox 1441 3531 1513 3640; x_wconf 93' lang='lat' dir='ltr'>qui</span> <span class='ocrx_word' id='word_1_191' title='bbox 1561 3531 1662 3613; x_wconf 89' lang='lat' dir='ltr'>tales</span> <span class='ocrx_word' id='word_1_192' title='bbox 1689 3551 1798 3624; x_wconf 57' lang='lat' dir='ltr'>‘sunt‘</span> <span class='ocrx_word' id='word_1_193' title='bbox 1823 3560 1897 3642; x_wconf 89' lang='lat' dir='ltr'>per</span> 
     </span>
     <span class='ocr_line' id='line_1_23' title="bbox 102 3635 1903 3752; baseline 0 -28"><span class='ocrx_word' id='word_1_194' title='bbox 102 3641 286 3752; x_wconf 89' lang='lat' dir='ltr'>prelatos</span> <span class='ocrx_word' id='word_1_195' title='bbox 314 3637 569 3719; x_wconf 85' lang='lat' dir='ltr'>ecclesiarum</span> <span class='ocrx_word' id='word_1_196' title='bbox 597 3664 700 3747; x_wconf 90' lang='lat' dir='ltr'>quos</span> <span class='ocrx_word' id='word_1_197' title='bbox 734 3639 861 3744; x_wconf 86' lang='lat' dir='ltr'>magis</span> <span class='ocrx_word' id='word_1_198' title='bbox 905 3635 1021 3716; x_wconf 84' lang='lat' dir='ltr'>decet</span> <span class='ocrx_word' id='word_1_199' title='bbox 1049 3664 1187 3717; x_wconf 88' lang='lat' dir='ltr'>eorum</span> <span class='ocrx_word' id='word_1_200' title='bbox 1218 3639 1305 3719; x_wconf 86' lang='lat' dir='ltr'>vtili</span> <span class='ocrx_word' id='word_1_201' title='bbox 1348 3637 1646 3748; x_wconf 75' lang='lat' dir='ltr'>dispensationi</span> <span class='ocrx_word' id='word_1_202' title='bbox 1685 3643 1903 3725; x_wconf 88' lang='lat' dir='ltr'>intendere·</span> 
     </span>
     <span class='ocr_line' id='line_1_24' title="bbox 101 3745 1895 3862; baseline -0.001 -29"><span class='ocrx_word' id='word_1_203' title='bbox 101 3749 364 3862; x_wconf 77' lang='lat' dir='ltr'>procidimus</span> <span class='ocrx_word' id='word_1_204' title='bbox 392 3747 641 3829; x_wconf 87' lang='lat' dir='ltr'>ordinandos</span> <span class='ocrx_word' id='word_1_205' title='bbox 669 3746 771 3829; x_wconf 87' lang='lat' dir='ltr'>Jnde</span> <span class='ocrx_word' id='word_1_206' title='bbox 800 3745 998 3857; x_wconf 79' lang='lat' dir='ltr'>estquod</span> <span class='ocrx_word' id='word_1_207' title='bbox 1028 3775 1101 3854; x_wconf 90' lang='lat' dir='ltr'>per</span> <span class='ocrx_word' id='word_1_208' title='bbox 1139 3766 1341 3856; x_wconf 89' lang='lat' dir='ltr'>presentes</span> <span class='ocrx_word' id='word_1_209' title='bbox 1384 3751 1537 3830; x_wconf 85' lang='lat' dir='ltr'>litteras</span> <span class='ocrx_word' id='word_1_210' title='bbox 1578 3749 1755 3834; x_wconf 90' lang='lat' dir='ltr'>dilucide</span> <span class='ocrx_word' id='word_1_211' title='bbox 1796 3779 1895 3834; x_wconf 91' lang='lat' dir='ltr'>con·</span> 
     </span>
     <span class='ocr_line' id='line_1_25' title="bbox 100 3858 1894 3971; baseline 0 -29"><span class='ocrx_word' id='word_1_212' title='bbox 100 3881 211 3948; x_wconf 89' lang='lat' dir='ltr'>stare</span> <span class='ocrx_word' id='word_1_213' title='bbox 243 3861 428 3939; x_wconf 75' lang='lat' dir='ltr'>volumus</span> <span class='ocrx_word' id='word_1_214' title='bbox 456 3860 650 3937; x_wconf 89' lang='lat' dir='ltr'>vniuersis</span> <span class='ocrx_word' id='word_1_215' title='bbox 679 3886 752 3940; x_wconf 93' lang='lat' dir='ltr'>nos</span> <span class='ocrx_word' id='word_1_216' title='bbox 780 3858 1053 3965; x_wconf 90' lang='lat' dir='ltr'>prouisionem</span> <span class='ocrx_word' id='word_1_217' title='bbox 1070 3858 1329 3966; x_wconf 85' lang='lat' dir='ltr'>hospitalium</span> <span class='ocrx_word' id='word_1_218' title='bbox 1345 3860 1703 3944; x_wconf 86' lang='lat' dir='ltr'>stokholmensium</span> <span class='ocrx_word' id='word_1_219' title='bbox 1719 3863 1894 3971; x_wconf 83' lang='lat' dir='ltr'>&amp;sygh-</span> 
     </span>
     <span class='ocr_line' id='line_1_26' title="bbox 100 3967 1897 4080; baseline -0.002 -23"><span class='ocrx_word' id='word_1_220' title='bbox 100 3967 362 4057; x_wconf 84' lang='lat' dir='ltr'>toniensium.</span> <span class='ocrx_word' id='word_1_221' title='bbox 392 3967 441 4051; x_wconf 88' lang='lat' dir='ltr'>dc</span> <span class='ocrx_word' id='word_1_222' title='bbox 469 3995 678 4050; x_wconf 88' lang='lat' dir='ltr'>consensu.</span> <span class='ocrx_word' id='word_1_223' title='bbox 708 3968 860 4050; x_wconf 93' lang='lat' dir='ltr'>domini</span> <span class='ocrx_word' id='word_1_224' title='bbox 888 3968 1024 4074; x_wconf 84' lang='lat' dir='ltr'>Magni</span> <span class='ocrx_word' id='word_1_225' title='bbox 1050 3967 1207 4074; x_wconf 89' lang='lat' dir='ltr'>jonsun.</span> <span class='ocrx_word' id='word_1_226' title='bbox 1236 3973 1277 4049; x_wconf 85' lang='lat'>&amp;</span> <span class='ocrx_word' id='word_1_227' title='bbox 1304 3971 1475 4051; x_wconf 90' lang='lat' dir='ltr'>aliorum</span> <span class='ocrx_word' id='word_1_228' title='bbox 1489 3972 1561 4080; x_wconf 92' lang='lat' dir='ltr'>qui</span> <span class='ocrx_word' id='word_1_229' title='bbox 1575 3973 1735 4052; x_wconf 88' lang='lat' dir='ltr'>racione</span> <span class='ocrx_word' id='word_1_230' title='bbox 1749 3971 1897 4054; x_wconf 80' lang='lat' dir='ltr'>lunda·¹</span> 
     </span>
     <span class='ocr_line' id='line_1_27' title="bbox 100 4077 1894 4191; baseline -0.001 -26"><span class='ocrx_word' id='word_1_231' title='bbox 100 4084 236 4165; x_wconf 87' lang='lat' dir='ltr'>cionis</span> <span class='ocrx_word' id='word_1_232' title='bbox 265 4083 327 4160; x_wconf 91' lang='lat' dir='ltr'>ius</span> <span class='ocrx_word' id='word_1_233' title='bbox 358 4089 597 4187; x_wconf 82' lang='lat' dir='ltr'>patronatus</span> <span class='ocrx_word' id='word_1_234' title='bbox 612 4078 816 4161; x_wconf 84' lang='lat' dir='ltr'>habebant</span> <span class='ocrx_word' id='word_1_235' title='bbox 831 4081 872 4160; x_wconf 92' lang='lat' dir='ltr'>in</span> <span class='ocrx_word' id='word_1_236' title='bbox 887 4077 1047 4158; x_wconf 89' lang='lat' dir='ltr'>eisdem.</span> <span class='ocrx_word' id='word_1_237' title='bbox 1065 4080 1166 4157; x_wconf 86' lang='lat' dir='ltr'>Cum</span> <span class='ocrx_word' id='word_1_238' title='bbox 1182 4077 1345 4160; x_wconf 90' lang='lat' dir='ltr'>decimis</span> <span class='ocrx_word' id='word_1_239' title='bbox 1367 4108 1593 4190; x_wconf 89' lang='lat' dir='ltr'>pauperum</span> <span class='ocrx_word' id='word_1_240' title='bbox 1620 4108 1722 4191; x_wconf 86' lang='lat' dir='ltr'>quas</span> <span class='ocrx_word' id='word_1_241' title='bbox 1741 4082 1894 4164; x_wconf 89' lang='lat' dir='ltr'>habuc-</span> 
     </span>
     <span class='ocr_line' id='line_1_28' title="bbox 101 4179 1904 4297; baseline 0.001 -22"><span class='ocrx_word' id='word_1_242' title='bbox 101 4213 198 4275; x_wconf 90' lang='lat' dir='ltr'>rant</span> <span class='ocrx_word' id='word_1_243' title='bbox 228 4191 378 4272; x_wconf 86' lang='lat' dir='ltr'>cadem.</span> <span class='ocrx_word' id='word_1_244' title='bbox 406 4189 630 4297; x_wconf 89' lang='lat' dir='ltr'>hospitalia.</span> <span class='ocrx_word' id='word_1_245' title='bbox 646 4187 701 4268; x_wconf 79' lang='lat'>&#39;&amp;</span> <span class='ocrx_word' id='word_1_246' title='bbox 729 4188 815 4268; x_wconf 88' lang='lat' dir='ltr'>aliis</span> <span class='ocrx_word' id='word_1_247' title='bbox 857 4179 1044 4268; x_wconf 86' lang='lat' dir='ltr'>omnibus</span> <span class='ocrx_word' id='word_1_248' title='bbox 1080 4187 1409 4272; x_wconf 91' lang='lat' dir='ltr'>obuencionibus.</span> <span class='ocrx_word' id='word_1_249' title='bbox 1452 4190 1704 4275; x_wconf 90' lang='lat' dir='ltr'>ordinacioni</span> <span class='ocrx_word' id='word_1_250' title='bbox 1740 4193 1904 4276; x_wconf 83' lang='lat' dir='ltr'>domini:</span> 
     </span>
    </p>
   </div>
   <div class='ocr_carea' id='block_1_8' title="bbox 100 4293 2118 4414">
    <p class='ocr_par' dir='ltr' id='par_1_10' title="bbox 100 4293 2118 4414">
     <span class='ocr_line' id='line_1_29' title="bbox 100 4293 2118 4414; baseline -0.001 -26"><span class='ocrx_word' id='word_1_251' title='bbox 100 4302 358 4388; x_wconf 85' lang='lat' dir='ltr'>venerabilis.</span> <span class='ocrx_word' id='word_1_252' title='bbox 390 4301 425 4381; x_wconf 87' lang='lat' dir='ltr'>J.</span> <span class='ocrx_word' id='word_1_253' title='bbox 456 4296 677 4409; x_wconf 88' lang='lat' dir='ltr'>upsalensis</span> <span class='ocrx_word' id='word_1_254' title='bbox 704 4300 839 4388; x_wconf 58' lang='lat' dir='ltr'>electi„</span> <span class='ocrx_word' id='word_1_255' title='bbox 859 4298 1016 4406; x_wconf 88' lang='lat' dir='ltr'>plenius</span> <span class='ocrx_word' id='word_1_256' title='bbox 1059 4301 1318 4380; x_wconf 87' lang='lat' dir='ltr'>commississe</span> <span class='ocrx_word' id='word_1_257' title='bbox 1353 4302 1407 4381; x_wconf 88' lang='lat' dir='ltr'>ita</span> <span class='ocrx_word' id='word_1_258' title='bbox 1436 4299 1623 4383; x_wconf 89' lang='lat' dir='ltr'>uidelicet</span> <span class='ocrx_word' id='word_1_259' title='bbox 1665 4302 1778 4414; x_wconf 94' lang='lat' dir='ltr'>quod</span> <span class='ocrx_word' id='word_1_260' title='bbox 1807 4304 1935 4414; x_wconf 68' lang='lat' dir='ltr'>ple-¹:</span> <span class='ocrx_word' id='word_1_261' title='bbox 2033 4395 2035 4402; x_wconf 49' lang='grc'>,</span> <span class='ocrx_word' id='word_1_262' title='bbox 2113 4293 2118 4300; x_wconf 69' lang='grc'><strong>’</strong></span> 
     </span>
    </p>
   </div>
   <div class='ocr_carea' id='block_1_9' title="bbox 95 4408 2021 4957">
    <p class='ocr_par' dir='ltr' id='par_1_11' title="bbox 97 4408 1978 4740">
     <span class='ocr_line' id='line_1_30' title="bbox 99 4408 1905 4519; baseline 0.001 -25"><span class='ocrx_word' id='word_1_263' title='bbox 99 4435 200 4498; x_wconf 79' lang='lat' dir='ltr'>nam</span> <span class='ocrx_word' id='word_1_264' title='bbox 230 4409 375 4500; x_wconf 87' lang='lat' dir='ltr'>habeat</span> <span class='ocrx_word' id='word_1_265' title='bbox 406 4421 653 4519; x_wconf 86' lang='lat' dir='ltr'>potestatem.</span> <span class='ocrx_word' id='word_1_266' title='bbox 681 4408 819 4490; x_wconf 90' lang='lat' dir='ltr'>eadem</span> <span class='ocrx_word' id='word_1_267' title='bbox 847 4409 1073 4518; x_wconf 85' lang='lat' dir='ltr'>hospitalia.</span> <span class='ocrx_word' id='word_1_268' title='bbox 1102 4412 1143 4490; x_wconf 92' lang='lat' dir='ltr'>in</span> <span class='ocrx_word' id='word_1_269' title='bbox 1173 4411 1302 4491; x_wconf 87' lang='lat' dir='ltr'>locum</span> <span class='ocrx_word' id='word_1_270' title='bbox 1347 4411 1469 4491; x_wconf 92' lang='lat' dir='ltr'>alium</span> <span class='ocrx_word' id='word_1_271' title='bbox 1511 4410 1779 4493; x_wconf 86' lang='lat' dir='ltr'>transferendi</span> <span class='ocrx_word' id='word_1_272' title='bbox 1821 4429 1905 4495; x_wconf 67' lang='lat' dir='ltr'>scm¹</span> 
     </span>
     <span class='ocr_line' id='line_1_31' title="bbox 98 4517 1894 4633; baseline -0.001 -26"><span class='ocrx_word' id='word_1_273' title='bbox 98 4519 276 4607; x_wconf 85' lang='lat' dir='ltr'>vniendi</span> <span class='ocrx_word' id='word_1_274' title='bbox 307 4526 347 4600; x_wconf 66' lang='grc' dir='ltr'>ἃ</span> <span class='ocrx_word' id='word_1_275' title='bbox 378 4521 428 4602; x_wconf 89' lang='lat' dir='ltr'>dc</span> <span class='ocrx_word' id='word_1_276' title='bbox 455 4520 682 4603; x_wconf 88' lang='lat' dir='ltr'>redditibus</span> <span class='ocrx_word' id='word_1_277' title='bbox 706 4548 845 4600; x_wconf 90' lang='lat' dir='ltr'>eorum</span> <span class='ocrx_word' id='word_1_278' title='bbox 861 4517 1121 4628; x_wconf 90' lang='lat' dir='ltr'>prouidendi‚</span> <span class='ocrx_word' id='word_1_279' title='bbox 1151 4522 1254 4599; x_wconf 93' lang='lat' dir='ltr'>sicut</span> <span class='ocrx_word' id='word_1_280' title='bbox 1281 4519 1358 4601; x_wconf 90' lang='lat' dir='ltr'>sibi</span> <span class='ocrx_word' id='word_1_281' title='bbox 1387 4519 1596 4602; x_wconf 91' lang='lat' dir='ltr'>uidebitur</span> <span class='ocrx_word' id='word_1_282' title='bbox 1623 4522 1812 4633; x_wconf 79' lang='lat' dir='ltr'>expedire</span> <span class='ocrx_word' id='word_1_283' title='bbox 1842 4527 1894 4606; x_wconf 82' lang='lat' dir='ltr'>m</span> 
     </span>
     <span class='ocr_line' id='line_1_32' title="bbox 97 4629 1978 4740; baseline -0.001 -23"><span class='ocrx_word' id='word_1_284' title='bbox 97 4652 146 4718; x_wconf 89' lang='lat' dir='ltr'>ut</span> <span class='ocrx_word' id='word_1_285' title='bbox 178 4633 259 4712; x_wconf 79' lang='lat' dir='ltr'>he&#39;c</span> <span class='ocrx_word' id='word_1_286' title='bbox 292 4631 515 4710; x_wconf 86' lang='lat' dir='ltr'>commissio</span> <span class='ocrx_word' id='word_1_287' title='bbox 544 4631 702 4738; x_wconf 87' lang='lat' dir='ltr'>plenam</span> <span class='ocrx_word' id='word_1_288' title='bbox 730 4633 927 4712; x_wconf 89' lang='lat' dir='ltr'>sorciatur</span> <span class='ocrx_word' id='word_1_289' title='bbox 955 4634 995 4710; x_wconf 85' lang='lat'>&amp;</span> <span class='ocrx_word' id='word_1_290' title='bbox 1023 4629 1207 4712; x_wconf 80' lang='lat' dir='ltr'>stabilem</span> <span class='ocrx_word' id='word_1_291' title='bbox 1225 4631 1451 4716; x_wconf 85' lang='lat' dir='ltr'>firmitatem</span> <span class='ocrx_word' id='word_1_292' title='bbox 1459 4649 1691 4740; x_wconf 87' lang='lat' dir='ltr'>presentem</span> <span class='ocrx_word' id='word_1_293' title='bbox 1719 4632 1892 4716; x_wconf 85' lang='lat' dir='ltr'>litteram</span> <span class='ocrx_word' id='word_1_294' title='bbox 1935 4705 1944 4714; x_wconf 83' lang='grc'><strong>.</strong></span> <span class='ocrx_word' id='word_1_295' title='bbox 1975 4733 1978 4738; x_wconf 21' lang='lat'><strong>¹</strong></span> 
     </span>
    </p>

    <p class='ocr_par' dir='ltr' id='par_1_12' title="bbox 95 4738 2021 4957">
     <span class='ocr_line' id='line_1_33' title="bbox 97 4738 2021 4857; baseline 0.005 -38"><span class='ocrx_word' id='word_1_296' title='bbox 97 4738 367 4857; x_wconf 63' lang='lat' dir='ltr'>apposicione</span> <span class='ocrx_word' id='word_1_297' title='bbox 396 4739 516 4846; x_wconf 87' lang='lat' dir='ltr'>sigilli</span> <span class='ocrx_word' id='word_1_298' title='bbox 543 4742 670 4820; x_wconf 89' lang='lat' dir='ltr'>nostri</span> <span class='ocrx_word' id='word_1_299' title='bbox 698 4740 886 4824; x_wconf 84' lang='lat' dir='ltr'>duximus</span> <span class='ocrx_word' id='word_1_300' title='bbox 912 4739 1237 4821; x_wconf 85' lang='lat' dir='ltr'>confirmandam.</span> <span class='ocrx_word' id='word_1_301' title='bbox 1266 4748 1412 4824; x_wconf 86' lang='lat' dir='ltr'>Actum</span> <span class='ocrx_word' id='word_1_302' title='bbox 1441 4741 1549 4855; x_wconf 88' lang='lat' dir='ltr'>apud</span> <span class='ocrx_word' id='word_1_303' title='bbox 1563 4742 1767 4854; x_wconf 70' lang='lat' dir='ltr'>upsaliam.</span> <span class='ocrx_word' id='word_1_304' title='bbox 1782 4770 1892 4832; x_wconf 78' lang='lat' dir='ltr'>auno</span> <span class='ocrx_word' id='word_1_305' title='bbox 2016 4753 2021 4760; x_wconf 82' lang='lat'>&#39;</span> 
     </span>
     <span class='ocr_line' id='line_1_34' title="bbox 95 4848 1713 4957; baseline -0.011 -15"><span class='ocrx_word' id='word_1_306' title='bbox 95 4852 261 4942; x_wconf 85' lang='lat' dir='ltr'>domini</span> <span class='ocrx_word' id='word_1_307' title='bbox 289 4849 723 4934; x_wconf 78' lang='lat' dir='ltr'>lll⁰C⁸C⁰L‘XX&#39;VIIl.</span> <span class='ocrx_word' id='word_1_308' title='bbox 753 4851 962 4930; x_wconf 86' lang='lat' dir='ltr'>1111N0n.</span> <span class='ocrx_word' id='word_1_309' title='bbox 990 4848 1175 4957; x_wconf 86' lang='lat' dir='ltr'>januarij.</span> <span class='ocrx_word' id='word_1_310' title='bbox 1711 4899 1713 4904; x_wconf 85' lang='lat'>-</span> 
     </span>
    </p>
   </div>
   <div class='ocr_carea' id='block_1_10' title="bbox 253 4987 1765 5178">
    <p class='ocr_par' dir='ltr' id='par_1_13' title="bbox 253 4987 1765 5178">
     <span class='ocr_line' id='line_1_35' title="bbox 343 4987 1622 5084; baseline 0.009 -40"><span class='ocrx_word' id='word_1_311' title='bbox 343 5066 348 5075; x_wconf 35' lang='grc' dir='ltr'>Ι</span> <span class='ocrx_word' id='word_1_312' title='bbox 787 4987 907 5072; x_wconf 59' lang='lat' dir='ltr'>sigillet</span> <span class='ocrx_word' id='word_1_313' title='bbox 932 4988 1057 5070; x_wconf 74' lang='lat' dir='ltr'>myeket</span> <span class='ocrx_word' id='word_1_314' title='bbox 1082 4988 1218 5052; x_wconf 64' lang='lat' dir='ltr'>asadada</span> <span class='ocrx_word' id='word_1_315' title='bbox 1617 5071 1622 5084; x_wconf 32' lang='grc'><em>’</em></span> 
     </span>
     <span class='ocr_line' id='line_1_36' title="bbox 253 5079 1765 5178; baseline -0.001 -17"><span class='ocrx_word' id='word_1_316' title='bbox 253 5109 302 5178; x_wconf 66' lang='lat' dir='ltr'>sa„</span> <span class='ocrx_word' id='word_1_317' title='bbox 318 5107 444 5178; x_wconf 12' lang='lat' dir='ltr'>sormi</span> <span class='ocrx_word' id='word_1_318' title='bbox 1661 5131 1664 5136; x_wconf 74' lang='lat'><em>,</em></span> <span class='ocrx_word' id='word_1_319' title='bbox 1714 5079 1765 5154; x_wconf 78' lang='grc'>66</span> 
     </span>
    </p>
   </div>
   <div class='ocr_carea' id='block_1_11' title="bbox 0 0 2204 5958">
    <p class='ocr_par' dir='ltr' id='par_1_14' title="bbox 0 0 2204 5958">
     <span class='ocr_line' id='line_1_37' title="bbox 0 0 2204 5958; baseline 0 5"><span class='ocrx_word' id='word_1_320' title='bbox 0 0 2204 5958; x_wconf 95' lang='lat' dir='ltr'> </span> 
     </span>
    </p>
   </div>
  </div>
 </body>
</html>
