4404 5960
179 584 247 594 ,,
856 540 858 548 ψ
996 523 1055 544 -
1164 479 1247 588 uu
1350 525 1457 582 -.

209 672 213 696 '
279 628 458 842 aas..
803 665 805 670 ’
898 709 1202 858 *1259.d.
1259 713 1325 818 13
1372 713 1476 816 aas

389 930 569 998 numu.
589 929 723 994 amn
742 931 848 1013 appu
867 927 947 991 cnr
962 931 1009 992 su
1027 929 1220 1015 aarum
1241 933 1251 992 r
1272 910 1446 1076 cumps}
1466 928 1528 992 ou
1547 929 1788 996 wmasunn
1801 925 1840 992 a
1856 941 2057 1026 praesum

194 1051 198 1062 ·
320 1091 321 1094 Ἴ
441 1013 592 1078 liinbrutit
611 1014 657 1095 sig
677 1021 744 1075 mot
764 1011 939 1093 Skenninge
960 1012 1084 1095 Stndga,
1105 1015 1175 1075 sara
1184 1015 1232 1076 till
1241 1013 1359 1098 Uptalu
1368 1023 1414 1076 att
1445 1011 1593 1076 erfdden
1602 1011 1762 1096 ddum,
1778 1014 2059 1102 murleBislcper

292 1115 298 1122 ·
438 1098 536 1244 gig
555 1093 633 1163 Pau
653 1094 764 1167 Bullan
794 1093 832 1156 uf
856 1093 917 1156 den
948 1094 989 1158 26
1008 1097 1086 1178 surg.
1121 1094 1199 1158 1258
1229 1117 1285 1158 rur
1315 1096 1487 1178 bertttigad
1507 1107 1553 1158 att
1573 1096 1732 1174 meddeln,
1753 1095 1888 1176 emetiar,
1908 1098 1952 1160 lb'r
1969 1099 2057 1164 detin-

480 1191 486 1202 '
529 1178 568 1242 de
587 1177 832 1256 munera-tren
852 1175 1103 1264 hle-Bislcpen
1123 1179 1151 1262 ej
1172 1178 1276 1240 kunde
1296 1180 1490 1265 peracnligen
1510 1177 1566 1242 der
1587 1181 1662 1262 giira
1682 1181 1747 1242 dna
1769 1180 1954 1243 visitationm.

1826 1291 1858 1354 B.
1874 1291 1904 1347 dr
1920 1295 1958 1348 ad.
2030 1371 2037 1380 ι

472 1429 625 1512 Frater.
660 1428 706 1509 L.
737 1426 999 1509 miseracione
1048 1425 1187 1508 diuina
1230 1425 1465 1536 Vpsalensis
1501 1425 1838 1535 Archiepiseopus
1879 1426 2065 1507 venerabi-⁴

306 1541 414 1624 libus
454 1540 498 1622 in
514 1542 524 1551 ‘
540 1539 693 1622 christo
734 1538 919 1648 patribus
961 1565 1006 1618 ac
1049 1537 1221 1618 dominis
1265 1539 1315 1618 H.
1359 1535 1601 1648 lincopensis
1642 1544 1691 1618 δι.
1727 1537 1769 1618 F.
1805 1537 2068 1618 Wexionensis.

163 1677 166 1684 ’
306 1651 507 1764 episcopis
534 1649 701 1732 salutem
729 1651 773 1732 in
800 1649 979 1731 omnium
996 1648 1214 1730 ,saluatore
1254 1649 1459 1730 Noueritis
1500 1676 1575 1729 noa
1618 1647 1771 1730 litteras
1799 1645 1952 1755 dominj
1987 1673 2070 1756 pape

306 1759 516 1846 alexandri
553 1765 753 1872 recepisse
794 1759 870 1841 sub
914 1760 991 1842 hac
1020 1757 1160 1840 forma.
1204 1757 1435 1841 Alexander
1463 1763 1536 1840 &c
1563 1791 1604 1842 se
1635 1760 1895 1868 Jo'regdende
1921 1761 1996 1839 Nm
2009 1759 2070 1864 ll9

306 1874 414 1980 Quia
441 1866 565 1982 igitur
593 1871 842 1980 prouinciam
870 1887 1044 1952 uestram
1060 1870 1112 1952 ad
1127 1897 1293 1981 presens
1319 1886 1367 1950 ut
1387 1870 1579 1952 vellemus
1607 1874 1648 1951 &
1675 1895 1835 1950 necesse
1863 1868 2073 1950 haberemus

306 1999 478 2098 propter
502 1982 758 2076 ,sterilitatem
786 1981 906 2064 husius
933 1983 1138 2094 annique
1165 1982 1284 2062 nimis
1311 1998 1456 2092 regnat
1486 1981 1638 2092 ubique
1669 1987 1708 2062 8c
1736 1981 1909 2062 maxime
1936 1980 1975 2059 in
2000 2005 2071 2087 par·

307 2095 418 2180 tibus
443 2093 522 2176 illis
549 2092 601 2176 ad
629 2121 732 2222 quas
758 2093 884 2200 magis
911 2119 1072 2175 necesse
1100 2091 1339 2174 haberemus
1368 2095 1550 2174 transire.
1584 2093 1746 2174 visitare
1773 2119 1862 2172 non
1890 2114 2074 2200 possumus
2160 2169 2161 2180 .

306 2206 463 2316 jdeirco
490 2219 780 2314 transcriptum
805 2202 963 2312 dominj
990 2231 1097 2314 pape
1125 2201 1346 2285 Alexandri
1360 2205 1495 2314 quarti
1510 2201 1628 2285 uobis
1644 2205 1953 2285 transmittimus
1979 2226 2072 2280 reuo-

306 2331 443 2404 cantes
470 2319 512 2397 u
539 2315 764 2401 relaxantes
791 2317 1035 2398 sentenciam
1063 2313 1494 2397 excommunicacionis
1535 2343 1657 2426 quam
1686 2313 1948 2422 supradictus
1974 2309 2077 2393 doni·

158 2507 160 2514 ,
305 2455 385 2508 nus
411 2427 480 2509 W.
509 2426 731 2508 sabinensis
758 2426 854 2507 tulit
881 2426 924 2507 in
959 2425 1185 2507 sacerdotes
1228 2425 1536 2508 concubinarios
1578 2425 1612 2504 si
1640 2425 1804 2534 publice
1836 2425 1905 2506 uel
1948 2411 2078 2504 occulte

232 2531 235 2548 ¹
307 2540 416 2649 ipsos
443 2565 535 2618 cum
563 2535 711 2620 eisdem
739 2564 906 2647 peccare
935 2539 1198 2646 contingeret.
1228 2535 1375 2618 taliter.
1406 2555 1452 2618 ut
1480 2534 1627 2618 amodo
1655 2538 1772 2618 sisic
1801 2537 1862 2618 eis
1892 2530 2080 2640 contigerit

307 2650 552 2756 sentenciam
579 2649 1009 2731 excommunicacionis
1036 2674 1121 2727 non
1150 2647 1362 2727 incurrant
1390 2651 1480 2757 ipso
1509 2645 1619 2727 facto
1647 2647 1717 2730 sed
1745 2651 1778 2729 si
1807 2647 2003 2756 deinceps
2025 2667 2080 2720 no

307 2763 458 2843 torium
485 2757 609 2840 fuerit
638 2759 737 2839 iuris
765 2757 831 2840 uel
858 2755 956 2839 facti
984 2760 1111 2867 ipsam
1139 2759 1385 2839 sentenciam
1414 2761 1459 2840 in
1475 2753 1605 2838 'aliam
1634 2785 1779 2868 penam
1808 2771 2079 2840 commutamus

311 2895 388 2972 Aue
416 2890 557 2962 eorum
584 2867 817 2977 dyocesanis
845 2896 922 2977 pro
950 2867 1072 2950 modo
1100 2868 1220 2976 culpe
1247 2868 1466 2952 eorundem
1495 2869 1617 2950 saluti
1654 2870 1785 2950 visum
1829 2867 1958 2950 fixerit
1984 2887 2081 2972 expe

305 2901 662 3066 lacrimantem
688 2978 877 3061 omnibus
905 2978 957 3061 ad
986 3006 1060 3060 nos
1094 2979 1232 3059 venire
1276 2978 1507 3061 uolentibus
1549 2984 1588 3059 sst
1630 3007 1722 3060 cum
1754 2979 1990 3061 bumilitate
2026 2995 2080 3084 pt·
2165 3075 2166 3078 p

306 3091 489 3174 tentibus
513 3117 640 3200 super
667 3089 863 3173 beneficio
892 3090 1162 3171 absolucionis
1190 3117 1238 3171 ae
1267 3087 1920 3201 dispensacioneirregularitatis.
1950 3109 2084 3172 omnen
2164 3089 2166 3122 ¹

306 3203 670 3316 quam'possumus
698 3203 874 3310 graciam
902 3200 1075 3284 libenter
1103 3199 1380 3310 impendemus
1421 3199 1680 3310 jniungentes
1700 3202 1752 3282 'in
1778 3204 1940 3285 virtute
1969 3193 2087 3279 obedi·

307 3315 419 3396 encie
446 3329 494 3394 ut
520 3313 828 3395 concubinarios
861 3340 953 3393 suas
995 3311 1242 3394 concubinas
1269 3340 1291 3391 a
1321 3339 1363 3391 se
1392 3338 1599 3398 remouere
1643 3312 1809 3422 penitus
1831 3307 2087 3420 compellatis

306 3426 414 3533 ipsas
440 3425 507 3506 uel
535 3424 632 3506 alias
659 3425 822 3506 minime
850 3438 1096 3504 resumentes
1122 3423 1201 3504 nisi
1228 3421 1346 3504 uobis
1375 3418 1426 3502 de
1468 3425 1651 3508 castitate
1694 3423 1908 3506 seruanda
1953 3417 2090 3502 fidelem
2165 3459 2166 3490 γ

305 3533 636 3618 &sufficientem
664 3534 912 3642 prostiterint
933 3534 1177 3617 caucionem.
1207 3532 1390 3642 bigamos
1418 3557 1515 3613 vero
1548 3539 1589 3619 δι
1615 3532 1834 3618 viduarum
1852 3535 2022 3632 maritos
2034 3552 2090 3607 seu

305 3647 396 3730 illos
423 3648 494 3757 qui
522 3643 749 3728 immediate
793 3656 893 3754 post
927 3662 1063 3754 patres
1098 3645 1363 3726 ecclesiastica
1403 3643 1595 3727 beneficia
1636 3643 1825 3728 detinent
1873 3645 2093 3728 nullatenus

160 3793 165 3808 ·
305 3757 536 3840 sustineatis
563 3761 708 3839 Actum
736 3755 871 3838 Menae
899 3756 1072 3864 ianuarij
1100 3749 1220 3837 Anno
1235 3751 1389 3860 dominj
1404 3751 1608 3839 MCCLIX
1633 3757 1679 3838 in
1705 3773 1860 3839 octaua
1875 3749 2093 3869 epyphanie

306 3867 471 3978 dominj.
568 3933 574 3944 .

219 4268 220 4271 ‘
313 4261 446 4405 457..
946 4261 1095 4402 1259
1141 4257 1191 4364 d
1239 4273 1317 4365 at'
1363 4259 1472 4364 Jan.
1763 4345 1769 4351 .
1882 4261 2098 4366 Rudene.

388 4479 491 4544 Rauca·
512 4441 751 4541 Sicinacossoxa
771 4487 949 4539 &sumente
969 4477 1010 4560 pt
1031 4475 1210 4558 fastigbeter
1229 4475 1290 4539 och
1310 4477 1420 4541 ll'ader
1440 4477 1488 4540 till
1509 4475 2102 4563 Miserius-crodmasklostertygg·

437 4559 500 4625 aad
520 4562 532 4623 i
552 4559 660 4640 Siara,
681 4571 768 4623 utum
788 4569 882 4622 annm
901 4559 950 4622 till
969 4559 1150 4642 elfledam,
1171 4559 1341 4642 brarjemte
1361 4561 1451 4624 tfven
1470 4561 1492 4640 4
1511 4560 1606 4624 liidde
1625 4559 1722 4623 nutas
1741 4560 1914 4643 ldsgifvus.
1956 4604 1963 4610 -

1747 4675 1782 4730 Δ.
1801 4678 1833 4732 3.
1853 4696 1882 4733 z.
1908 4697 1934 4734 ι.
1955 4695 1984 4736 a·

470 4808 522 4886 Jn
547 4809 711 4889 nomine
738 4810 863 4916 patris
891 4804 1033 4912 &filij
1061 4811 1100 4887 &
1127 4808 1291 4916 spiritua
1305 4809 1434 4889 sancti
1447 4838 1573 4891 amen.
1604 4811 1692 4918 Ego
1709 4810 1972 4897 benedictus
1987 4837 2108 4924 quon·

306 4917 399 5004 dam
426 4921 619 5027 swtraggi
646 4917 749 5000 filius
777 4918 1012 5026 grauissima
1052 4914 1285 5000 infirmitate
1327 4917 1539 5030 depressus
1567 4921 1698 5002 anime
1728 4947 1817 5002 mee
1853 4941 1999 5033 prout
2026 4947 2110 5034 poa·
2147 4999 2154 5018 ,

304 5057 394 5117 aum
421 5034 462 5113 &
486 5031 522 5112 si
549 5055 635 5111 non
661 5044 709 5108 ut
736 5042 878 5112 teneor
906 5028 1029 5141 cupio
1050 5027 1285 5136 prouidere.
1315 5028 1499 5143 VndeJde
1514 5031 1632 5115 bonis
1646 5030 1891 5116 mibiadeo
1914 5033 2111 5120 concam
