4362 5946
983 331 1097 522 μ’)
1148 391 1241 512 ⁴314
1337 427 1433 462 -·····-

301 625 453 737 332÷
723 569 729 579 ι
937 621 1305 764 radii-daal
1350 623 1524 756 Jun„
1660 644 1673 765 Ἰ
1826 571 1843 590 -.
1919 627 2076 773 Lyo‘u'.

252 825 256 834 '
373 841 464 910 cuv.
484 837 688 918 namma,
703 833 774 902 nce
794 835 926 905 nunu
938 833 1177 922 simam
1188 840 1250 904 och
1270 841 1429 905 anaema
1450 839 1488 902 ar
1502 839 1897 922 antinoensis
1908 845 2078 929 sauna,

195 931 198 950 ¹
423 919 2118 1088 ennaremus

1766 1121 1960 1198 anan

456 1257 727 1338 inuocattnus
757 1256 971 1366 episcopus
997 1283 1141 1338 seruus
1162 1283 1373 1340 seruorum
1402 1256 1479 1356 dei,
1509 1260 1675 1340 Dilectis
1696 1259 1788 1368 filijs
1816 1321 1826 1341 .
1856 1320 1866 1340 .
1895 1261 2081 1370 Magistro

269 1385 331 1452 ‘et
358 1364 554 1480 fratribus
568 1364 721 1451 ordinis
748 1367 1061 1476 predicatorum,
1079 1367 1258 1450 Salutem
1279 1385 1320 1449 et
1341 1369 1604 1479 apostolicam
1618 1369 1954 1453 benedictionem.
1983 1371 2081 1450 Cum

287 1494 568 1591 paupertatem
599 1477 641 1574 et
667 1479 794 1560 uitam
826 1479 1098 1587 profiteamini
1135 1480 1358 1588 regularem
1397 1483 1625 1562 insistentes
1654 1482 1790 1592 expio
1817 1510 1941 1593 quem
1968 1479 2082 1562 uobis

288 1577 481 1680 dominus
509 1589 724 1698 inspirauit
752 1587 906 1684 affectu
934 1589 1269 1700 euangelizationi
1282 1589 1398 1672 uerbi
1427 1589 1492 1671 dei
1520 1620 1611 1701 ,quo
1639 1591 1815 1700 populus
1844 1593 2083 1673 christianus

94 1719 99 1730 ·
188 1695 194 1712 ‘
284 1729 456 1784 numero
484 1717 526 1782 et
553 1701 698 1781 merito
730 1701 958 1809 ampliatur.
988 1700 1231 1782 auctoritate
1260 1703 1507 1810 presentium
1536 1702 1775 1799 inhibemus,
1803 1703 1964 1813 nequis
1994 1719 2082 1812 post

285 1810 442 1898 ordinis
469 1813 595 1892 uestri
630 1810 924 1922 professionem
958 1811 1010 1891 ab
1039 1810 1182 1892 ordine
1211 1813 1299 1918 ipso
1332 1813 1419 1893 sine
1447 1815 1510 1892 sui
1538 1813 1688 1894 Prioris
1717 1811 1895 1895 discedat
1911 1813 2081 1908 licentia,

231 2009 234 2016 ,
287 1919 560 2009 discedentem
587 1949 686 2026 uero
719 1921 872 2032 absque
900 1924 1104 2004 cautione
1129 1920 1356 2002 litterarum
1389 1939 1616 2002 uestrarum
1643 1927 1885 2005 auctoritate
1914 1923 2081 2004 alicuius

180 2035 184 2048 “
283 2025 493 2144 priuilegij
521 2035 574 2115 ab
602 2032 824 2141 apostolica
853 2031 946 2114 sede
975 2030 1125 2113 indulti
1155 2032 1288 2112 nullus
1303 2030 1452 2112 audeat
1469 2033 1661 2131 retinere,
1689 2034 1801 2144 quod
1817 2037 1850 2116 si
1864 2034 1958 2143 quis
1978 2033 2080 2115 forte
2159 2057 2161 2060 ·

278 2137 462 2234 ‘retinere
490 2146 762 2252 presumserit,
792 2142 946 2224 licitum
987 2143 1104 2224 uobis
1132 2143 1185 2222 sit
1212 2142 1256 2220 in
1285 2143 1406 2251 ipsos,
1422 2141 1567 2223 fratres
1595 2146 1819 2253 regularem
1842 2147 2078 2227 sententiam

282 2257 553 2365 promulgare.
583 2257 621 2336 N
623 2255 694 2336 ulli
722 2282 820 2362 ergo
844 2259 928 2335 &c
971 2271 1108 2334 nostre
1153 2251 1405 2334 inhibitionis
1446 2269 1488 2333 et
1530 2255 1798 2338 concessionis
1828 2263 1903 2337 &c
1934 2255 2078 2338 Datum

285 2359 491 2476 Lugduni,
520 2364 570 2465 Χ,
599 2363 680 2463 kal,
708 2364 808 2474 Julij
842 2363 1104 2449 pontificatus
1131 2362 1262 2470 nostrj
1291 2371 1413 2445 Anno
1442 2363 1599 2446 Tereia.

870 2505 1039 2590 Blybullan
1058 2504 1176 2589 biiuges·
1195 2507 1208 2569 i
1227 2505 1500 2588 segelgarnssnt‘irc.
1535 2561 1538 2568 .

290 2877 425 3014 333.
863 2917 871 3006 ῥ
922 2904 1072 3036 1246
1118 2903 1167 3011 d.
1216 2941 1284 3011 aa
1323 2891 1452 3011 lun.
1841 2969 1844 2976 ·
1916 2907 2082 3055 Lyon.

374 3124 467 3190 rsa.
488 3122 684 3188 nuatum
706 3123 777 3188 wa
797 3127 903 3210 appas
921 3126 1000 3189 ares
1015 3126 1062 3188 au
1082 3123 1332 3209 arae-mropn·
1362 3125 1424 3187 och
1457 3125 1622 3207 nuspa,
1654 3133 1701 3186 nt
1730 3121 1866 3186 staua
1897 3124 1983 3202 aem,
2013 3085 2087 3188 ω’

423 3208 633 3373 :3:1³st
631 3207 1089 3373 asifflaiiiggdfflmordm
1109 3208 1213 3291 drsgt,
1227 3209 1311 3284 ¹cller
1330 3209 1433 3290 algon
1459 3229 1561 3270 aunan
1592 3205 1697 3289 dylik,
1728 3216 1774 3268 att
1805 3205 1998 3285 densamma,
2030 3209 2084 3270 rid

400 3392 484 3456 al·
987 3362 1031 3414 -’
1100 3403 1151 3446 Ι.
1446 3399 1453 3452 t
1754 3368 1961 3446 nanas.⁴
2062 3375 2066 3382 ·

341 3587 347 3609 ,Ι
455 3506 724 3585 Jnrtocnnrtus
754 3506 968 3615 episcopus
997 3532 1137 3587 seruus
1165 3531 1375 3585 seruorum
1390 3505 1455 3587 dei
1470 3506 1781 3588 Venerabilibus
1797 3503 1990 3588 fratribus
2004 3507 2082 3586 Ar·

284 3615 552 3725 chiepiscopis
580 3613 621 3694 et
651 3611 860 3723 Episcopis
891 3635 1093 3724 presentes
1121 3617 1276 3698 litteras
1291 3616 1529 3724 inspecturis
1545 3617 1725 3698 Salutem
1751 3633 1793 3696 et
1821 3615 2083 3722 apostolicam

166 3743 172 3746 ’
280 3724 620 3836 benedictionem.
649 3725 757 3829 Quia
787 3727 973 3807 confusio
1001 3728 1165 3812 habitus
1191 3737 1285 3835 s'epe
1314 3726 1592 3808 confusionem
1621 3726 1777 3808 inducit
1820 3725 2009 3809 ordinum
2039 3746 2084 3809 et

281 3839 414 3920 etiam.
430 3838 657 3916 animorum
694 3839 934 3917 auctoritate
976 3837 1197 3942 apostolica
1238 3837 1459 3917 districtius
1502 3837 1690 3919 duximus
1726 3835 2001 3934 inhibendum,
2031 3858 2082 3922 ut

146 4046 149 4052 ,
280 3948 387 4034 nulli
416 3950 500 4030 siue
543 3946 664 4026 sitin
694 3945 901 4056 religionis
930 3946 1072 4027 ordine
1100 3949 1186 4026 sine
1229 3966 1342 4026 extra
1371 3948 1554 4029 ordinem
1590 3949 1853 4044 constitutus,
1895 3947 2084 4030 habitum

280 4053 523 4142 dilectorum
550 4055 727 4164 filiorum
757 4057 926 4137 fratrum
953 4057 1280 4153 Predicatorum,
1309 4075 1380 4138 aut
1403 4061 1459 4139 ita
1488 4059 1566 4139 sibi
1594 4057 1839 4140 consimilem
1853 4057 1966 4166 quod
1982 4085 2086 4168 pro-

284 4185 381 4282 pter
410 4199 502 4251 eum
530 4166 655 4249 frater
668 4165 904 4248 Predicator
934 4166 1044 4248 credi
1059 4171 1194 4276 possit.
1224 4167 1381 4247 deferre
1411 4169 1546 4266 liceat,
1575 4169 1728 4282 absque
1752 4165 1940 4250 mandato
1968 4171 2085 4253 sedis

262 4282 501 4392 *apostolice
529 4278 704 4389 speciali.
734 4279 933 4387 yolumus
962 4280 1085 4388 igitur
1112 4297 1152 4359 et
1186 4277 1429 4360 fraternitati
1459 4297 1592 4360 uestro
1621 4309 1706 4388 per,
1728 4277 1948 4386 apostolica
1977 4285 2084 4363 scri·

278 4407 352 4498 pta
380 4389 627 4492 mandamus,
655 4391 849 4498 quatinus
875 4392 935 4470 sin
964 4389 1214 4470 uliuestrurn
1244 4391 1286 4468 in
1309 4387 1542 4472 ciuitatibus
1569 4392 1708 4472 suiset
1724 4387 1953 4495 diocesibus
1981 4393 2083 4474 illos

239 4551 242 4566 ·
280 4499 355 4612 qui
383 4502 582 4609 prefatum
609 4500 793 4580 habitum
821 4501 886 4582 uel
916 4420 995 4582 sibi
1021 4501 1206 4608 predicto
1235 4499 1356 4580 modo
1385 4501 1633 4582 consimilem
1676 4515 1817 4582 contra
1864 4502 2084 4585 inhibitio·

242 4638 245 4648 ’
280 4635 377 4690 nem
405 4625 583 4694 nostram
610 4609 766 4692 deferre
794 4614 1111 4720 presumpserint
1138 4607 1189 4690 ad
1220 4607 1506 4718 deponendum
1535 4614 1668 4720 ipsum
1695 4639 1787 4692 cum
1828 4610 1892 4690 ab.
1926 4613 2084 4698 eisdem

278 4718 475 4804 fratribus
503 4721 689 4833 requisiti
718 4719 888 4818 fueritis,
916 4724 1139 4802 monitione
1168 4721 1360 4828 premissa
1388 4749 1722 4832 percensuram
1765 4721 2085 4806 ecclesiasticam

277 4828 442 4914 sublato
484 4833 767 5022 alppellationis
810 4833 1020 4914 obstaculo
1062 4830 1322 4942 compellatis.
1394 4833 1544 4916 Datum
1572 4825 1793 4942 Lugduni,
1810 4831 1868 4930 X,
1896 4831 1978 4933 kal,
2005 4836 2087 4918 Ju··

281 4940 351 5054 iij,
377 4941 494 5026 Pont'
525 4961 635 5028 catus
663 4943 792 5054 nostrj
820 4950 941 5031 Anno
970 4941 1121 5025 Tertio,
1423 4943 1437 4962 ’“
