4382 5964
807 339 1450 478 ·'·-630·-

251 649 258 660 ’
327 620 441 731 gina
467 613 591 698 trium
618 611 874 708 marcharum
901 609 1050 696 vsualis
1077 628 1248 698 monete.
1334 609 1570 718 eccnsistit
1601 611 1647 693 in
1674 607 1866 722 predictis
1886 608 2084 714 lundisihi·

329 729 430 814 dem.
463 723 654 810 videlicet
681 725 727 806 in
754 722 901 809 fundo.
925 724 1073 808 nicolai
1107 723 1209 808 dicti
1236 723 1318 808 hu.
1354 723 1394 806 X
1423 723 1616 808 marchas.
1646 721 1846 833 infundo
1884 727 1984 835 petri
2013 726 2086 814 dicti

328 865 473 923 rcmaer
500 838 539 920 X
567 836 749 920 marchas
783 837 836 919 ln
863 833 994 934 fundo
1023 835 1177 920 thorth.
1207 835 1380 921 totidem
1408 834 1592 918 marchas
1619 853 1661 919 et
1688 836 1731 918 in
1757 831 1887 918 fundo
1913 841 2012 947 petri
2037 871 2088 952 gy-

327 954 472 1046 theson
485 951 544 1032 III
559 947 742 1032 marchas
761 946 1021 1031 denariorum
1033 947 1165 1031 eidem
1186 946 1385 1030 sacerdoti
1401 946 1568 1030 confero
1582 961 1624 1046 et
1638 973 1713 1056 per
1724 948 1988 1031 scotacicnem
2000 953 2088 1035 trado

326 1067 416 1175 jure
444 1078 646 1175 perpetuo
673 1057 928 1172 possidenda.
962 1077 1008 1143 vt
1034 1058 1220 1142 redditus
1247 1087 1298 1142 ex
1327 1055 1385 1142 eis
1425 1059 1713 1171 prouenientes
1734 1055 1954 1170 ¹percipiat
1978 1079 2013 1143 et
2035 1091 2088 1173 prc

329 1204 401 1259 sue
433 1173 668 1256 voluntatis·
686 1173 856 1255 arbitrio
886 1168 1011 1253 libere
1049 1169 1251 1282 disponat.
1307 1171 1408 1253 Hiis·
1438 1167 1748 1254 condicionibus
1788 1169 1972 1253 adiectis:
2008 1176 2089 1286 quod

329 1287 441 1369 omni
468 1283 535 1368 die
564 1284 767 1367 dominica
810 1281 976 1395 quando
1018 1283 1105 1364 lieri
1147 1296 1282 1394 potest
1323 1309 1398 1394 per
1439 1309 1482 1364 se
1510 1279 1575 1364 vel
1603 1307 1679 1392 per
1704 1279 1841 1366 alium.
1892 1283 2035 1366 missam
2056 1282 2090 1367 de

327 1413 468 1482 sancta
496 1397 679 1500 trinitate
707 1392 816 1478 dicat
830 1392 1018 1478 Secunda
1045 1393 1146 1477 feria
1174 1393 1226 1476 de
1253 1394 1401 1506 spiritu
1430 1407 1584 1476 sancto
1609 1393 1726 1476 Faria
1741 1395 1879 1478 tercia.
1906 1392 1957 1476 de
1981 1413 2088 1477 sanem

331 1507 537 1595 laurencio
565 1506 686 1592 etde
714 1519 856 1589 sancto
883 1507 1096 1590 vincencio
1122 1505 1365 1589 alternatim.
1393 1505 1493 1588 feria
1534 1523 1681 1615 quarta
1708 1529 1787 1618 pro
1815 1508 1982 1615 peccatis
2006 1505 2091 1589 Ferit

130 1665 134 1675 ·
193 1670 195 1678 ·
330 1627 475 1736 quinta
501 1619 553 1703 de
579 1635 719 1700 sancto
747 1618 905 1700 nicolao
934 1635 975 1700 et
1003 1615 1054 1699 de
1082 1633 1221 1700 sancta
1250 1617 1435 1700 katerina
1463 1616 1706 1700 alternatim.
1747 1617 1866 1698 Faria
1896 1634 2010 1700 sexta.
2039 1643 2091 1747 pm

331 1731 519 1836 fidelibus
546 1731 613 1814 dei
640 1727 852 1812 defunctis.
881 1727 1052 1812 sabbato
1080 1729 1132 1811 de
1160 1729 1280 1812 beata
1308 1729 1466 1839 virgine
1494 1730 1598 1810 Jtem
1629 1726 1683 1809 ad
1712 1726 1875 1838 predias
1908 1725 2009 1809 bona
2032 1726 2091 1810 ade

330 1847 394 1930 cio
422 1859 464 1925 et
491 1865 669 1968 appono.
700 1841 865 1923 Curiam
892 1867 1017 1952 quam
1049 1843 1130 1923 emi
1157 1837 1208 1922 dc
1235 1867 1429 1922 swencne
1458 1858 1628 1950 stumpe.
1666 1866 1760 1921 cum
1788 1838 1974 1923 omnibus
1998 1838 2091 1920 doni

208 2035 212 2042 .
332 1961 410 2042 bus
438 1957 483 2036 in
511 1982 560 2037 ea
586 1952 861 2035 existentibus.
909 1953 996 2037 solc
1025 1967 1197 2062 excepto
1225 1953 1420 2064 pomerio.
1454 1967 1500 2034 vt
1526 1948 1715 2033 sacerdos
1743 1949 1796 2034 ad
1825 1948 1978 2033 dictum
2001 1951 2090 2032 altare

332 2066 528 2152 canonice
556 2065 776 2149 institutus.
797 2061 933 2175 'ipsam
960 2064 1114 2146 curiam
1142 2091 1235 2146 cum
1269 2061 1464 2176 predictis
1491 2062 1612 2145 bonis
1654 2059 1821 2174 pacifice
1863 2059 2046 2172 possideat
2065 2075 2091 2142 ct

333 2178 596 2264 residenciam
623 2177 743 2259 faciat
771 2177 816 2257 in
842 2172 982 2257 eadem
1010 2177 1115 2256 ltem
1143 2176 1240 2369 (puis
1268 2171 1507 2287 supradicto
1549 2175 1667 2256 altari
1688 2171 1871 2286 ‘procidi
1906 2171 1956 2255 de
1993 2173 2091 2254 calice

166 2295 168 2302 ’
306 2289 484 2376 missali
511 2315 558 2371 ac
587 2289 731 2372 ceteris
759 2285 1006 2372 ornamentis
1030 2273 1080 2368 'et
1109 2287 1152 2367 in
1182 2288 1355 2370 umentis
1397 2283 1727 2369 sacerdotalibus.
1772 2301 1814 2368 et
1841 2283 1964 2366 rebus
1989 2281 2091 2365 dicim

336 2403 473 2485 officio
501 2397 746 2484 necessariis.
790 2397 886 2479 volo
915 2413 960 2479 vt
981 2395 1064 2498 ‚hec
1107 2399 1255 2480 omnia:
1299 2401 1342 2481 in
1370 2398 1465 2480 sista
1492 2401 1620 2510 magis
1661 2397 1774 2478 firma
1825 2423 1950 2508 quam
1975 2393 2092 2476 adhoc

220 2591 223 2599 .
274 2599 277 2610 ,
338 2511 566 2597 socialiter
584 2511 807 2623 ,deputaui
850 2511 1008 2591 cautius
1035 2528 1341 2593 conseruentur.
1399 2505 1541 2591 Dictus
1567 2509 1696 2591 eciam
1737 2503 1926 2590 sacerdos
1952 2507 1992 2588 in
2014 2505 2090 2586 lestis

338 2545 573 2737 displicibus
600 2640 641 2705 et
669 2623 713 2704 iu
740 2618 885 2705 diebus
914 2618 1136 2705 dominicis.
1164 2621 1330 2733 quando
1357 2636 1507 2731 potest
1529 2619 1696 2704 chorum
1724 2621 1768 2702 in
1794 2621 1915 2701 missa
1936 2633 1973 2698 et
1994 2618 2030 2697 in
2047 2641 2090 2696 n-

290 2734 297 2750 '
337 2739 467 2848 speris
508 2732 798 2844 frequentabit.
855 2731 964 2816 Volo
992 2734 1158 2845 insuper
1186 2732 1353 2817 dominc
1382 2731 1537 2815 decano
1589 2735 1663 2842 qui
1696 2757 1774 2843 pro
1802 2747 1982 2840 tempore
2006 2727 2090 2808 fuerit

179 2823 184 2833 ¹
241 2883 246 2892 ·
338 2852 404 2960 jus
434 2845 673 2930 instituendi
699 2841 950 2928 sacerdotem
977 2843 1182 2953 ydoneum
1216 2848 1282 2928 cui
1311 2845 1436 2927 altare
1470 2843 1701 2953 predictum
1733 2843 1928 2924 canonice
1954 2836 2090 2928 conferat

338 2977 379 3047 et
407 2958 463 3041 cb
491 2955 683 3046 delictum
710 2959 798 3042 cius
832 2958 866 3036 si
894 2954 1000 3037 forte
1042 2957 1259 3065 contigerit
1295 2953 1551 3042 destituendi.
1589 2955 1747 3044 saluum
1774 2968 1815 3034 et
1844 2954 2090 3066 integrunre

334 3097 508 3154 manere.
544 3065 740 3150 Sacerdos
773 3093 871 3148 vero
900 3063 952 3148 ad
981 3065 1088 3152 idem
1116 3068 1244 3149 altare
1272 3068 1481 3156 institutus
1518 3093 1642 3176 super
1678 3064 1797 3149 bonis
1827 3065 1908 3176 ipsi
1934 3063 2035 3144 altari
2054 3073 2091 3141 at·

242 3271 262 3295 ,Ι
337 3181 562 3266 tinentibus
589 3178 758 3262 liberam
789 3177 936 3262 habeat
962 3177 1275 3264 ordinacionem.
1309 3179 1369 3288 jta
1411 3179 1548 3286 tamen
1582 3175 1697 3290 quod
1743 3203 1818 3288 pcr
1865 3203 1908 3258 se
1949 3172 1995 3276 de
2028 3169 2090 3280 ipsis

338 3291 457 3378 bonis
483 3289 756 3378 immobilibus
796 3287 923 3371 nichil
964 3288 1141 3373 vendere
1183 3290 1247 3374 vel
1297 3306 1546 3374 commutare
1593 3313 1667 3374 seu
1740 3311 1968 3401 uocumque
2008 3280 2090 3366 tiolo

213 3415 215 3422 ’
339 3406 513 3486 alienare
555 3398 714 3483 audeat.
750 3401 827 3482 nisi
867 3400 947 3483 boc
981 3398 1088 3483 forte
1131 3400 1313 3513 capitulo
1354 3404 1419 3484 vel
1462 3399 1619 3484 decano
1667 3317 1848 3484 viderint
1893 3391 2091 3482 commodius

340 3511 542 3626 expedire.
600 3513 661 3594 De
689 3509 933 3621 supradictis
960 3513 1085 3596 eciam
1120 3511 1322 3598 fructibus
1369 3511 1574 3596 antedicto
1618 3509 1735 3594 altari
1777 3509 1974 3622 appositis
2009 3503 2090 3596 dem

339 3622 536 3709 sacerdos.
594 3623 781 3740 quolibet
809 3648 928 3704 anno.
964 3621 1182 3718 dimidiam·
1212 3623 1415 3710 marcham
1455 3622 1717 3719 denariorum
1759 3648 1959 3732 reponere
1990 3614 2032 3698 ad
2052 3639 2090 3694 m

285 3813 294 3826 ,
340 3738 597 3848 paracionem
644 3734 975 3818 vestimentorum
1028 3735 1225 3818 librorum
1275 3752 1315 3819 et
1364 3751 1531 3817 ornatus
1572 3736 1671 3820 dicti
1721 3731 1875 3817 altaris.
1919 3725 2091 3814 secundun

339 3847 627 3950 discreciouem
657 3845 781 3956 ipsius
809 3842 951 3928 decani
983 3845 1280 3934 reseruandam.
1326 3847 1509 3929 Preterca
1537 3843 1588 3929 ad
1616 3845 1813 3929 fabricam
1857 3843 2011 3928 ecclesie
2032 3837 2093 3916 lun·

238 3984 244 3996 ‘
340 3957 475 4051 densis
502 3955 595 4068 lego
623 3955 723 4045 duas
738 3958 871 4040 curias
898 3982 1017 4039 meas.
1045 3955 1089 4046 in
1116 3955 1384 4071 lckkaethorp.
1415 3983 1516 4069 quas
1544 3961 1622 4054 emi
1646 3955 1697 4053 de
1712 3957 1893 4041 tuchcue
1921 3947 2094 4063 seguthscr

340 4098 434 4156 cum
461 4067 660 4178 domibus„
678 4083 720 4156 et
747 4069 1005 4162 estimacione
1031 4067 1264 4164 earundem.
1285 4069 1336 4154 de
1364 4095 1538 4184 quarum
1566 4096 1701 4152 ceusu.
1730 4069 1844 4160 omni
1873 4091 1979 4150 anno
2002 4057 2092 4144 dedu·

338 4199 456 4264 catur
489 4196 687 4293 quantum
704 4177 891 4278 ,sufficiat
931 4178 986 4264 ad
1013 4174 1247 4264 oblaciones
1274 4183 1317 4266 in
1345 4181 1623 4280 anniuersario
1665 4181 1795 4292 patris
1823 4179 1905 4261 mei
1936 4171 2048 4258 karoli
2067 4166 2094 4247 i·

237 4367 241 4377 ,
340 4293 383 4374 lii
412 4289 554 4376 decani
602 4293 706 4380 Jtem
734 4293 811 4401 ipsi
846 4291 1012 4377 ecclesio
1039 4290 1131 4408 lego
1174 4321 1299 4377 vnum
1335 4288 1548 4402 becarium
1570 4291 1621 4374 de
1649 4299 1753 4373 auio
1784 4285 1927 4404 'quem
1966 4285 2032 4367 emi
2063 4275 2093 4397 dt

221 4484 224 4496 ,
279 4403 282 4412 ’
340 4403 541 4485 echkikke
568 4420 722 4484 sartore
750 4405 838 4485 ciue
880 4399 1070 4488 lundensi
1108 4422 1150 4486 et
1177 4403 1271 4487 volo
1298 4406 1433 4515 ipsum
1476 4401 1754 4485 transformari
1781 4403 1825 4483 in
1854 4401 2011 4486 calicem
2035 4413 2093 4474 cm

117 4502 121 4514 ’
197 4569 200 4578 ·
341 4514 638 4624 composicione
666 4531 707 4597 et
735 4513 961 4599 attinenciis
995 4532 1037 4596 et
1088 4513 1143 4600 ad
1184 4513 1384 4612 decorem
1413 4513 1557 4608 domus
1585 4514 1653 4602 dei
1701 4513 1745 4596 in
1787 4513 1866 4598 mei
1910 4505 2093 4592 memoriam

340 4625 575 4718 conseruari
603 4625 707 4709 ltem
735 4653 870 4728 mense
912 4623 1199 4713 canonicorum
1242 4627 1334 4738 lego
1362 4628 1517 4725 curiam
1545 4652 1674 4718 meam
1702 4619 1746 4714 i'n
1774 4611 2094 4809 thorthaetborpit

341 4737 556 4848 parrochia
598 4737 842 4850 tyrnethorp
885 4739 990 4832 ltcm
1031 4737 1084 4820 ad
1118 4737 1339 4845 tenendum
1380 4736 1699 4822 anniuersarium
1741 4763 1876 4818 meum
1902 4738 1948 4818 'in
1973 4737 2093 4814 ccccli

343 4847 573 4944 memorata.
610 4848 701 4962 lego
729 4868 770 4934 et
796 4877 870 4960 per
898 4846 1166 4932 scotacicnem
1194 4845 1313 4952 trado
1354 4846 1510 4944 [curiam
1552 4837 1680 4959 meam
1708 4846 1751 4931 in
1769 4840 2014 4952 ¹‚eatbathorp
2036 4856 2094 4958 cm

343 4961 600 5070 estimacione
627 4976 668 5043 ct
696 4959 883 5076 omnibps
909 4961 991 5068 suis
1019 4955 1272 5081 attinenciis.¹
1290 4979 1330 5067 ct
1359 4958 1911 5082 allimffillilllllssdfflmlilssf
1939 4954 2023 5073 litlp.
2044 4943 2093 5029 tis
2137 4971 2138 4978 ¹
