4404 5960
175 2825 178 2832 .
313 2757 556 2839 auctoritate
583 2754 859 2854 concedimus,
889 2772 934 2839 ut
962 2785 1054 2839 cum
1071 2755 1211 2842 eodem
1226 2759 1321 2838 Pres

1313 193 1329 229 Q

881 367 1409 516 ’-374...

725 567 731 604 l

150 584 193 746 ,l
278 637 449 786 aad·
955 581 1108 749 radi
1153 637 1202 746 d.
1249 679 1282 790 9
1328 643 1477 750 Mars.
1848 687 1852 697 ’
1902 649 2064 800 Napoli.

361 820 365 825 Α
393 859 484 923 Pars.
504 859 688 926 Anemosa
710 859 783 925 lvts
802 861 940 928 tillstdnd
960 817 1191 952 idr‘Biskopen
1211 867 1223 928 i
1244 861 1343 927 Siara
1375 875 1420 928 att
1450 863 1499 928 till
1526 861 1736 949 Kyrloberde
1756 865 1768 928 i
1789 861 1953 953 Bolleliygd
1979 885 2067 958 anuas

389 1011 398 1029 Ι
445 943 506 1008 den
527 943 702 1027 ib'reslegna
723 946 851 1010 Presten
872 948 1030 1020 Joflssffl·
1548 1028 1572 1083 p
1603 1045 1627 1086 ι.
1644 1029 1703 1100 ²4²1
1723 1030 1770 1086 a„
1800 1045 1812 1086 ι
1841 1030 1884 1104 Ep
1911 1033 1955 1090 stt

477 1165 711 1246 Alexander
744 1165 959 1279 Episcopus
986 1171 1141 1252 Seruus
1168 1165 1388 1248 Servorum
1418 1141 1521 1250 Det
1551 1168 1782 1268 Venerabrli
1806 1169 1976 1252 Fratri.
2002 1231 2011 1251 .
2035 1230 2070 1252 ..

509 1273 704 1387 Episcopo
732 1279 919 1362 Scaremst'
944 1282 1126 1364 Salutem
1153 1285 1225 1360 &c
1729 1282 1731 1288 ⁴
2159 1283 2160 1288 ’

479 1419 652 1502 Joanncs
680 1419 884 1502 Scarensis
913 1422 1115 1505 Presbitcr
1144 1437 1213 1501 tue
1243 1421 1422 1508 Diocesis
1457 1420 1576 1502 nobis
1606 1419 1811 1500 humiliter
1846 1421 2075 1530 supplicavit,

314 1535 358 1610 ut
387 1555 478 1609 cum
508 1555 630 1639 super
659 1528 820 1622 delectu
847 1533 1062 1632 natalium,
1104 1560 1225 1644 quem
1268 1531 1502 1642 patiebatur
1529 1530 1581 1612 de
1610 1529 1836 1640 presbitero
1879 1534 2024 1640 genitus
2044 1549 2075 1613 et
2137 1531 2141 1538 ’

290 1641 444 1735 ,soluta
473 1642 524 1722 sit
551 1667 644 1720 cum
672 1669 721 1722 eo
750 1646 991 1727 auctoritate
1021 1646 1134 1732 Sedis
1165 1644 1396 1751 Apostolice
1432 1641 1728 1752 dispensatum,
1763 1642 1993 1752 ampliorem
2018 1642 2078 1724 sibi

207 1815 216 1822 .
312 1753 482 1861 gratiam
516 1751 646 1833 facere
674 1781 924 1853 curaremus,
957 1772 1004 1836 ut
1033 1753 1250 1837 Ecclesiam
1278 1753 1328 1834 de
1358 1753 1525 1834 Ballabu
1554 1751 1732 1863 ejusdem
1747 1752 1936 1850 Diocesis
1962 1754 2077 1862 inqua
2160 1829 2161 1838 ,

188 1890 215 1936 κ
313 1860 485 1946 condam
514 1878 632 1974 pater
658 1891 755 1947 suus
783 1866 982 1975 plebanus
1010 1866 1188 1978 ejusdem
1219 1867 1408 1975 proximo
1437 1857 1696 1962 ministravit,
1725 1880 1766 1946 et
1792 1864 1843 1946 ad
1866 1859 2080 1975 quamidem

314 1974 518 2056 Presbitcr
546 2004 568 2058 a
597 1977 703 2057 veris
731 1979 1060 2090 patronisipsius
1075 1978 1267 2060 canonice
1296 1992 1572 2086 presentatum
1600 2005 1641 2056 se
1670 1978 1812 2057 asserit
1834 1977 2023 2086 recipere,
2046 2001 2082 2054 ac

312 2085 487 2167 retinere
516 2085 623 2168 licite
651 2088 783 2169 valcat
811 2118 947 2170 secum
975 2087 1288 2171 misericorditer
1316 2085 1598 2205 dispensando.
1627 2089 1711 2169 Nos
1727 2087 1852 2196 igitur
1874 2088 1995 2197 ipsius
2019 2086 2082 2165 exi·

222 2223 230 2240 ⁸
312 2199 502 2308 gentibus
532 2200 683 2279 meritis
710 2228 833 2310 super
891 2203 1010 2284 uibus
1038 2203 1076 2283 ei
1102 2199 1377 2281 testimonium
1404 2197 1644 2308 perhibetur
1665 2198 1871 2281 laudabile
1900 2195 2083 2278 attenden-

285 2329 372 2419 ¹tes
401 2337 540 2420 graves
570 2309 727 2394 labores
756 2329 796 2393 et
823 2229 953 2409 tedia,
986 2339 1067 2423 que
1096 2311 1201 2393 idem
1230 2311 1430 2420 presbiter
1466 2312 1701 2392 sustinuisse
1744 2309 1972 2392 dinoscitur
2011 2331 2084 2416 pro·

312 2438 403 2530 pter
431 2421 508 2502 hoc
542 2421 594 2504 ad
624 2422 766 2505 Sedem
794 2424 1053 2534 apostolicam
1090 2422 1140 2505 de
1175 2421 1445 2503 remotissimis
1487 2423 1674 2531 partibus
1700 2419 1924 2517 veniendo,
1966 2445 2011 2499 ac
2033 2443 2087 2498 vo

313 2533 437 2613 lentes
465 2533 597 2615 eidem
624 2534 679 2615 ob
707 2533 787 2616 hoc
815 2533 1037 2616 dummodo
1073 2535 1151 2616 sibi
1191 2535 1333 2615 merita
1361 2531 1487 2614 suffra
1517 2549 1648 2631 entur,
1677 2549 1718 2613 ct
1749 2552 1919 2642 paterne
1947 2528 2087 2611 nonsit

201 2663 205 2672 ’
300 2645 604 2726 ¹incontinentia
634 2647 812 2728 imitator
840 2649 1012 2756 gratiam
1028 2645 1159 2727 facere
1175 2645 1218 2726 in
1232 2642 1308 2726 hac
1353 2660 1459 2741 arte,
1487 2563 1749 2726 iraternitati
1762 2662 1832 2726 tue
1861 2643 2086 2756 presentium

1323 2676 1455 2839 bitere
1471 2755 1685 2868 supcr'hoc
1701 2758 1945 2838 auctoritate
1974 2768 2088 2834 nostra

314 2865 536 2976 dispenses,
565 2883 690 2977 prout
719 2869 896 2977 pensatis
926 2896 1097 2978 persone
1125 2869 1252 2979 ipsius
1281 2870 1590 2950 circumstantiis
1617 2866 1767 2950 videris
1794 2866 2003 2978 expedire.
2028 2861 2088 2974 Dt-

43 2999 51 3022 ·
179 2959 186 2979 ’
313 2996 400 3059 tum
428 2979 607 3089 Neapoli
631 2979 723 3098 VII.
753 2978 848 3063 Idus
877 2981 1030 3082 Martii,
1058 2979 1320 3065 pontificatus
1348 2980 1479 3060 nostri
1505 2984 1628 3061 Anno
1655 2980 1801 3060 Primo.

318 3371 450 3494 425.
615 3385 618 3394 ’
741 3293 772 3330 ἡ.
945 3290 1537 3476 1255diotun(

373 3639 375 3644 -
398 3591 504 3656 Grefv⁸
525 3591 638 3654 lours
659 3585 721 3650 o'eh
741 3589 903 3656 eanum
923 3589 961 3652 ui
976 3589 1121 3670 Holsten,
1149 3589 1311 3672 Stormarn
1331 3559 1392 3653 och
1413 3585 1638 3670 Seboueuburg
1653 3629 1656 3636 -
1669 3583 1858 3650 muneras
1878 3587 1926 3674 ps
1948 3582 1990 3648 de
2009 3582 2043 3646 ei
2055 3577 2098 3644 dt·

448 3697 499 3738 ras
519 3673 609 3736 iader
629 3671 744 3734 Grefve
765 3673 889 3735 Ancum
911 3673 957 3736 1v
977 3671 1039 3736 och
1060 3675 1169 3754 Hertig
1200 3673 1318 3736 Hermo
1339 3673 1354 3735 1
1374 3673 1412 3738 ei
1428 3671 1604 3756 answig,
1625 3669 1740 3754 wisby
1769 3670 1911 3754 borgare
1933 3665 1998 3734 och
2017 3661 2099 3728 Gau·

447 3757 537 3821 unda
559 3755 729 3840 lnbyggare
749 3756 872 3819 temate
891 3757 952 3821 iri-
972 3755 1034 3820 och
1054 3755 1242 3839 ruttigheter.
1268 3773 1272 3784 ’
1296 3771 1299 3781 ’
1409 3779 1412 3789 ’

1744 3833 1782 3893 K.
1798 3833 1819 3890 i.
1837 3850 1865 3888 ar
1884 3835 1930 3907 78.
1950 3831 1988 3904 0)

480 3945 657 4024 loannes
687 3946 727 4021 8r
755 3941 974 4021 Gunanous
1017 3939 1093 4020 Dei
1135 3943 1264 4049 gratia
1306 3938 1482 4022 Comites
1524 3933 1758 4033 Holtzatiae,
1798 3934 2038 4018 Stormariae
2072 3929 2105 4006 a

193 4152 199 4163 ³
315 4053 673 4139 Schouwenborch
701 4051 889 4133 omnibus
917 4065 999 4130 tam
1028 4050 1321 4160 praesentibus,
1343 4076 1464 4161 qvam
1485 4045 1631 4128 futuris
1646 4047 1832 4156 cupimus
1846 4075 1942 4128 esse
1965 4061 2102 4131 notum

311 4165 426 4282 qvod
453 4194 530 4247 nos
556 4165 611 4247 ob
639 4163 894 4246 dilectionem
922 4159 1059 4244 dilecti
1086 4165 1217 4244 Patris
1251 4163 1378 4244 nostri
1420 4159 1629 4241 universos
1673 4159 1790 4238 Cives
1824 4173 1914 4238 tam
1961 4157 2007 4237 in
2046 4177 2105 4264 op

313 4280 413 4388 pido
441 4276 610 4387 Wisby,
642 4304 762 4386 qvam
790 4279 833 4356 in
861 4275 947 4383 ipsa
976 4289 1085 4355 terra
1113 4273 1356 4358 Godlandiae
1389 4287 1614 4368 manentes,
1655 4269 1867 4378 nostrique
1900 4267 2104 4350 destricto

315 4393 505 4472 terminos
534 4387 810 4498 qu'uscunqve
839 4387 990 4515 negotii
1019 4413 1139 4468 causa
1166 4401 1440 4482 transeuntes,
1469 4397 1552 4462 tam
1571 4382 1615 4463 in
1630 4406 1771 4462 eorum
1785 4379 1988 4476 transitu,
2003 4397 2106 4488 qvam

172 4527 177 4538 ’
315 4500 449 4583 reditu
477 4529 579 4598 cum
597 4498 784 4581 omnibus
813 4497 1079 4580 mercimoniis
1107 4503 1147 4578 δι
1176 4497 1295 4580 bonis
1323 4496 1406 4576 suis
1434 4495 1478 4574 in
1506 4511 1684 4574 nostram
1717 4490 1946 4600 recipimus
1985 4500 2106 4598 prote

314 4611 509 4709 ctionem,
538 4610 765 4694 conductus
794 4613 923 4690 nostri
950 4610 1206 4691 securitatem
1235 4603 1382 4689 eisdem
1410 4605 1571 4715 plenius
1597 4601 1873 4700 conferentes,
1915 4598 2109 4706 talemqve

355 4855 381 4932 ‘)
403 4851 497 4912 Detta
517 4859 552 4912 ss
571 4851 624 4915 det
644 4853 741 4916 ib'rsta
766 4849 864 4917 bland
895 4851 983 4931 dem,
1014 4871 1081 4914 som
1112 4849 1227 4934 Pm'omp
1257 4847 1407 4912 Joumus
1437 4845 1499 4910 och
1529 4845 1602 4911 belo
1633 4843 1875 4910 Paulae-m.
1913 4835 2110 4913 Οοπνωὴίῑ

396 4931 509 5016 ,Wisby
528 4933 631 4997 tillika
660 4935 733 5000 med
764 4935 942 5000 Gordium
972 4935 1077 4998 Prrn
1097 4929 1159 4996 och
1179 4931 1251 4997 bolo
1271 4933 1436 4996 ffluoriter
1455 4931 1507 4996 Ην.
1528 4929 1699 4997 Cenum
1718 4927 2013 4998 demando
2033 4923 2063 4988 d.
2080 4915 2114 4984 ²5

395 5016 460 5100 ltaj
485 5013 562 5082 236ss
580 5015 660 5082 atter
678 5020 830 5104 orginalet
849 5019 1024 5084 vidissent.
