4368 5950
975 529 1033 553 ι-
1146 477 1260 566 η’
1337 513 1427 548 -·

300 759 426 866 191.
565 783 569 794 ·
719 721 725 731 “
959 747 1109 820 1220
1162 689 1465 841 ddNou.
1850 708 2060 826 Late'ran

368 915 460 1003 Pon.
489 935 648 1000 floream
669 936 739 996 lllts
759 931 943 998 bekrlllelse
965 935 1003 996 af
1018 934 1153 1018 Konrmg
1172 935 1287 1002 Joms
1306 935 1342 1000 it
1361 934 1513 1019 Biskopen
1534 932 1545 994 i
1563 931 1664 996 Siara
1683 929 1745 1012 oph
1767 931 1878 999 ltikata
1900 933 1998 1016 affigo
2015 931 2062 998 ni.

411 1020 524 1107 skopar
545 1015 718 1082 ffiruuuodc
739 1016 882 1080 friheter.
924 1069 926 1076 .
1377 1049 1380 1066 .
1541 1043 1543 1050 ·
1734 1065 1737 1074 ,

1618 1074 1988 1198 ²·'Lpbnb0
2101 1175 2110 1192 .

448 1269 659 1350 Honoruus
687 1265 900 1375 episcopus
928 1291 1080 1348 seruus.
1109 1295 1319 1349 seruorum
1347 1265 1424 1355 dei.
1452 1266 1686 1348 Venerabili
1714 1265 1841 1346 fratri.
1871 1265 2061 1374 Episcopo

205 1371 211 1386 '
281 1382 469 1466 scarensi.
497 1379 676 1460 Salutem
705 1383 744 1455 &
772 1375 1044 1484 Apostolicam
1074 1377 1409 1460 benedictionem.
1467 1378 1570 1458 Cum
1598 1405 1623 1456 a
1637 1377 1756 1458 nobis
1769 1377 1934 1484 potitur.
1948 1374 2062 1485 quod.

215 1517 222 1537 ·
281 1495 434 1576 iustum
468 1507 528 1571 est
556 1496 595 1569 ssr
622 1487 836 1568 honestum
865 1486 965 1566 Tam
994 1489 1110 1596 uigor
1138 1489 1329 1598 equitatis
1358 1515 1477 1596 quarn
1510 1487 1612 1568 ordo
1640 1489 1765 1596 exigit
1778 1487 1957 1567 rationis.
1973 1502 2015 1565 vt
2029 1485 2065 1568 id

280 1631 358 1713 per
393 1597 707 1684 sollicitudinem
742 1594 867 1702 officij
901 1601 1030 1676 nostri
1064 1597 1118 1680 ad
1146 1598 1330 1706 debitum
1359 1595 1606 1707 perducatur
1634 1597 1834 1678 effectum.
1876 1599 1952 1676 .Ea
1979 1623 2063 1704 pro·

281 1732 375 1824 pter
409 1709 650 1793 venerabilis
677 1707 722 1815 jn
750 1705 902 1787 christo
930 1707 1055 1788 frater
1084 1708 1184 1790 Tuis
1217 1711 1331 1791 iustis
1361 1707 1707 1816 postulacionibus
1735 1721 1897 1818 gratum
1927 1707 2065 1816 jmper·

199 1853 203 1862 ’
282 1813 435 1906 cientes
469 1847 683 1924 assensum.
721 1815 928 1897 libertates
956 1820 1251 1926 possessionum
1279 1834 1321 1900 et
1349 1819 1621 1926 immunitates
1649 1847 1695 1899 ac
1728 1819 1806 1900 alia
1839 1845 1921 1928 que
1954 1817 2066 1898 karis-

280 1935 406 2043 simus
445 1930 492 2038 ju
533 1929 685 2010 christo
725 1925 830 2008 filius
872 1945 1018 2008 noster.
1041 1930 1095 2008 .J.
1138 1929 1307 2036 jllustris
1341 1957 1414 2008 rex
1442 1931 1593 2010 swecie.
1626 1927 1790 2021 ecclesie
1819 1945 1888 2009 tue
1920 1927 2065 2035 liberali

281 2040 456 2126 contulit
498 2042 658 2150 pietate.
704 2054 828 2145 prout
869 2037 914 2144 jn
942 2039 1068 2145 ipsius
1103 2040 1247 2122 litteris
1276 2040 1435 2149 plenius
1465 2045 1707 2120 continetur.
1736 2040 1841 2122 sicut
1869 2065 1919 2119 ca
1946 2042 2066 2120 omnia

159 2155 164 2163 “
282 2157 387 2236 iuste
415 2179 460 2232 ac
487 2150 650 2260 pacifice
679 2149 850 2256 optines.
880 2147 956 2228 tibi
986 2164 1026 2229 et
1062 2177 1135 2257 per
1164 2167 1205 2229 te
1232 2149 1531 2232 successoribus
1546 2149 1639 2232 tuis.
1655 2148 1898 2230 auctoritate
1914 2165 2065 2262 aposto·

282 2265 362 2346 lica
387 2261 689 2364 ,confirmamus
717 2273 758 2338 et
786 2259 982 2366 presentis
1010 2261 1153 2369 scripti
1179 2261 1409 2368 patrocinio
1437 2261 1738 2344 communimus.
1794 2256 1859 2340 Ad
1886 2261 2066 2341 maiorem

183 2407 189 2425 =
284 2390 420 2453 autem
452 2373 513 2452 rei
540 2369 790 2452 euidenoiam
817 2385 998 2449 tenorem
1026 2369 1232 2456 literarum
1264 2374 1444 2481 ipsarum
1472 2369 1727 2479 presentibus
1756 2367 1947 2451 duximus
1969 2370 2064 2478 jase-

163 2479 167 2488 ’
222 2563 229 2572 ,
282 2481 466 2566 rendum.
493 2482 565 2590 qui
592 2496 651 2561 est
678 2479 780 2559 talis.
837 2480 884 2557 In
913 2480 1075 2561 nomine
1103 2477 1238 2563 sancte
1266 2499 1307 2562 et
1339 2479 1554 2589 jndiuidue
1591 2481 1795 2574 trinitatis.
1869 2481 2064 2562 lebamus
2155 2529 2156 2536 κ

282 2599 358 2676 dte.
386 2624 427 2674 se
454 2595 680 2694 effuanfrire
707 2590 783 2671 N:o
818 2589 904 2683 184.
1667 2593 1671 2602 '

452 2701 567 2808 Nullj
595 2726 695 2808 ergo
722 2701 891 2779 omnino
920 2699 1130 2780 hominum
1159 2700 1277 2780 liceat
1305 2699 1410 2780 hanc
1439 2702 1625 2809 paginam
1654 2720 1791 2783 nostre
1806 2701 2067 2781 confirmatio·

283 2815 349 2894 nis
375 2809 600 2921 jnfringcre
628 2810 692 2890 vel
721 2810 759 2916 ej
788 2836 886 2888 ausu
919 2814 1134 2891 temerario
1163 2812 1376 2891 contraire.
1407 2905 1411 2912 Ι
1444 2811 1486 2891 si
1515 2811 1606 2922 quis
1641 2817 1786 2894 Autem
1822 2812 1903 2892 hoc
1940 2829 2068 2892 attem-
2155 2833 2156 2914 j

182 2981 188 2992 -
285 2939 399 3032 ptare
435 2919 733 3030 presumpserit.
769 2917 1093 3028 indignationem
1132 2921 1421 3030 omnipotentis
1460 2920 1528 3028 dej
1565 2936 1605 3000 et
1641 2923 1853 3004 beatorum
1898 2922 2005 3030 petrj
2036 2930 2068 3001 &
2155 2919 2156 2930 ’

282 3032 399 3140 paulj
427 3032 702 3140 apostolorum
742 3030 831 3108 eius
858 3057 900 3108 se
928 3031 1091 3112 nouerit
1122 3031 1395 3139 jncursurum.
1437 3025 1606 3111 'Datum
1634 3029 1823 3114 Laterani
1853 3035 1869 3112 Ι
1874 3033 1904 3112 Ι.
1941 3035 2068 3114 Nonas
2155 3025 2156 3052 ¹

148 3178 154 3189 ‘
285 3141 540 3222 Nouembris.
599 3139 856 3220 Pontificatus
884 3142 1011 3219 nostri
1040 3169 1151 3220 auno
1178 3145 1336 3250 quinto.

345 3283 393 3350 rt
417 3282 575 3354 frduddou
595 3281 667 3346 med
688 3301 786 3364 nyare
806 3281 858 3342 stil
869 3294 879 3340 t
901 3279 1012 3344 Pliwe
1034 3281 1160 3366 Honorij
1180 3283 1325 3346 Vidimus
1344 3283 1404 3345 och
1426 3283 1647 3348 confirmation
1665 3285 1726 3371 opi
1747 3284 1904 3368 Koounglr
1928 3285 2026 3349 sohar

658 3363 773 3430 Mildes
791 3361 868 3430 bret
884 3365 998 3448 gifwet
1019 3365 1212 3460 Birpnlterge
1235 3369 1248 3429 i
1270 3367 1372 3432 stara
1397 3366 1486 3437 tono
1506 3359 1567 3432 &c
1592 3386 1680 3452 raro

296 3771 422 3882 192.
921 3767 1071 3836 1220
1117 3659 1165 3836 d
1213 3751 1244 3860 4
1291 3737 1420 3842 Nov.
1846 3733 2070 3839 Laterau.
2153 3669 2154 3742 ³

368 3951 462 4022 Pdfv.
489 3951 648 4020 Hosotmt
669 3947 739 4010 Illa
760 3945 902 4010 tillstind
922 3947 973 4009 liir
993 3949 1171 4031 Biskopeni
1192 3951 1291 4014 Siara
1311 3962 1369 4027 att,
1391 3953 1463 4016 med
1484 3953 1643 4036 undantag
1661 3953 1699 4016 af
1714 3954 1841 4016 evirare
1862 3954 1962 4032 brott,
1983 3953 2063 4037 gn'fn

397 4031 567 4116 aflonmg
586 4031 620 4094 tt
639 4050 793 4116 personet,
813 4027 925 4093 heilka
944 4030 1049 4094 kunde
1070 4029 1234 4096 underltta
1255 4033 1473 4118 skyldigheten
1495 4047 1544 4100 att
1565 4037 1639 4100 soba
1661 4036 1836 4100 densamma
1858 4039 1870 4100 i
1890 4038 1983 4102 Rom.

1535 4149 1566 4202 1².
1587 4151 1675 4219 1548.
1692 4150 1746 4210 An.
1766 4149 1792 4204 5.
1813 4147 1866 4220 Ep.
1886 4151 1945 4222 157.
2003 4209 2006 4218 ‚

282 4281 483 4368 Honorius
525 4247 743 4396 Episcopus
784 4229 938 4359 Servus
979 4253 1201 4356 Servorum
1244 4284 1331 4362 Dei.
1378 4287 1613 4370 ¹Venerabili
1638 4287 1806 4376 Fratri.
1825 4345 1834 4363 .
1853 4282 2070 4395 :Episcopo

835 4461 838 4468 .
927 4385 1122 4467 Scareusi.
1152 4390 1332 4473 Salutem
1360 4397 1433 4474 &o

449 4535 553 4616 Cum
589 4533 693 4613 sieut
728 4529 772 4606 in
799 4544 935 4606 nostra
981 4531 1230 4638 proposuisti
1272 4537 1474 4642 presentia
1504 4539 1758 4633 constitutus,
1787 4535 1981 4616 nonnulli
2009 4551 2070 4615 tue

134 4657 150 4670 “
283 4647 463 4728 Diocesis
497 4647 542 4726 iu
577 4666 774 4725 canonem
816 4636 897 4716 late
939 4639 1136 4722 sententie
1170 4643 1403 4741 incidentes,
1433 4664 1603 4757 propter
1632 4644 1747 4756 quod
1772 4663 1903 4728 essent
1932 4644 1988 4727 ad
2014 4671 2070 4724 se·

283 4755 377 4838 dem
403 4753 662 4861 apostolicam
689 4743 921 4833 destinandi
949 4751 1170 4834 secundum
1197 4759 1410 4839 canonicas
1437 4759 1662 4846 sanctiones
1690 4757 1787 4838 dum
1821 4755 2070 4837 considerant
2138 4776 2142 4789 ·

106 4962 111 4970 1
148 4929 154 4936 .
190 4943 200 4956 ,
283 4863 563 4974 difficultatem
596 4861 759 4960 laboris,
794 4873 835 4939 ct
861 4859 1019 4941 viarum
1048 4859 1279 4949 discrimina
1307 4868 1515 4980 negligant
1541 4868 1809 4954 absolutionis
1836 4866 2071 4951 beneficium

283 5045 556 5068 m

366 5109 394 5187 *)
413 5105 501 5170 Utur
522 5125 561 5169 en
580 5105 593 5166 i
613 5103 712 5168 stara
731 5104 763 5168 d.
784 5101 884 5186 7Maj
910 5102 989 5188 ¹37⁷
1010 5103 1175 5173 bevittnad
1196 5108 1330 5174 atttriti.
