4368 5950
988 501 1047 523 ·-
1157 483 1238 541 ΜΟ
1348 501 1406 526 -

292 679 349 765 ad
378 677 516 764 sedem
543 677 808 790 apostolicam
834 676 978 760 merito
1007 677 1089 758 sint
1118 675 1320 760 mittendi
1350 676 1462 760 iuxta
1490 651 1663 760 formam
1684 673 1851 764 ecclesie
1865 679 2067 773 beneficium
2151 729 2152 758 t

294 793 567 878 absolutionis
595 790 814 902 impendas.
857 794 898 870 &
932 787 1121 898 iniungas
1158 787 1307 870 eisdem
1345 788 1459 900 quod
1494 789 1655 900 iniungi
1691 789 1841 874 talibus
1875 799 2069 882 consueuit

297 907 495 992 attentius
524 904 761 1016 prouisurus
788 927 841 981 ne
869 898 1043 982 facilitas
1071 901 1189 983 nenie
1217 900 1314 1010 ipsis
1342 897 1408 984 vel
1435 899 1524 1012 alijs
1560 900 1812 984 incentiuum
1850 905 1992 992 tribuat
2015 905 2068 992 de·

297 1016 525 1134 linquendi.
554 1017 704 1098 Datum
730 1012 920 1096 Laterani
948 1013 998 1096 ll.
1014 1013 1119 1096 Non
1147 1011 1340 1092 ianuarii.
1369 1013 1633 1098 Pontificatns
1648 1013 1779 1098 nostri
1793 1017 1914 1100 Anno
1930 1018 2075 1123 Quinto.

983 1253 991 1262 “
1016 1153 1188 1242 lllybullan
1209 1155 1390 1222 bortfallan·

310 1395 447 1500 205.
946 1427 1092 1496 1221
1145 1389 1195 1494 d,
1249 1426 1310 1493 11
1362 1390 1471 1498 Jan.
1874 1391 2073 1500 Lateran.

2150 597 2152 686 w

382 1579 473 1646 Ptsv.
506 1577 667 1642 Bascama
693 1579 763 1642 lllta
783 1576 977 1662 beviljande·
995 1579 1035 1641 af
1052 1597 1092 1644 so
1114 1577 1228 1661 dagsrs
1249 1575 1336 1642 Anas
1355 1577 1390 1640 it
1410 1578 1568 1642 semrom
1591 1578 1664 1651 med
1684 1577 1797 1662 glsror
1818 1579 2018 1646 anderato'dde
2038 1582 2077 1648 dat
2151 1605 2152 1632 ³

432 1664 444 1725 i
465 1661 595 1746 sigtuns
615 1661 666 1724 till
687 1661 825 1745 Jungfru
848 1665 973 1728 nnus
994 1667 1049 1726 ira
1070 1661 1222 1750 nybygds
1242 1661 1432 1726 kostaamma
1453 1661 1733 1725 nuda-nostres

1548 1775 1687 1833 nuta
1720 1777 1973 1850 Ansnpsts

303 1959 306 1968 ’
366 1897 377 1923 “
465 1911 731 2022 Indrdgentia
758 1914 811 1997 ab
839 1911 1019 1998 Honorio
1045 1913 1131 1996 III.
1167 1910 1327 1994 adata
1358 1911 1562 1994 Fastibus
1596 1913 1750 1998 Saetiae
1791 1943 1904 2026 opem
1928 1919 2081 2020 serenti·

2150 1775 2152 1858 l

2149 1881 2152 2046 1

497 2024 571 2106 bus
597 2025 787 2110 Claustro
814 2033 858 2111 in
883 2027 1096 2109 Sarmata
1123 2051 1250 2132 nuper
1276 2040 1405 2105 erecto
1433 2023 1491 2105 acl
1515 2025 1703 2107 lwnorem
1730 2027 1871 2109 Beotoe
1913 2032 2079 2138 Virgini·
2150 2063 2152 2124 l

464 2133 670 2220 Honorius
697 2143 771 2221 &o
801 2141 973 2223 Dilectis
996 2137 1106 2242 filiis
1151 2137 1360 2218 Vniuersis
1399 2135 1553 2218 Cdristi
1580 2135 1775 2244 fidelibus
1813 2167 1894 2251 per
1922 2138 2081 2222 Suetium
2150 2193 2152 2244 3

499 2253 727 2332 mutitatis
754 2249 949 2334 Salutem.
978 2255 1050 2334 &a

467 2389 686 2494 Quoniam,
715 2409 762 2474 nt
789 2395 847 2474 ait
874 2389 1095 2504 Apostolus
1122 2393 1196 2472 &o
1224 2417 1347 2500 usque
1377 2387 1501 2469 vitam
1523 2403 1716 2471 eternam.
1744 2387 1848 2470 Cum
1863 2390 1987 2502 igitur
1999 2392 2084 2474 sieut

2149 2129 2152 2192 l

301 2499 530 2612 accepimus
557 2501 598 2582 in
630 2499 842 2585 Sicthunia
870 2502 1078 2614 quoddam
1105 2498 1324 2581 claustrum
1351 2497 1403 2580 ad
1431 2497 1629 2583 honorem
1668 2500 1787 2582 Beate
1823 2501 2002 2612 Virginis
2025 2529 2083 2583 uo·
2151 2535 2152 2538 ¹

299 2615 409 2701 viter
436 2612 488 2693 sit
516 2624 814 2711 constructum,
842 2642 927 2695 non
954 2612 1042 2694 sine
1070 2610 1205 2692 multis
1234 2607 1467 2707 laboribus,
1496 2629 1538 2693 et
1551 2612 1757 2720 expensis,
1785 2630 1826 2694 et
1854 2613 1910 2696 ad
1923 2613 2085 2696 substen-

299 2726 500 2812 tationem
528 2721 701 2802 fratrum
729 2722 831 2805 inibi
860 2725 1036 2806 Domino
1077 2719 1358 2803 famulantium
1401 2723 1568 2840 proprie
1604 2750 1689 2804 non
1724 2740 1948 2834 suppetant
1980 2719 2086 2806 lacul-

297 2853 427 2934 tates,
459 2833 771 2914 Vniversitatem
797 2851 969 2916 vestram
997 2859 1205 2944 rogamus,
1232 2847 1274 2912 et
1310 2859 1518 2913 monemus
1562 2849 1714 2916 attente
1757 2837 2084 2920 inremissionem
2151 2899 2152 2902 κ

166 3035 170 3045 ,
299 2949 419 3036 vobis
447 2942 726 3056 peccaminum
753 2945 1031 3056 iniungentes,
1058 2958 1260 3058 quatenus
1289 2941 1509 3024 claustrum
1538 2945 1669 3055 ipsum
1704 2945 1844 3028 divino
1874 2949 2004 3030 cultui
2031 2945 2086 3030 de·

301 3059 481 3147 dicatum
508 3055 635 3164 gratis
664 3051 888 3155 beneficiis,
917 3076 957 3140 et
986 3057 1064 3167 piis
1091 3053 1318 3137 elemosinis
1346 3051 1602 3154 adiuvantes,
1642 3056 1745 3139 illud
1779 3057 1832 3140 ad
1860 3059 2014 3141 cultum
2038 3057 2087 3140 di·

300 3171 388 3254 vini
415 3166 592 3250 nominis
620 3165 895 3275 ampliandum
923 3168 1063 3250 saltem
1093 3169 1137 3247 in
1166 3163 1267 3246 festo
1295 3165 1592 3274 Assumptionis
1617 3166 1802 3278 predicte
1824 3169 2006 3281 Virginis
2031 3166 2087 3252 de·
2151 3195 2152 3258 j

300 3294 399 3363 vote
426 3279 592 3360 visitare
621 3281 781 3360 curetis.
810 3279 895 3360 Nos
923 3281 1029 3362 enim
1057 3275 1110 3360 de
1139 3274 1414 3357 misericordia
1435 3275 1593 3376 divina,
1622 3295 1664 3360 et
1687 3279 1910 3362 ›Beatorum
1924 3284 2082 3392 Aposto·
2150 3295 2152 3358 l

301 3391 437 3478 lorum
464 3389 573 3471 Petri
600 3404 642 3469 ct
670 3391 786 3471 Pauli
813 3391 1054 3472 auctoritate
1082 3387 1241 3485 conlisi,
1272 3385 1460 3470 omnibus
1487 3387 1584 3471 illuc
1612 3391 1655 3471 in
1684 3389 1871 3501 predicto
1901 3393 2006 3477 festo
2032 3389 2088 3474 de·

303 3518 398 3587 vote
426 3489 760 3582 convenientibus
788 3499 931 3610 viginti
961 3500 1046 3584 dies
1074 3497 1125 3582 de
1161 3499 1343 3580 iniuncta
1377 3499 1454 3580 sibi
1492 3502 1717 3610 penitentia
1753 3503 1993 3590 relaxamus.
2021 3505 2085 3584 Da·
2151 3559 2152 3562 κ

299 3627 390 3700 tum
418 3611 607 3694 Laterani
634 3611 714 3692 111·
743 3609 840 3695 Idus
867 3613 1028 3695 ianuar.
1058 3613 1320 3697 Pontificatus
1347 3610 1477 3693 nostri
1504 3615 1623 3695 Anno
1651 3613 1819 3720 Quinto.

308 4003 441 4144 206·
956 4045 1100 4118 1221
1152 4010 1201 4115 d.
1243 4008 1324 4115 ¹13
1371 4009 1480 4114 Jan.
1870 4013 2088 4118 Lateran.
2150 4101 2152 4108 ,

383 4223 477 4294 Pdlv·
509 4221 668 4288 norom·
698 4227 767 4290 lllta
787 4225 961 4312 beiallninp
979 4232 1030 4296 till
1052 4231 1203 4316 Biskopen
1226 4235 1236 4294 i
1259 4229 1394 4294 Finland
1416 4239 1464 4291 att
1483 4228 1785 4318 biudis-tillliirseln
1805 4231 1855 4296 ftis·
1874 4229 2088 4318 sargrsnnnde

436 4307 620 4392 hedningsr,
656 4307 781 4373 bvilkaa
802 4311 899 4378 anlall
927 4315 968 4398 pd
989 4313 1030 4379 de
1050 4313 1132 4401 ioyo
1153 4312 1308 4377 curanda
1326 4311 1482 4376 Finnarne
1503 4313 1610 4394 ansigs
1632 4312 1813 4396 derigenom
1831 4314 1939 4378 bunna
1961 4313 2088 4379 lsindraa

1804 4425 1838 4482 K
1857 4443 1880 4480 e.
1906 4443 1967 4498 apo.

693 4554 903 4641 Honorius
929 4562 1051 4672 Papo
1081 4563 1122 4644 T
1116 4564 1242 4644 anns
1274 4557 1469 4670 Episcopo
1496 4533 1705 4640 deidioe.

466 4705 571 4788 Cum
596 4703 703 4786 sicut
728 4725 782 4782 ex
808 4699 951 4782 litteris
978 4699 1231 4786 Venerabilis
1257 4699 1410 4782 Fratris
1438 4702 1617 4785 nostri..
1633 4701 1863 4812 Vpsalensis
1883 4703 2088 4814 Archiepi

299 4819 413 4936 scopi
440 4831 583 4902 nostro
609 4829 672 4899 est
700 4811 960 4924 Apostolatui
988 4831 1211 4898 reseratum
1253 4813 1432 4896 Ecclesia
1466 4809 1542 4896 tibi
1576 4814 1785 4897 commissa
1820 4812 1873 4897 de
1900 4841 2020 4900 nouo
2045 4811 2088 4896 sd

300 4933 550 5050 agnitionem
582 4925 741 5012 venerit
781 4922 981 5026 veritatis,
1008 4929 1050 5010 δι
1078 4947 1103 5008 a
1135 4921 1569 5022 obcumadiacentibns
1609 4925 1792 5010 barbaris
1835 4927 2088 5019 nationibus,

300 5075 392 5166 qua
421 5041 712 5164 plantationem
739 5036 945 5125 nouellarn
969 5035 1175 5126 modicam
1198 5038 1407 5144 nituntur,
1433 5036 1716 5126 tribralationea
1729 5037 1876 5125 multas
1886 5041 2083 5124 mearat
