4368 5950
726 428 1251 530 ‘··175··

83 591 89 600 ι
217 627 225 634 ”
316 647 564 726 Irmocentiru
609 649 682 726 &a
713 645 941 726 Venerabili
965 648 1125 726 'Fratri
1137 701 1146 722 .
1163 702 1174 724 .
1191 645 1417 729 ‚Lamderui
1442 647 1743 760 Archiepiscopo
1768 652 1935 759 Aposto-
1987 621 1997 630 .
2038 717 2045 730 .

348 758 421 836 lice
448 756 562 834 Sedis
590 758 746 864 Legata
773 755 955 836 Salutem
982 762 1054 835 &a
1620 817 1623 824 .

198 985 206 992 ,
323 901 439 978 Pium
479 915 523 979 wet
559 873 750 979 Sanctum
785 898 1069 1008 propositum,
1095 897 1294 1008 qhod'de
1329 897 1594 1008 subventione
1629 897 1755 982 Terre
1792 903 1936 988 Sancte

145 1038 226 1118 pro
261 1009 467 1090 communi
502 1010 640 1090 Salute
670 1013 757 1090 Deo
787 1013 1009 1120 inspirante
1038 1013 1293 1121 concepimus
1321 1028 1363 1090 et
1390 1009 1611 1120 perducere
1639 1016 1855 1120 satagimus
1884 1017 1937 1098 ad

147 1117 337 1200 effectum
353 1148 404 1199 ex
419 1121 672 1228 generalibus
688 1120 828 1202 litteris
856 1123 1009 1230 poteris
1036 1121 1246 1206 advertere
1275 1121 1493 1201 manifeste·
1523 1122 1626 1200 Cum
1654 1147 1751 1232 ergo
1773 1123 1823 1206 de
1845 1129 1936 1208 Sin·

135 1231 325 1329 *ceritate
360 1257 408 1312 ac
443 1230 712 1314 sollicitudine
746 1239 815 1312 tua
851 1261 1037 1339 geramus
1073 1232 1258 1314 fiduciam
1287 1233 1521 1340 pleniorem,
1549 1250 1672 1343 teque
1708 1253 1944 1343 reputemus

150 1339 338 1427 idoneum
366 1341 418 1422 ad
448 1341 699 1451 fungendum
728 1371 804 1451 pro
833 1344 994 1424 Christo
1023 1343 1232 1452 legationis
1260 1343 1396 1423 officio
1423 1344 1467 1422 in
1492 1342 1568 1421 bac
1596 1370 1728 1442 causa,
1755 1344 1937 1428 devotio-
2015 1408 2023 1436 .

148 1479 241 1537 nem
273 1469 386 1532 tuam
415 1473 621 1533 monemus
648 1482 852 1560 rogamus,
881 1471 922 1535 et
950 1455 1204 1536 obsecramus
1232 1457 1275 1534 in
1305 1455 1479 1533 Domino
1507 1479 1582 1561 per
1609 1455 1829 1562 apostolica
1856 1461 1931 1542 tibi
2066 1527 2067 1532 ,

146 1565 297 1672 scripta
325 1565 506 1653 districte
536 1565 799 1672 precipiendo
827 1565 1083 1662 mandantes,
1112 1585 1152 1646 et
1180 1567 1223 1645 in
1250 1565 1490 1646 remissione
1508 1567 1782 1673 peccaminum
1804 1569 1937 1649 iniun-

147 1690 308 1784 gentes,
351 1692 551 1785 quatenus
579 1703 768 1755 accensus
810 1675 898 1755 zelo
933 1675 1025 1756 fidei
1054 1676 1280 1757 Christiane
1307 1674 1503 1782 adiungas
1530 1677 1604 1758 tibi
1633 1677 1741 1756 viros
1769 1675 1937 1762 idoneos

146 1813 241 1866 cum
269 1784 419 1894 quibus
447 1813 522 1893 per
549 1781 679 1865 totum
709 1787 892 1894 Regnum
921 1789 1128 1865 Danorum
1157 1802 1294 1895 portes
1323 1787 1364 1864 in
1392 1785 1777 1884 humilitate'eordis‚
1793 1807 1834 1868 et
1848 1818 1937 1870 cor·

145 1897 260 2006 poris
287 1896 456 1975 verbum
484 1897 645 1992 Crucis,
673 1911 714 1975 et
743 1895 793 1976 ad
821 1895 1109 1977 vindicandum
1136 1897 1321 1977 iniuriam
1353 1895 1544 1975 Crucifixi
1572 1895 1707 1978 fideles
1736 1899 1861 2006 ipsius
1876 1900 1937 1981 di-

145 2007 318 2116 ligenter
354 2006 531 2102 inducas,
560 2033 761 2115 exequens
790 2004 1003 2116 diligenter
1032 2023 1073 2086 et
1101 2006 1317 2087 efficaciter
1346 2008 1544 2103 universa,
1572 2034 1654 2116 que
1682 2006 1735 2088 ad
1764 2008 1938 2092 subsidi·

144 2145 217 2197 um
246 2115 372 2196 Terre
404 2118 552 2197 Sancte
587 2117 631 2198 in
665 2117 809 2196 litteris
837 2115 1091 2227 generalibus
1120 2117 1275 2199 videbis
1304 2115 1602 2225 comprehensa,
1631 2145 1712 2227 que
1741 2145 1764 2198 a
1796 2140 1836 2201 te
1864 2150 1938 2203 vo·

147 2225 281 2307 lomus
323 2225 502 2307 studiose
545 2229 688 2309 notari.
752 2230 807 2306 Vt
841 2245 974 2308 autem
1010 2256 1174 2338 operam
1203 2228 1450 2310 exhibitione
1482 2244 1678 2308 monstres
1706 2246 1745 2309 te
1773 2248 1937 2340 portare

147 2342 193 2419 in
221 2337 344 2419 corde
378 2355 452 2419 tuo
488 2340 672 2449 stigmata
735 2337 855 2418 Jeshu
885 2339 1037 2419 Christi
1065 2337 1247 2420 districte
1274 2336 1536 2448 precipiendo
1565 2338 1810 2439 mandamus,
1839 2371 1938 2453 qua·

146 2468 265 2531 tenus
308 2449 515 2529 excutiens
557 2447 610 2529 ab
646 2449 756 2528 omni
785 2477 949 2529 munere
978 2477 1121 2530 manus
1149 2467 1251 2546 tuas
1280 2478 1332 2531 ne
1360 2447 1514 2559 aliquid
1542 2465 1678 2560 preter
1706 2449 1868 2550 victum,
1897 2469 1937 2535 et

145 2560 227 2641 alia
255 2561 475 2642 necessaria
503 2560 698 2669 recipiens
725 2589 749 2639 a
777 2588 996 2670 quoquam,
1025 2561 1125 2672 quin
1154 2563 1271 2640 etiam
1303 2558 1507 2640 moderate
1521 2588 1681 2641 sumens
1694 2561 1768 2642 hee
1783 2563 1934 2661 eadem,
1992 2569 1996 2572 ’

145 2687 189 2752 et
231 2668 410 2751 modeste
445 2669 488 2750 in
523 2670 815 2768 evectionibus,
845 2700 933 2754 cum
963 2701 1040 2780 pro
1068 2674 1144 2753 hac
1172 2699 1293 2752 causa
1321 2671 1562 2780 processeris
1590 2673 1834 2770 vicenarium
1862 2703 1939 2754 nu·

144 2779 302 2863 merum
332 2810 412 2862 non
443 2777 694 2862 excedas'ita
724 2781 887 2862 modum
917 2797 1038 2892 atque
1068 2781 1303 2864 modestiam
1330 2782 1373 2862 in
1402 2781 1490 2879 hiis,
1519 2779 1688 2890 aliisque
1703 2811 1876 2881 servans,
1892 2802 1939 2864 ut

145 2897 200 2975 in¹
232 2909 272 2971 te
308 2890 432 2972 nichil
471 2891 785 3002 reprehensibile
820 2891 951 2974 valeat
991 2894 1178 2988 inveniri,
1222 2921 1297 3002 per
1325 2891 1436 3003 quod
1466 2889 1752 2973 offendiculum
1781 2892 1938 2975 credito

143 3003 226 3085 tibi
253 3003 460 3112 evangelio
489 3005 726 3112 prebeatur,
755 3031 997 3112 promovens
1025 3032 1073 3085 eo
1102 3005 1249 3099 studi0,
1279 3019 1320 3083 et
1346 3004 1558 3111 vigilantia
1587 3029 1746 3083 causam
1774 3005 1939 3102 Christi,

143 3131 193 3198 ut
208 3115 411 3224 particeps
425 3113 494 3194 fias
510 3143 746 3224 magnorum
767 3132 806 3195 et
834 3115 1052 3195 multorum
1081 3118 1293 3210 bonorum,
1323 3141 1403 3223 que
1431 3113 1481 3193 de
1497 3113 1582 3220 ipsa
1612 3114 1811 3194 credimus
1839 3144 1936 3226 pro-

144 3241 330 3307 ventura.
394 3225 437 3305 Si
465 3223 562 3332 quid
594 3242 724 3305 autem
752 3252 830 3334 pro
859 3224 984 3306 Terre
1010 3228 1155 3307 Sancte
1184 3251 1376 3305 succursu
1405 3223 1525 3304 fuerit
1553 3221 1627 3303 tibi
1657 3223 1849 3324 oblatum,
1879 3226 1937 3306 fa·

143 3339 229 3418 cias
259 3333 359 3415 illud
388 3335 496 3443 apud
527 3329 699 3446 aliquem
727 3337 957 3444 religiosum
986 3336 1118 3417 locum
1147 3334 1324 3416 studiose
1352 3338 1508 3444 reponi,
1537 3335 1835 3441 significaturus
1863 3365 1936 3418 no-

141 3447 210 3528 bis
239 3448 280 3525 in
310 3448 387 3527 fine
416 3447 510 3527 anni
538 3472 781 3558 processum,
809 3466 849 3528 et
877 3445 1105 3554 profectum
1134 3446 1414 3529 sollicitudinis
1440 3465 1520 3538 tue,
1549 3459 1595 3524 ut
1610 3473 1852 3553 cognoscere
1866 3475 1937 3526 va·

140 3558 298 3639 leamus
326 3557 437 3664 apud
466 3583 569 3666 quos
598 3557 816 3667 profeceris
845 3559 885 3638 in
916 3560 1096 3665 personis
1125 3576 1195 3638 aut
1222 3557 1342 3637 rebus
1370 3556 1423 3638 ad
1449 3557 1526 3636 boe
1541 3556 1715 3636 salutare
1731 3560 1936 3666 negotium
1960 3599 1963 3606 λ

139 3669 360 3778 deputatis,
390 3685 654 3778 nostrumque
683 3670 759 3749 tibi
787 3666 1082 3777 beneplacitum
1097 3672 1372 3750 rescribamus.
1430 3668 1536 3747 Sane
1564 3667 1774 3748 scribimus
1805 3669 1935 3748 Vene-

137 3780 265 3868 rabili
294 3779 425 3859 Fratri
454 3795 595 3859 nostro
624 3779 834 3862 Vbsalensi
862 3779 1189 3889 Archiepiscopo,
1221 3798 1267 3860 ut
1294 3781 1467 3887 ipseper
1484 3794 1609 3858 totam
1625 3777 1933 3857 Svethiamcum

134 3895 216 3973 tuo
246 3889 413 3971 consilio
442 3889 662 3970 secundum
681 3890 953 3999 ¹prescriptam
981 3889 1150 3969 formam
1174 3890 1252 3970 hoc
1274 3891 1479 3998 negotium
1507 3902 1739 3997 exequatur.
1798 3889 1937 3989 Quare
2059 3951 2065 3963 .

135 4000 344 4098 volumus,
373 4018 413 4082 et
441 3998 685 4097 mandamus,
714 4019 760 4080 ut
787 4029 908 4110 super
936 4002 1014 4081 hoc
1043 4003 1080 4080 ei
1109 4001 1330 4081 Consilium
1353 3999 1507 4080 tribuas
1522 4011 1781 4106 oportunum.
1839 3999 1930 4080 Dat·
1993 4033 1998 4038 ·

139 4113 338 4192 Laterani
368 4107 449 4222 (320
477 4111 568 4193 Kal.
597 4111 709 4222 Maij)
742 4111 1000 4192 Pontificatus
1029 4113 1155 4192 nostri
1186 4119 1306 4191 Anno
1336 4107 1622 4192 sextodecimo.

314 4223 361 4302 In
388 4219 529 4302 eodem
560 4222 680 4304 modo
710 4220 936 4303 Vbsellensi
965 4224 1290 4332 Archiepiscopo.
1319 4223 1434 4301 Pium
1463 4235 1502 4299 et
1532 4220 1718 4300 Sanctum
1749 4219 1934 4327 proposi·

129 4352 231 4414 tum
266 4339 339 4416 &c
370 4359 497 4442 usque
526 4333 802 4414 rescribamus.
861 4334 964 4414 Sane
993 4331 1175 4414 volumus
1205 4351 1245 4412 et
1273 4331 1520 4426 mandamus,
1535 4345 1582 4408 ut
1602 4354 1674 4435 per
1689 4343 1814 4406 totam
1836 4330 1932 4410 Sve-

129 4447 270 4528 thiam
319 4471 408 4524 cum
439 4444 607 4524 consilio
634 4445 886 4524 Venerabilis
914 4445 1065 4524 Fratris
1092 4445 1223 4524 nostri
1251 4443 1477 4523 Lundensis
1505 4437 1809 4546 Archiepiscopi
1838 4465 1935 4552 apo·

128 4556 283 4638 stolice
325 4552 438 4638 Sedis
465 4554 605 4661 Legati
634 4551 853 4636 secundum
882 4556 1145 4664 prescriptam
1173 4555 1340 4635 formam
1368 4553 1446 4633 hoc
1475 4550 1681 4658 negotium
1709 4549 1930 4659 exequaris.

127 4667 230 4750 Nos
257 4665 365 4745 enim
394 4661 523 4745 eidem
550 4665 864 4775 archiepiscopo
894 4666 1041 4747 nostris
1069 4665 1209 4748 damus
1237 4665 1379 4746 litteris
1407 4664 1450 4743 iu
1478 4656 1685 4758 mandatis,
1713 4677 1760 4741 ut
1774 4658 1850 4740 tibi
1865 4689 1931 4750 su-

126 4805 218 4892 per
246 4775 326 4857 hoc
354 4775 563 4859 consilium
590 4776 743 4858 tribuat
771 4795 1030 4888 oportunum.
