4368 5950
760 351 1354 510 ‘mnas-s„

12 611 15 616 ’
116 630 227 745 ago·
259 633 340 714 nm
360 663 363 671 ·
386 625 543 716 sanun
576 631 724 715 unae
746 623 1049 719 ascensiana
1072 567 1296 715 uuluam
1319 633 1467 720 nsua·
1499 617 1734 721 nasutas
1754 638 1913 745 'sanas
2035 599 2050 637 '¹

126 738 288 858 unctae,
328 743 460 858 quud
481 737 652 827 dicitur*
678 743 730 827 de
768 742 1007 842 Paraclitb,·=
1021 756 1065 825 'ct
1092 741 1207 856 quod
1231 734 1555 861 quusi³qubdatn
1584 747 1704 834 felicit
1718 735 1915 861 ¹'presagio

112 851 358 972 diuitumodi·
390 853 553 938 videtur
580 855 782 937 ¹sortitum
799 855 1053 938 -voeabul'um
1079 883 1130 938 cn
1157 871 1318 953 everunt
1347 875 1439 940 cum
1467 850 1766 972 reeupir'itus
1784 866 1913 970 ,Para-

111 970 202 1052 'elin
217 968 384 1050 donum
406 959 660 1076 'fucrit,'·quo
686 963 803 1050 ide'm'
823 969 897 1049 Dei
925 965 1100 1052 famulus
1126 966 1231 1048 stola
1258 966 1521 1074 beatitudinis
1549 954 1806 1078 estindutim
1821 987 1914 1085 pc'st

48 1149 53 1154 .
122 1097 300 1178 mortem,
342 1079 458 1160 cuius
483 1078 743 1188 dispendium
787 1077 886 1162 tides
929 1077 1076 1162 devota
1111 1105 1195 1160 non
1221 1081 1378 1189 patitur
1406 1079 1667 1190 deuolutus
1694 1089 1739 1167 in
1768 1087 1914 1169 celeste
2057 1103 2061 1128 ¹

120 1183 396 1285 babitaculum·
433 1205 691 1288 commutata,
722 1191 815 1301 quis
843 1208 946 1274 esset
973 1194 1221 1304 apparuerit,
1251 1207 1292 1291 et
1317 1193 1363 1274 in
1387 1191 1590 1300 premium
1600 1223 1608 1298 ᾗ
1616 1199 1748 1300 meriti
1777 1203 1916 1307 pr‘ece·

109 1303 260 1400 desitis,
275 1325 277 1333 ’
295 1295 565 1412 quia=11umen
600 1303 856 1383 intenebris
884 1303 1007 1385 latere
1035 1305 1120 1385 non
1147 1299 1319 1413 poterat,
1346 1307 1914 1419 nequeCivitasposita‘su'·

110 1409 192 1525 pra
233 1429 414 1494 montem
451 1411 659 1511 abscondi,
704 1413 841 1496 multis
882 1415 1052 1525 cepisset
1094 1429 1306 1496 coruscare
1332 1417 1556 1522 miraculis,
1585 1431 1632 1499 u't
1655 1417 1940 1504 ‘Sanctut'ab
2023 1505 2029 1514 ,

107 1523 563 1620 omnibushabcretur,
591 1524 787 1634 expositis
812 1525 932 1606 nobis
960 1527 1054 1624 vite,
1083 1553 1130 1606 ac
1159 1527 1475 1634 conversationis
1496 1529 1634 1637 ipsius,
1663 1547 1705 1612 et
1732 1535 1914 1643 que‘Dc·
1945 1557 1949 1566 ’

109 1641 249 1719 miuus
285 1637 535 1744 amicabatur
563 1663 640 1744 per
665 1662 757 1717 eum
772 1637 1058 1727 miraculorum
1075 1637 1257 1746 insigniis
1272 1665 1362 1719 cum
1378 1637 1517 1721 debita
1532 1639 1651 1723 suita
1664 1643 1917 1743 Venerabili·
2042 1711 2046 1722 .

110 1732 431 1832 busliFratribtis
457 1749 605 1827 nostris
627 1751 680 1852 ΙΑ.
710 1747 918 1857 quondam
950 1747 1158 1832 Luudensi
1186 1749 1503 1860 Arcblepiscopo
1531 1770 1571 1835 et
1599 1815 1608 1835 .
1638 1785 1690 1834 .·.·
1716 1754 1915 1836 Absolen-

105 1858 216 1940 elsset
249 1919 259 1940 .
291 1857 557 1970 .1.Scariensi
585 1857 795 1968 Episcopis
828 1861 1020 1942 instantia
1048 1855 1331 1968 supplicatum,
1359 1863 1530 1972 utquia
1544 1900 1547 1906 ·
1561 1863 1917 1975 non⁷³eratquud

106 1985 228 2053 tanto
272 1969 540 2051 nuntiabatur
581 1969 733 2052 indicio
772 1968 1073 2080 negligendum,
1102 1985 1144 2051 et
1157 2007 1160 2016 ·
1173 1974 1503 2056 canonizarcmus
1530 1973 1716 2078 eundem,
1745 1991 1787 2058 et
1805 1973 1917 2058 *San-

108 2101 285 2190 ctorum
314 2071 840 2196 annumerari··Cathalcgo
884 2083 1117 2166 faceremus.
1188 2084 1311 2192 Quia·
1331 2097 1443 2166 vero‘
1458 2085 1693 2199 almuando·
1711 2089 1809 2170 uitia
1838 2087 1922 2168 sub·

110 2195 246 2305 sp'ecie
275 2195 474 2275 virtutum
491 2193 660 2274 'occulte
678 2193 933 2291 subintrant,
962 2209 1003 2272 et
1030 2190 1210 2303 Angelus
1238 2195 1412 2280 Sathena
1441 2223 1536 2304 sepe
1564 2225 1605 2278 se
1632 2200 1675 2278 in
1704 2198 1804 2278 lu'cis
1822 2199 1916 2278 'An-
1944 2201 1949 2208 '

110 2306 250 2416 gelum
291 2304 474 2388 simulate
516 2301 789 2402 transformat,
823 2303 875 2386 de
903 2304 1076 2414 predicti
1102 2303 1348 2408 famuli-'Dei
1372 2308 1467 2405 vita,
1495 2307 1613 2405 fama,
1642 2326 1683 2391 et
1712 2311 1916 2396 miraculis
1959 2395 1962 2408 ,

107 2432 185 2531 por
227 2413 470 2526 predictum·
493 2413 708 2527 quondam
742 2415 997 2501 Luudcusem
1031 2416 1390 2608 Archicpisoopum
1416 2419 1642 2528 approbate
1668 2421 1751 2504 rite
1780 2423 1915 2526 tirum

99 2531 444 2638 ,timoratumct'
460 2529 620 2625 iustum,
644 2527 716 2608 cui
743 2530 887 2613 merito
915 2539 1003 2608 erat
1030 2554 1154 2636 super
1210 2527 1516 2630 oc'adhibcnda
1538 2530 1654 2626 ⁴lide's,
1683 2541 1730 2610 ac
1745 2535 1913 2640 per‘V'el

104 2631 338 2722 ¹iterabilem
366 2637 550 2720 Fratrem
576 2649 762 2720 nostrum
792 2642 835 2720 P.
866 2636 1202 2750 Rosquildensem
1230 2641 1490 2751 Episcopum,
1519 2656 1561 2722 et
1602 2640 1804 2749 dilectum,
1833 2643 1935 2730 ulia.

104 2769 177 2832 um
211 2793 225 2829 ·.
300 2810 309 2831 .
337 2749 539 2834 Abbatem
555 2793 558 2800 ·
574 2747 627 2830 d'e
654 2751 825 2833 rE'ruado
851 2751 1135 2852 Cisterciensis
1154 2751 1321 2833 Ordinis
1345 2753 1503 2864 ‘inquiri
1530 2751 1810 2865 mandarimus
1852 2755 1916 2837 di»

102 2858 300 2972 ligtnter,
401 2863 416 2943 i
458 2860 509 2943 de
536 2862 629 2958 vita,
658 2875 700 2942 et
728 2860 833 2942 fama
860 2865 961 2946 certi
989 2862 1040 2944 de
1068 2863 1165 2973 ipsis
1191 2871 1277 2942 'tam
1299 2883 1373 2977 per
1399 2891 1453 2962 se,
1477 2878 1614 2984 ,quam¹
1628 2877 1708 2980 per·
1734 2865 1844 2966 alios,
1873 2879 1915 2945 et
2013 2888 2018 2895 ·

105 2973 351 3056 demirans
369 2973 512 3055 is’tam
539 2997 709 3084 percos
742 2975 786 3074 in
814 2975 965 3084 quibus
993 2973 1101 3055 lacta
1130 2972 1301 3071 fuerant,
1330 3000 1452 3085 quam
1481 3002 1557 3090 per
1583 2993 1702 3062 testes
1728 2975 1914 3086 fideutg'a
1936 3001 1972 3052 ι
2089 3057 2093 3064 ,

98 3099 179 3169 uos
198 3087 372 3166 iuratos
400 3084 569 3166 veritate
597 3086 759 3194 cognita
785 3099 917 3170 certos
943 3079 1021 3168 'nes
1048 3082 1219 3168 reddere
1246 3101 1505 3186 curaverunt,
1534 3087 1590 3166 cis
1618 3089 1725 3171 inter
1752 3088 1913 3188 aliaeu*-

101 3195 364 3308 ponentibus
391 3191 650 3307 'quod'tairta
682 3197 726 3278 in
754 3196 915 3280 Christo
943 3197 1074 3305 gratia
1091 3195 1239 3280 ¹dirius
1266 3195 1538 3311 beneditionis
1558 3197 1725 3306 effulsit,
1753 3211 1807 3278 ut*
1823 3202 1913 3302 'cius
2006 3295 2012 3307 ,

98 3307 321 3416 suffragiis
349 3307 498 3416 leprosi
527 3305 790 3415 mundentur,
819 3324 1013 3394 sanentur
1041 3310 1183 3417 egroti,
1212 3307 1438 3390 liberentur
1466 3309 1915 3420 demoniaciapcriatur

48 3504 55 3516 ,
97 3420 249 3529 lingua
271 3426 275 3438 '
297 3435 512 3514 mutorum,
556 3437 595 3500 et
637 3417 751 3527 quod
789 3436 852 3502 est
886 3418 1110 3504 mirabilius
1137 3419 1216 3527 jam
1238 3416 1344 3502 idem
1372 3421 1423 3500 sit
1452 3420 1631 3528 plurium
1658 3438 1913 3504 mortuorum
2047 3500 2050 3508 ,

97 3531 310 3614 almificus
338 3531 562 3610 suscitator.
621 3527 810 3615 Gaudeat
837 3531 975 3646 itaque
1003 3529 1131 3612 Mater
1163 3530 1351 3628 Ecclesia,
1380 3529 1494 3645 quod
1514 3515 1677 3614 'celestis
1692 3531 1913 3614 fabricatur
1978 3584 1985 3601 ·
2015 3605 2022 3620 .

1 3695 2 3699 κ
93 3641 335 3724 Jerusalem
363 3640 530 3752 superui
558 3638 706 3727 edificii
734 3656 940 3726 structura
968 3640 1188 3748 consurgit,
1214 3665 1322 3719 nova
1355 3641 1399 3720 in
1441 3640 1593 3750 templo
1642 3641 1719 3723 Dei
1761 3643 1913 3726 colum·
1991 3631 1997 3644 ’

92 3781 180 3865 pua
215 3750 410 3858 erigitur,
437 3777 670 3861 novumque
698 3750 894 3861 produxit
922 3747 1197 3834 Misericordia
1227 3750 1303 3830 Dei
1330 3749 1483 3846 florem,
1514 3779 1636 3862 quem
1660 3752 1798 3838 celesti
1820 3750 1913 3835 iore

91 3866 279 3949 uberius
299 3863 520 3972 irrigatum
548 3865 661 3958 mira,
689 3879 730 3947 ct
757 3865 873 3942 suavi
901 3861 1086 3944 ubertate
1121 3860 1330 3944 fructuum
1358 3861 1599 3944 fecundavit.
1657 3864 1796 3944 L‘etari
1809 3893 1912 3976 quo-

91 4005 194 4090 que·
222 3961 364 4088 patria
400 3991 533 4059 vestra
561 3971 693 4072 debet,
721 3989 763 4057 et
790 3973 908 4082 cujus
935 3970 1185 4080 'jocunditate
1213 3973 1259 4094 iq
1288 3971 1675 4090 laudes'assprgere,
1691 3975 1912 4088 ,Crpatoris

89 4085 216 4200 quod
246 4101 376 4170 tauto.
398 4101 459 4170 ost
477 4084 659 4170 ,exaltata
687 4100 873 4193 patron0,
902 4069 1117 4193 talemque
1135 4069 1245 4192 apud
1275 4077 1407 4164 Deum
1435 4069 1582 4167 mdrui't
1609 4071 1928 4168 intercessorem·

85 4199 258 4283 habere
292 4225 366 4308 per
392 4223 515 4306 quem
541 4195 715 4277 nominis
743 4197 806 4276 sui
834 4196 939 4275 fama
971 4194 1016 4275 lit
1042 4194 1225 4290 celebris,
1254 4193 1455 4304 latiruque
1483 4193 1741 4296 diffunditur,
1769 4216 1809 4279 ct
1837 4225 1912 4306 per
2002 4217 2006 4220 ·
2061 4215 2065 4224 ’

86 4314 217 4396 euius
257 4306 507 4417 suffragium
541 4309 659 4416 quasi
685 4307 857 4390 vicinius
883 4305 1131 4389 habitatores
1158 4307 1221 4386 sui
1249 4321 1419 4416 possunt
1447 4303 1604 4411 facilius
1632 4309 1788 4416 veuiam
1815 4335 1912 4416 pro·

84 4420 266 4505 mereri.
327 4419 476 4502 Cantet
506 4433 690 4527 preterea
719 4443 869 4500 novum
898 4417 1073 4521 Domino
1102 4417 1303 4498 canticum
1333 4413 1518 4522 Ecclesia
1538 4410 1675 4498 Sancti
1690 4415 1910 4513 Thomede

1 4595 2 4603 t
81 4533 327 4627 Paraclito,
355 4557 437 4641 quc
464 4527 679 4638 splendore
707 4529 804 4610 novi
833 4527 995 4610 luminis
1023 4527 1272 4635 Confessoris
1300 4526 1424 4636 ipsius
1453 4525 1738 4638 requiescentis
1760 4528 1922 4612 ib'idem·
1980 4627 1984 4636 r

81 4648 247 4757 pulcra
281 4639 391 4723 sacta
416 4657 491 4736 est,
508 4635 560 4722 'et
583 4642 778 4750 apparuit
806 4643 997 4750 speciosa.
1055 4639 1181 4722 Decet
1208 4639 1329 4720 etiatn
1343 4639 1513 4719 Matrem
1533 4639 1750 4719 Ecclesiam
1766 4641 1816 4720 ab
1831 4642 1909 4722 illi·

81 4785 134 4840 us
167 4751 391 4849 laudibus,
419 4780 540 4863 quem
567 4753 650 4832 vite
678 4751 953 4851 beatitudine,
971 4753 1176 4862 signisque
1204 4777 1250 4830 ac
1278 4748 1481 4830 miraculis
1497 4749 1763 4831 beneficatum
1785 4754 1916 4834 aDeo'

79 4897 177 4955 esse
201 4879 389 4950 comtat
417 4863 615 4972 ingloria
644 4889 730 4946 non
757 4882 911 4962 vacam,
939 4863 1077 4948 sedet
1106 4862 1243 4972 potius
1271 4860 1455 4947 debitum
1481 4859 1680 4948 boumn
1711 4862 1909 4963 exolvere,

78 5011 132 5072 ac
165 4978 296 5090 uotis
312 4972 557 5090 ¹impsqdcre
586 4990 858 5081 sacramentau
902 4977 1040 5080 Quare
1067 5001 1153 5090 nus,
1186 4971 1340 5082 quibua
1363 4971 1466 5056 licet
1483 4971 1755 5058 immenasas,
1768 4975 1911 5058 Domis
