4384 5946
116 671 209 738 nnn
235 647 349 734 zelus
376 647 472 734 dum
500 647 718 733 districtius
747 645 943 730 malorum
969 647 1117 734 vindex
1146 652 1234 735 vult
1262 655 1447 754 existere,
1475 657 1619 742 transit
1639 655 1683 736 in
1696 647 1911 736 crudelita-

116 776 198 848 ,tem
228 763 429 844 correctio
457 747 519 874 66),
546 762 647 842 iram
673 752 827 867 judicio
855 756 1012 842 refrena
1040 767 1079 843 8t
1108 789 1276 848 censura
1303 766 1523 877 disciplinae
1551 773 1608 852 sic
1635 783 1748 848 utere
1777 759 1838 874 66),
1866 779 1913 845 ut

118 882 158 960 n
186 862 329 982 culpas
357 863 486 970 serias,
510 877 549 954 ἃ
577 861 830 954 adileclione
842 891 1126 980 personarum,
1140 899 1240 984 quas
1256 879 1446 987 corrigis,
1460 908 1544 962 non
1558 869 1731 961 recedas.
1760 874 1914 958 Miseri·
2030 901 2035 984 j

120 971 287 1098 condem
315 990 374 1082 le,
402 991 527 1094 prout
546 977 675 1094 uirtus
689 976 863 1092 patitur,
878 981 1123 1093 pauperibus
1137 987 1301 1085 exhibe,
1317 991 1519 1099 oppressis
1542 990 1719 1076 defensio
1734 981 1804 1068 tua
1818 984 1914 1066 sab-
2011 1039 2027 1058 -·

116 1099 274 1194 veniat,
307 1095 640 1206 opprimentibus
670 1084 849 1176 modesta
892 1098 1090 1178 correctio
1118 1099 1389 1200 contradicat,
1417 1100 1566 1182 nullius
1593 1101 1732 1182 faciem
1769 1114 1912 1179 contra

118 1206 314 1320 justitiam
341 1197 526 1315 aspicias,
554 1204 710 1306 nullum
738 1216 983 1315 quaerentem
1010 1199 1117 1315 justa
1144 1205 1359 1338 despicias,
1388 1211 1570 1294 custodia
1596 1213 1640 1292 in
1666 1229 1705 1293 te
1748 1208 1915 1320 aequita·
1959 1235 1964 1242 ·

121 1325 173 1404 tis
201 1311 391 1415 excellat,
420 1324 467 1398 ut
493 1339 568 1398 nec
595 1311 760 1398 divitem
787 1314 838 1428 ⁵⁷)
865 1321 1044 1425 potentia
1072 1347 1144 1399 sua
1172 1319 1325 1429 ahquid
1353 1321 1462 1431 apud
1490 1351 1563 1404 vos
1577 1339 1691 1407 extra
1705 1321 1809 1402 viam
1823 1345 1913 1400 sua·

121 1435 217 1518 deat
244 1423 411 1513 rationis
438 1417 606 1524 audere,
633 1456 709 1510 nec
737 1450 955 1536 pauperem
982 1429 1033 1511 de
1061 1458 1105 1510 re
1133 1459 1205 1511 sue
1232 1433 1350 1514 faciat
1391 1433 1595 1524 humiliter
1620 1430 1686 1544 ,66)
1729 1428 1915 1537 despera·

121 1571 185 1628 re:
214 1563 432 1652 quatenus,
463 1540 549 1622 Deo
571 1530 621 1650 ⁵9)
650 1535 880 1638 miserante,
908 1540 998 1622 talis
1026 1540 1155 1649 possis
1191 1544 1379 1642 existere,
1421 1543 1581 1655 qualem
1623 1569 1736 1623 sacra
1775 1540 1915 1620 Lectio

117 1653 323 1764 vrescipit,
349 1651 504 1737 dicens:
533 1653 708 1759 Oportet
735 1647 980 1759 Episcopum
997 1651 1395 1766 ¹irreprehensibilem
1425 1684 1520 1738 esse.
1576 1651 1657 1738 Sed
1683 1653 1745 1734 bis
1786 1649 1916 1732 omni·

118 1685 197 1852 bus
219 1764 439 1848 salubriter
473 1763 533 1847 uti
560 1764 730 1870 poteris,
759 1763 792 1842 si
820 1761 1049 1870 Magistram
1077 1765 1308 1848 charitatem
1335 1767 1541 1865 habueris,
1583 1791 1705 1876 quam
1740 1765 1812 1872 qui
1855 1787 1915 1842 se·

122 1897 241 1962 cutus
269 1877 391 1958 fuerit
418 1902 441 1955 a
469 1889 580 1956 recto
608 1873 825 1982 aliquando
853 1873 1011 1962 tremite
1039 1904 1124 1957 non
1151 1877 1311 1962 recedit.
1354 1881 1470 1968 Ecce
1498 1880 1638 1963 Frater
1666 1874 1915 1972 Charissime,

122 1990 229 2074 iuter
256 1987 382 2070 multa
408 1985 485 2067 alia
512 1985 710 2067 istasunt
738 1983 976 2082 Sacerdotii,
1004 1987 1080 2077 ista
1107 2005 1201 2069 sunt
1227 1990 1360 2086 Pallii,
1388 2017 1480 2099 quae
1507 1990 1542 2070 si
1569 1987 1746 2080 studiose
1782 2011 1916 2067 serva·

124 2103 249 2196 veris,
272 2095 392 2209 quod
420 2094 519 2178 foris
546 2098 743 2204 accepisse
770 2096 991 2180 ostenderis
1019 2099 1127 2180 intus
1154 2099 1334 2190 hebebis,
1387 2101 1532 2182 Sancta
1559 2100 1735 2188 Trinitas
1757 2098 1918 2178 Frater·

124 2212 290 2296 nitatem
317 2225 489 2290 vestram
516 2203 567 2317 6ο)
599 2208 736 2316 gratiae
766 2235 848 2288 suae
874 2211 1125 2316 protectione
1153 2211 1392 2310 circumdet,
1420 2230 1541 2324 atquc
1569 2213 1624 2294 ita
1649 2205 1700 2321 61)
1723 2211 1771 2290 »in
1798 2208 1917 2296 timo-

126 2323 182 2406 ris
208 2325 274 2406 sui
301 2319 366 2402 via
394 2347 468 2401 nos
498 2316 665 2427 diriget,
693 2334 759 2414 ut,
787 2336 882 2426 post
912 2322 1003 2402 vitae
1031 2321 1152 2430 hujus
1174 2323 1497 2420 amaritudinem,
1539 2322 1591 2405 ad
1634 2339 1822 2402 aeternam
1863 2319 1917 2400 si·

123 2436 210 2518 mul
236 2430 289 2542 ⁶²)
319 2427 572 2514 dulcedinem
599 2431 809 2539 pervenire
835 2458 1081 2516 mereamur·
1126 2433 1329 2542 Scriptum
1356 2463 1430 2544 per
1465 2462 1606 2516 manus
1631 2431 1681 2543 ⁶³)
1724 2431 1918 2517 iohannis

126 2544 333 2630 Scriniarii
362 2544 516 2624 Sanmoe
543 2542 732 2623 Romanae
754 2541 949 2643 Ecclesiae,
978 2545 1021 2624 in
1035 2545 1170 2628 Mense
1184 2545 1311 2653 Majo,
1327 2545 1551 2628 Indictione
1565 2543 1616 2657 ⁶⁴)
1629 2545 1782 2630 decima
1796 2571 1922 2652 qvar-.

127 2671 167 2741 ta
193 2655 245 2769 65)
271 2656 377 2740 bene
404 2654 504 2736 vale.
561 2654 664 2734 Data
691 2653 735 2734 in
763 2652 934 2736 Kalend.
990 2656 1113 2755 lunii,
1142 2685 1215 2765 per
1229 2684 1391 2744 manum
1405 2654 1700 2765 Theopbylaeti
1715 2654 1918 2736 Sacellarii

128 2771 282 2853 Sanctae
311 2763 425 2849 Sedis
453 2762 706 2875 Apostolicae.
749 2766 869 2848 Anno
898 2767 986 2850 Deo
1000 2770 1191 2876 propitio,
1207 2770 1464 2853 Pontificatus
1480 2770 1643 2850 Domini
1657 2765 1787 2874 Sergii
1802 2767 1919 2862 Sum·

1 2926 2 2977 ;
127 2883 186 2964 mi
210 2877 434 2973 Pontificis,
459 2895 501 2964 et
528 2873 807 2959 Universitatis
826 2877 972 2987 Papae,
999 2881 1043 2962 in
1072 2879 1341 2964 sacratissima
1369 2881 1462 2966 sede
1490 2881 1597 2963 beati
1619 2879 1726 2963 Petri
1741 2879 1918 2986 Aposto·
2036 2935 2039 2948 ,

1 3070 2 3091 ,
129 2985 161 3076 li
193 2991 304 3074 VIII.
345 2989 569 3090 Indictione
596 2988 705 3072 XIV.

140 3397 221 3516 ι).
724 3527 726 3538 Ι
791 3377 906 3527 913
953 3376 1002 3486 d.
1050 3419 1123 3528 29
1170 3379 1285 3488 Oct.

209 3601 305 3672 Ptfv.
326 3599 478 3668 tainu
499 3605 556 3665 th
569 3595 776 3683 stadinstelse,
799 3597 856 3666 vid
877 3597 1150 3691 divertendn‘pgen
1171 3600 1210 3667 ai
1224 3604 1358 3692 pellium
1378 3607 1427 3671 titt
1448 3601 1630 3671 irie-Bet
1654 3603 1826 3692 [inumb
1851 3607 1919 3670 dese

253 3689 450 3770 liirsamlings
472 3688 662 3772 privilegien
1056 3714 1061 3724 .
1092 3687 1096 3697 ¹
1155 3717 1159 3726 .

301 3823 506 3918 locasses
535 3831 780 3945 Episcopus,
816 3859 954 3918 servus
997 3861 1205 3918 servorum
1247 3833 1340 3937 Dei,
1388 3833 1535 3922 dilecto
1578 3837 1770 3923 confratri
1813 3821 1926 3918 Unni

131 3943 363 4032 Venerabili
391 3943 707 4057 Archiepiscopo
736 3943 1115 4057 Hammaburgensis
1148 3941 1332 4030 Ecclesiae
1361 3951 1436 4032 tibi
1451 3953 1612 4083 tuisque
1627 3949 1932 4034 successoribus

10 4063 14 4079 '
135 4059 176 4144 in
204 4073 455 4172 perpetuum.
512 4061 711 4141 Convenit
753 4054 988 4168 Apostolico
1031 4055 1294 4142 moderamini
1327 4086 1411 4170 prae
1447 4058 1640 4172 religione
1676 4059 1922 4172 pollentibus

135 4167 328 4257 benevola
356 4166 631 4280 compassione
659 4182 911 4267 succurrere,
940 4177 980 4251 Se
1007 4173 1259 4281 poscentium
1286 4174 1427 4254 animis
1455 4169 1583 4256 alacre
1610 4171 1822 4256 devotione
1851 4163 1925 4253 im-

1 4283 2 4294 '
134 4282 276 4394 pertiri
305 4304 533 4381 assensum,
552 4308 602 4362 ex
629 4275 708 4363 boc
734 4277 844 4364 enim
869 4277 971 4362 lucri
1007 4279 1259 4391 potissimum
1303 4281 1513 4393 praemium
1556 4283 1665 4394 apud
1708 4282 1924 4363 Dominum

1 4466 2 4488 ,
163 4392 277 4478 rocul
305 4390 432 4475 dubio
460 4415 752 4505 promeremur,
781 4390 878 4478 du'm
905 4392 1145 4476 venerabilia
1174 4391 1263 4477 loca
1290 4411 1519 4505 opportune
1546 4395 1730 4479 ordinata
1757 4393 1809 4474 ad
1846 4421 1926 4474 me-

1 4513 2 4602 j
133 4421 276 4589 liorem
305 4505 456 4587 tuerint
482 4529 556 4616 per
583 4530 658 4586 nos
686 4516 833 4586 statum
861 4503 1065 4615 perducta.
1124 4504 1274 4614 igitur,
1303 4505 1399 4618 quia
1414 4503 1625 4618 postulasti
1641 4505 1807 4603 anobis,
1826 4530 1929 4618 qua-

133 4631 251 4700 tenus
279 4615 444 4728 pallium
471 4618 849 4714 manumitteremus,
878 4621 917 4699 ἃ
946 4611 1348 4730 Arcbiepiscopatum
1377 4618 1784 4726 Hammaburgensem
1798 4633 1929 4698 totum

1 4813 2 4816 =
132 4797 405 4822 ...ιιι-..ιιι-

218 4858 272 4939 55)
292 4837 462 4948 Correptid«
503 4855 555 4941 56)
576 4857 754 4938 Seruium,
775 4853 832 4922 sed
848 4876 1020 4948 perperam.
1062 4856 1114 4946 57)
1131 4856 1256 4926 divites.
1284 4857 1335 4947 58)
1345 4859 1516 4928 humilitas.
1549 4857 1603 4948 59)
1612 4861 1754 4925 Domino·
1787 4856 1931 4939 nomm-

218 4948 371 5114 33:33
388 4941 575 5094 ἄξι’)ηῗωε)
588 4949 643 5012 tta
685 4944 738 5026 62)
758 4945 912 5010 similiter.
953 4944 1006 5028 63)
1027 4947 1157 5012 nanum
1180 4947 1289 5032 steph.
1349 4946 1402 5029 64)
1437 4947 1542 5096 Sexta.
1596 4943 1649 5028 65)
1670 4943 1747 5010 Hoec
1761 4963 1845 5030 qun
1883 4963 1933 5006 se·
