4382 5964
799 511 856 538 -
958 469 1047 579 ’657
1121 477 1217 588 ‘r'-

109 693 284 784 mns'in.
298 637 523 779 minoribus
547 691 921 803 sollempnitatibus
949 717 1041 774 cum
1070 692 1203 776 casula
1230 689 1291 776 de·
1310 690 1568 804 ymaginibus
1594 689 1713 775 beate
1733 631 1902 806 virginis
2036 745 2049 762 ι
2128 701 2133 716 ’
2180 795 2185 805 1

108 819 148 892 8(
176 808 326 892 esteris
350 803 668 910 sacerdotalibus
696 805 954 887 ornamentis.
984 805 1193 904 Ceterum,
1222 807 1256 886 si
1284 831 1375 903 nos,
1402 817 1603 909 armante«
1632 803 1827 904 domino,
1851 811 1928 888 in*

106 939 188 1000 tam
215 919 382 1001 remotis
413 917 530 1028 regni
562 916 750 1026 partibus
791 917 895 1000 mori
944 918 1176 1027 contigerit,
1213 915 1325 1026 quod
1353 914 1407 998 a'd
1434 917 1582 998 locum*
1597 916 1805 1028 sepulture
1834 934 1924 1025 sti-¹

107 1031 337 1140 pradictum
379 1055 530 1137 corpus
570 1044 755 1110 nostrum
780 1053 878 1110 mox
907 1025 1055 1109 deferri
1077 1057 1180 1110 non
1223 1029 1393 1138 poterit.
1436 1045 1624 1137 tempore·
1660 1027 1901 1112 intermedio

85 1139 291 1251 'eligimus
334 1134 470 1251 colligi
505 1141 549 1222 in
577 1154 676 1222 tunc
717 1140 905 1222 viciniori
946 1154 1153 1226 conuentu
1169 1135 1380 1220 ..ffratrum
1422 1139 1644 1237 Minorum,
1688 1167 1821 1250 quous
1879 1167 1903 1224 e

1 1324 2 1330 Ν
106 1250 157 1333 ad
184 1254 319 1335 locum
367 1253 611 1337 destinatum
654 1250 863 1354 commode
906 1254 946 1331 8(
968 1266 969 1269 ‘
989 1251 1088 1338 sine.
1118 1251 1351 1360 grauamine
1393 1277 1534 1356 eorum
1577 1279 1650 1360 per
1692 1280 1796 1362 quos
1859 1269 1902 1333 ct

67 1443 69 1454 ,
106 1365 318 1461 transitus,
347 1364 499 1472 poterit
525 1365 737 1472 asportari.
766 1361 946 1444 Racione
971 1363 1092 1445 -cuius
1127 1379 1227 1444 tunc
1254 1360 1402 1444 cedant
1443 1361 1638 1444 iratribus
1667 1362 1775 1444 illius
1795 1388 1901 1446 ¹oon-

92 1492 252 1558 ·uentus
278 1474 508 1558 dextrarius
545 1490 703 1572 noster,
747 1488 971 1572 armatura,
999 1477 1051 1555 br.
1066 1473 1167 1555 XL.
1194 1473 1368 1554 Marche.
1412 1469 1684 1556 denariorum.
1721 1473 1793 1556 de'
1812 1503 1901 1557 mu·
1992 1569 1998 1578 ¹

106 1612 202 1667 nere
223 1586 404 1694 speciali.
435 1589 539 1668 ltem
565 1612 644 1696 pro
673 1583 960 1696 redempcione
988 1587 1128 1682 crucis
1164 1596 1302 1666 nostre
1330 1582 1384 1665 ad
1414 1598 1565 1666 terram
1597 1600 1795 1685 sanctam,
1837 1613 1900 1669 as·

104 1699 319 1806 signamus.
349 1698 561 1779 CCCCnns
587 1696 780 1780 Marchas.
808 1696 921 1806 puri,
950 1723 1043 1778 eum
1070 1694 1221 1806 quibus
1242 1697 1465 1780 mittantur.
1494 1697 1636 1777 IIII:or
1650 1695 1796 1779 Milites
1808 1697 1900 1808 loco
1929 1722 1932 1728 ·
1983 1689 1986 1696 ’

104 1813 242 1891 nostri.
279 1811 359 1889 Pro
388 1806 509 1890 huius
536 1823 671 1890 autem
688 1835 852 1890 summe
880 1806 1097 1890 solucione.
1138 1808 1382 1916 assignamus
1423 1833 1532 1888 auno
1572 1806 1709 1889 obitus
1742 1811 1900 1910 nostri,

104 1920 451 2029 Almenningxnre
477 1947 551 2030 per
576 1922 852 2029 westgociam,
881 1923 922 2000 8(
950 1917 1273 2029 ledhongxlamae
1300 1925 1340 1999 8(
1369 1917 1546 2028 nel'giald
1571 1946 1658 2027 per
1685 1936 1900 2004 westman·
1996 1923 1998 1930 ’
2068 1891 2072 1898 ⁸

104 2033 213 2115 niam
241 2059 366 2141 super
392 2031 473 2114 hoc
499 2032 697 2112 instanter
738 2047 926 2138 rogantes
969 2057 1127 2129 omnes,
1170 2029 1322 2139 quibus
1350 2027 1475 2110 heca
1517 2030 1637 2112 nobis
1678 2044 1775 2112 sunt
1815 2033 1900 2112 col·
2014 2131 2016 2143 Ι
2140 2045 2144 2054 “

106 2141 185 2224 lata
213 2169 291 2252 pro
320 2140 543 2251 stipendijs.
572 2139 686 2252 qnod
714 2143 852 2225 nullus
879 2149 988 2251 egre
1003 2140 1107 2224 ferat
1135 2138 1249 2253 quod
1277 2141 1351 2222 hec
1372 2143 1586 2250 protentis
1603 2143 1762 2224 nostris
1791 2142 1901 2226 leua-

104 2277 192 2333 mns
219 2253 524 2338 necessitatibus
545 2253 772 2338 illoanno.
801 2259 842 2336 &
869 2253 903 2332 si
944 2253 1146 2366 assignata
1192 2277 1347 2333 summa
1380 2279 1466 2334 non
1510 2250 1671 2340 suflicit.
1699 2281 1777 2364 pro
1804 2283 1924 2366 sup·-

99 2361 329 2474 plemento,
357 2366 402 2448 in
429 2364 608 2448 secundo
635 2393 744 2448 anno
772 2365 1108 2474 almenningx'nre
1143 2360 1194 2445 de
1228 2363 1448 2472 westgocia
1490 2362 1717 2473 colligatur.
1773 2367 1900 2454 Cuius

105 2479 407 2559 exsecucionem
420 2477 705 2589 inwestgocia,
734 2477 1022 2558 committimus
1049 2475 1230 2556 Domino·
1259 2473 1588 2584 Archiepiscopo,
1617 2475 1794 2557 Domino
1807 2478 1901 2559 skaa

104 2589 224 2684 censi,
255 2588 509 2670 Cancellario
536 2593 578 2668 &
605 2587 787 2676 droteto.
815 2587 869 2669 Jn
896 2587 1169 2668 westmanuia.
1199 2585 1376 2666 Domino
1390 2585 1719 2695 Archicpiscopo,
1734 2586 1899 2674 domino
1980 2673 1984 2682 ,

105 2700 330 2784 Arosiense
347 2699 595 2784 Cancellario
623 2705 663 2784 8(
689 2699 871 2785 dronato.
900 2699 1004 2780 Jtem
1032 2725 1110 2807 pro
1139 2694 1422 2806 redempcione
1444 2699 1576 2779 crucis
1604 2713 1741 2780 nostre
1768 2703 1813 2782 in
1828 2704 1898 2784 Ri-

104 2837 211 2920 gam,
252 2815 375 2894 Auno
392 2812 540 2894 -obitus
565 2813 697 2896 nostri
724 2814 767 2896 in
795 2812 981 2922 expensis
1008 2810 1167 2892 nostris.
1210 2809 1353 2893 Illltor
1394 2809 1594 2918 Armigeri
1621 2813 1899 2896 transmittam·
2023 2833 2026 2840 ·

103 2937 182 3004 tur.
210 2924 315 3005 Jtem
340 2921 406 3006 Ad
434 2923 566 3008 locum
596 2927 706 3010 beati
732 2923 934 3024 francisci,
962 2919 1114 3034 Assisij.
1144 2918 1366 3005 XXIIIlzor
1408 2920 1590 3002 Marchas
1618 2923 1725 3029 puri.
1780 2925 1897 3008 ltem.

103 3032 310 3116 Monachis
338 3034 389 3117 de
416 3064 597 3122 warnem
627 3039 700 3125 rbi
727 3037 937 3151 predilccti
964 3036 1256 3149 progenitores·
1274 3033 1404 3115 nostri
1418 3047 1514 3118 sunt
1540 3030 1753 3114 reconditi.
1783 3034 1897 3118 CCC.

26 3193 33 3202 ·
102 3143 297 3234 Marchas.
324 3145 596 3233 denariorum.
623 3177 701 3260 pro
730 3177 903 3263 quarum
931 3149 1138 3232 solucione
1166 3145 1412 3255 assignamus
1439 3145 1497 3227 eis
1523 3144 1677 3226 uniam
1703 3161 1896 3246 nostram,
1991 3219 1996 3233 .

101 3253 289 3354 badhini,
311 3285 525 3370 quousque
540 3289 563 3342 a
577 3263 727 3344 nostris
741 3261 962 3354 redimatur
975 3261 1203 3356 heredibus,
1232 3257 1308 3338 sub
1337 3258 1414 3340 hac
1427 3256 1567 3338 forma.
1589 3255 1788 3354 Monechi,
1804 3267 1896 3340 cuni
2020 3339 2026 3350 ,

101 3369 280 3475 regimen
308 3374 349 3450 8(
376 3398 514 3452 curam
543 3373 655 3454 curie
684 3372 838 3484 prefate
872 3375 1135 3483 susceperint.
1180 3371 1407 3480 computari
1436 3367 1704 3451 &conscribi
1745 3369 1895 3452 faciant

101 3477 291 3578 fideliter,
319 3507 412 3562 cum
440 3485 544 3566 scitu
570 3482 725 3567 domini
753 3483 972 3583 skarensis,
1000 3489 1040 3565 8(
1067 3482 1258 3565 aduocati
1297 3481 1465 3580 ibidem,
1508 3480 1643 3563 omnia
1686 3510 1766 3592 que
1793 3484 1895 3563 rcci-

100 3591 220 3700 piunt
248 3595 290 3672 8(
316 3593 495 3676 estimari
524 3593 676 3678 faciant
705 3594 1042 3680 certitudinaliter
1071 3600 1111 3676 8(
1139 3597 1280 3675 taxari.
1309 3611 1353 3676 rt
1381 3593 1521 3676 relicta
1563 3593 1758 3674 caucione
1800 3595 1894 3675 esti·
1952 3657 1957 3670 ,
2055 3579 2059 3590 ’

96 3705 307 3801 mamonis,
335 3719 417 3786 tam
445 3732 568 3814 penes
610 3707 743 3817 ipsum
784 3706 993 3792 dominum
1035 3707 1300 3816 Episcopum,
1342 3729 1465 3816 quam
1494 3731 1616 3815 penes
1658 3705 1893 3804 monachos,

76 3820 222 3922 'qnam
251 3817 370 3896 etiam
399 3843 523 3926 penes
551 3815 814 3918 aduocatum,
843 3819 930 3900 sine
965 3817 1179 3900 cuiuslibet
1211 3811 1496 3906 diminucionis
1539 3814 1601 3894 rel
1630 3813 1894 3924 dilapidacio·

91 3924 161 4005 'nis
189 3924 422 4034 dispendio,
450 3931 577 4036 ipsam
605 3931 650 4020 in
677 3931 865 4018 omnibus
892 3954 995 4040 eque
1030 3928 1182 4011 bonam
1222 3929 1440 4018 restituant
1480 3928 1584 4007 sicut
1627 3928 1893 4034 susceperint,
2033 3965 2038 3976 ·

1 4047 2 4050 ‘
65 4061 191 4142 ,num
218 4065 306 4118 eam
333 4041 604 4148 representari
632 4041 864 4151 contigerit,
899 4041 1047 4121 nostris
1088 4038 1308 4121 heredibus
1350 4035 1660 4118 redimendam.x
1691 4037 1895 4148 Tempore

94 4171 196 4228 vero
225 4148 478 4246 intermedio.
506 4149 693 4234 volumus
721 4150 834 4263 quod
861 4149 1031 4260 singulis
1060 4152 1194 4246 annis,
1223 4147 1275 4230 de
1304 4145 1530 4230 redditibus
1558 4147 1736 4230 eiusdem
1763 4153 1894 4252 cu'rie,

126 4283 202 4340 uos
228 4259 439 4378 colligere,
467 4262 673 4344 custodire
701 4269 741 4345 8(
767 4261 985 4374 disponere
1012 4277 1196 4344 teneatur
1239 4260 1353 4367 prior
1382 4260 1447 4340 vel
1475 4259 1602 4340 maior
1644 4260 1892 4360 cellerarius,

94 4287 196 4453 dant
237 4388 318 4454 tres
365 4371 541 4482 pitancia
581 4371 797 4460 ffratribus
836 4379 880 4456 in
926 4389 1149 4469 conuentu,
1196 4374 1237 4450 8(
1263 4369 1343 4450 illis
1371 4367 1514 4452 diebus
1543 4370 1730 4468 dicantur
1756 4374 1918 4481 vigilie
1957 4411 1961 4423 ·

93 4479 374 4590 sollempniter
415 4487 456 4565 8(
506 4484 625 4568 missa
662 4485 712 4566 in
759 4499 983 4581 conuentu,
1026 4488 1067 4564 8(
1101 4510 1124 4562 a
1166 4481 1355 4593 'quolibet
1395 4479 1522 4564 fratre
1566 4481 1773 4580 sacerdote
1814 4513 1892 4566 vna
1952 4536 1957 4542 -

7 4663 16 4678 .
94 4593 237 4686 missa,
266 4619 290 4671 a
318 4591 532 4678 ffratribus
559 4622 659 4680 vero
686 4593 841 4679 clericis
868 4595 953 4676 non
980 4592 1258 4676 sacerdotibus
1287 4595 1327 4674 8(
1341 4591 1480 4700 laycis
1507 4594 1892 4703 correspondnncia,

92 4700 453 4811 inpsalteriis,-&
481 4721 780 4812 paternoster,
812 4707 871 4818 jtc
898 4703 1012 4817 quod
1039 4733 1118 4786 vna
1147 4701 1213 4786 die
1240 4727 1318 4813 pro
1348 4704 1493 4800 nobis,¹
1535 4703 1613 4783 alia
1642 4730 1719 4812 pro
1733 4704 1736 4712 '
1752 4704 1892 4789 llratre
1957 4795 1961 4806 ,
2068 4685 2073 4699 ’

91 4827 257 4910 nomo,
286 4817 327 4895 8(
353 4814 479 4898 tercia
506 4840 584 4924 pro
612 4819 849 4924 parentibus
876 4816 1044 4912 nostris,
1072 4831 1118 4904 vt
1146 4814 1300 4898 dictum
1326 4827 1405 4912 est,
1440 4815 1558 4896 Misse
1585 4816 1738 4925 puriter
1766 4822 1807 4898 8(
1829 4819 1892 4899 eis
2013 4919 2018 4930 Ι

93 4924 354 5021 corruencie,
382 4951 476 5006 cnm
502 4924 651 5035 rigilijs
676 4925 800 5010 dictis
823 4925 1120 5037 sollempniter,
1149 4925 1445 5036 persoluentur.
1488 4928 1589 5006 Cum
1616 4953 1725 5008 vero·
1742 4927 1903 5036 dictam-

94 5037 251 5121 euriam
279 5032 424 5148 redimi
451 5037 678 5147 contigerit.
707 5036 942 5124 ordinamus
956 5036 1069 5152 quod
1089 5035 1193 5142 illas.¹
1219 5038 1332 5127 CCC,
1361 5034 1543 5120 Marchas
1558 5038 1891 5228 priqquelmaior

230 5177 281 5240 se.
297 5165 436 5250 upton.
