4370 5950
981 469 1036 504 ε·-
1155 457 1227 524 raa
1340 415 1431 504 a?

301 674 364 744 tas
397 685 422 743 a
450 658 597 741 nosris
625 655 955 742 antecessoribus.
983 660 1094 767 regia
1128 661 1307 742 tuicione
1351 660 1511 740 muniri.
1548 675 1589 743 ct
1631 645 1858 738 municione
1898 657 2063 738 trierim

298 787 438 868 nostra
465 795 631 880 quoque
660 767 968 852 confirmacione
997 786 1038 849 et
1066 772 1307 853 testimonio.
1339 774 1559 880 suscipiant
1586 769 1813 852 firmitatem
1841 786 2064 876 perpetuam.

297 913 378 996 que
405 903 478 991 per
505 909 631 990 reges.
661 881 858 989 gloriosos
887 895 1157 962 antecessores
1172 899 1344 964 nostros.
1373 883 1629 990 Legittimam
1644 897 1684 960 et
1697 878 2004 988 irrefragabilem
2015 905 2065 961 se·

296 991 488 1094 cundum*
503 981 611 1101 leges
638 993 755 1101 regni
783 1009 1048 1102 susceperunt
1075 991 1340 1075 donacionem
1369 994 1514 1074 Sancte
1542 995 1667 1102 igitur
1696 992 1882 1071 memorie
1911 1017 1979 1070 rex
1996 991 2066 1070 Ka-

295 1123 430 1187 nutus.
460 1102 575 1183 cuius
602 1102 844 1185 venerandis
864 1102 1046 1214 reliquiis
1061 1102 1262 1186 sennensis
1277 1103 1454 1186 ecclesia.
1470 1107 1593 1186 immo
1614 1101 1739 1186 totius
1752 1104 1869 1209 regni
1890 1099 2066 1182 danorum
2161 1207 2164 1214 ι

152 1241 176 1272 ··
294 1215 511 1298 decoratur
539 1213 778 1321 amplitudo.
817 1216 866 1294 In
894 1219 1056 1297 ciuitate
1088 1215 1282 1323 predicta.
1314 1217 1400 1296 Deo
1429 1232 1471 1296 et
1509 1231 1650 1296 sancto
1678 1212 1835 1292 martiri
1862 1212 2068 1319 Laurentio

295 1325 585 1408 monasterium
614 1325 800 1406 instituit.
830 1326 972 1435 predia
1001 1341 1042 1406 et
1070 1329 1340 1435 possessiones
1369 1324 1551 1407 donauit.
1582 1326 1744 1405 Donata
1773 1323 1899 1430 regali
1913 1324 2069 1404 auctori·

296 1451 382 1518 tate
409 1435 634 1522 roborauit.
692 1437 744 1514 Et
771 1464 820 1516 ex
861 1436 1032 1518 donatis.
1076 1439 1373 1546 preposituram
1415 1457 1456 1544 et
1495 1464 1641 1518 nouem
1686 1432 1950 1514 sacerdotales
1989 1459 2069 1541 pre·

293 1546 461 1631 bendas.
491 1573 583 1626 cum
611 1545 810 1625 scolarum
835 1547 1032 1636 ¹beneficio
1060 1550 1283 1630 constituit.
1340 1548 1444 1628 Jtcm
1473 1547 1524 1628 de
1553 1543 1717 1627 annuali
1754 1571 1879 1624 censu
1903 1541 2069 1626 eiusdem

233 1749 247 1766 .
295 1659 478 1742 ciuimis.
509 1659 659 1766 quiex
688 1659 853 1767 antiqua
885 1658 1190 1740 consuetudine.
1242 1689 1319 1769 pro
1362 1661 1465 1740 areis
1508 1650 1597 1740 dari
1641 1657 1743 1738 solet
1772 1656 1915 1764 viginti
1940 1671 2071 1762 septem

294 1797 458 1852 marcas.
489 1768 533 1846 in
561 1765 697 1848 dotem
726 1786 767 1848 et
796 1766 1033 1877 desponsale
1061 1770 1226 1852 ecclesie
1256 1787 1549 1879 prememoratc
1593 1769 1761 1877 singulis
1802 1768 1917 1848 annis
1944 1763 2072 1874 perdo·

294 1883 423 1961 nouit.
454 1894 495 1958 et
522 1879 565 1957 in
593 1877 659 1959 die
688 1876 967 1960 dedicacionis.
998 1908 1133 1962 coram
1163 1881 1298 1966 multis
1327 1899 1368 1962 et
1398 1879 1666 1963 memorandis
1682 1876 1864 1960 testibus.
1893 1875 2074 1985 episcopis

295 2009 337 2072 et
366 1989 598 2100 presbiteris
626 1988 734 2068 illius
761 1992 963 2099 temporis.
995 1990 1177 2073 ducibus.
1208 1993 1533 2076 stabularibuset
1549 1993 1685 2072 multis
1705 1989 1914 2070 nobilibus
1935 1987 2074 2068 diuerse

295 2104 414 2184 etatis
442 2117 483 2180 et
511 2101 675 2182 ordinis.
706 2119 841 2194 ratum
869 2129 953 2182 esse
983 2103 1071 2182 Deo
1099 2102 1269 2211 preside.
1300 2094 1534 2185 eternaliter
1562 2101 1772 2184 stabiliuit.
1802 2103 1998 2180 Preterea.
2031 2094 2073 2175 de

291 2212 480 2296 omnibus
508 2213 638 2290 terris.
668 2237 769 2320 quas
798 2212 885 2293 Deo
914 2228 954 2292 et
981 2213 1160 2321 glorioso
1187 2215 1343 2295 martiri
1371 2215 1596 2296 Laurencio
1625 2212 1749 2295 dedit.
1766 2239 1925 2295 omnem
1942 2208 2075 2317 regiam

290 2320 500 2405 iusticiam.
544 2320 738 2402 fratribus
766 2321 878 2404 inibi.
907 2324 994 2404 Deo
1022 2317 1100 2432 pro
1134 2343 1316 2434 tempore
1359 2323 1651 2409 famulantibus
1694 2325 1907 2433 perpetim.
1937 2319 2073 2399 annuit.

289 2435 347 2543 jta
397 2451 442 2514 vt
489 2433 533 2512 in
580 2447 779 2541 potestate
825 2435 878 2513 sit
918 2436 1125 2544 prepositi.
1175 2455 1484 2547 ceterorumque
1522 2436 1707 2516 fratrum.
1751 2430 1956 2545 quidquid
1996 2456 2075 2512 cau·

292 2573 335 2629 se
382 2545 596 2627 emerserit.
639 2543 772 2623 tribus
800 2546 989 2653 exceptis.
1018 2548 1107 2628 Hoc
1136 2564 1207 2628 est.
1239 2547 1280 2628 Si
1308 2550 1400 2658 quis
1429 2550 1665 2630 colonorum
1695 2541 1808 2627 extra
1842 2571 1982 2654 pacem
2013 2566 2075 2648 po·

246 2720 249 2727 f
294 2656 394 2738 situs
431 2653 564 2735 fuerit.
603 2681 741 2764 pacem
770 2683 793 2734 a
820 2682 914 2763 rege
943 2654 1122 2738 redimat.
1183 2659 1462 2740 Substanciam
1491 2660 1587 2742 eius.
1617 2659 1849 2766 prepositus
1879 2673 1921 2736 et
1950 2653 2078 2762 fratres

292 2767 440 2850 tollant
496 2766 602 2846 Jtem
632 2767 665 2846 si
694 2763 1008 2872 expedicionem.
1041 2767 1317 2878 predictorum
1346 2771 1547 2880 quispiam
1575 2770 1809 2878 neglexerit.
1838 2793 1939 2875 erga
1960 2761 2092 2870 regem¹

293 2877 490 2960 emendet.
546 2877 684 2987 Equos
712 2874 923 2957 reddarios
950 2905 1035 2959 non
1063 2880 1174 2962 dent.
1202 2883 1280 2971 nisi
1305 2909 1399 2963 cum
1420 2909 1501 2961 rex
1531 2881 1619 2991 ipse
1645 2882 1800 2961 venerit
1850 2879 1937 2960 Nos
1958 2878 2079 2982 itaque

292 2991 336 3070 in
363 2986 568 3069 reddenda
596 2985 821 3095 graciarum
850 2989 1019 3070 actione.
1076 2993 1173 3073 Dec.
1204 2993 1370 3104 eiusque
1408 2994 1592 3101 genitrici
1620 2993 1743 3072 marie
1758 2995 1997 3073 intemerate
2010 2984 2079 3063 vir·
2102 3000 2108 3008 '

294 3100 390 3211 gini.
418 3126 597 3208 quorum
621 3097 755 3206 gracia
784 3116 824 3180 et
851 3101 1011 3181 meritis.
1039 3129 1115 3181 nos
1145 3105 1189 3181 in
1219 3105 1411 3185 thronum
1439 3121 1602 3212 patrum
1638 3129 1819 3184 meorum
1833 3091 2079 3182 conscendis·

294 3240 349 3292 se.
393 3209 593 3290 credimus
626 3225 667 3288 et
702 3208 953 3291 confitemur.
982 3212 1066 3290 Has
1094 3237 1232 3294 omnes
1263 3212 1509 3295 donaciones
1536 3231 1577 3295 et
1610 3241 1821 3294 causarum
1853 3226 2079 3319 prouentus.

290 3322 395 3404 sicut
422 3337 587 3401 sanctus.
611 3319 678 3405 ille
705 3319 879 3401 instituit
906 3337 1027 3430 atque
1060 3321 1276 3404 ordinauit.
1305 3339 1395 3402 rata
1423 3340 1464 3404 et
1492 3325 1726 3405 inconwlsa.
1755 3350 1923 3404 manere
1954 3319 2081 3401 decer·

293 3435 437 3514 nimus.
472 3447 594 3541 atque
623 3431 733 3536 regia
760 3431 996 3511 auctoritate
1024 3430 1253 3514 solidamus.
1311 3435 1432 3515 Juxta
1462 3433 1574 3514 hunc
1600 3457 1765 3544 quoque
1780 3433 2081 3542 priuilegiorum

201 3551 203 3556 ’
293 3561 472 3626 tenorem
506 3570 587 3652 que
621 3541 686 3622 vel
720 3567 836 3650 reges
870 3541 1172 3649 predecessores
1205 3547 1343 3627 nostri.
1380 3545 1444 3626 rel
1472 3545 1692 3653 pontifices.
1723 3573 1795 3626 scu
1823 3545 1895 3625 alii
1924 3541 2024 3624 boni
2049 3543 2084 3616 et

291 3654 430 3737 fideles
472 3654 549 3733 viri
585 3680 662 3760 pro
692 3653 759 3744 sui
794 3679 1041 3763 suorumque
1083 3654 1189 3736 felici
1219 3658 1410 3739 memoria
1439 3655 1724 3738 condiderunt.
1754 3673 1795 3738 et
1822 3655 1991 3766 aliquas
2011 3669 2083 3730 ter·

150 3857 163 3882 x
289 3793 355 3848 ras
370 3764 421 3847 ad
436 3762 664 3872 predictum
679 3761 813 3843 locum
841 3759 1042 3845 dederunt
1069 3765 1169 3848 Tam
1198 3767 1269 3849 has
1295 3796 1418 3879 quam
1447 3768 1535 3846 alia.
1566 3764 1736 3847 fideliter
1765 3765 1824 3846 illi
1852 3766 1950 3848 loco
1980 3761 2086 3844 obla-

293 3897 344 3958 ta.
362 3879 405 3957 in
420 3891 601 3955 nostram
630 3875 868 3982 suscipimus
896 3877 1201 3984 protectionem.
1231 3895 1276 3958 vt
1313 3879 1369 3958 sic
1398 3879 1476 3958 iam
1505 3878 1658 3960 dictum
1700 3895 1773 3958 est.
1810 3879 1948 3958 omnis
1985 3873 2085 3984 regia

289 3987 460 4098 justicia.
490 4010 570 4095 que
599 4013 649 4064 ex
677 3987 805 4066 causis
834 3984 1004 4067 diuersis
1028 3990 1251 4096 prouenire
1280 3990 1392 4070 solet.
1451 3987 1535 4069 Illis
1565 4004 1725 4068 tantum
1753 4016 1834 4100 quc
1865 3987 2083 4069 dictasunt

290 4098 481 4209 exceptis.
511 4097 717 4205 preposito
746 4114 787 4178 et
815 4098 1019 4179 canonicis
1047 4103 1224 4182 attineat.
1256 4101 1341 4182 Hec
1369 4119 1414 4182 vt
1440 4115 1526 4180 rata
1556 4101 1647 4180 sint.
1677 4101 1811 4208 sigillo
1840 4117 1989 4182 nostro
2005 4121 2085 4177 car·

290 4229 373 4292 tam
399 4211 506 4290 hanc
532 4208 788 4318 signauimus.
819 4206 872 4288 ad
900 4206 1096 4290 honorem
1125 4215 1231 4320 regis
1259 4239 1411 4322 regum.
1441 4214 1515 4321 qui
1542 4211 1646 4292 viuit
1675 4226 1717 4292 et
1744 4211 1951 4320 gloriatur
1983 4211 2086 4289 Deus

196 4346 201 4360 ·
289 4317 526 4403 benedictus
554 4323 597 4400 in
625 4317 758 4400 secula
785 4319 1014 4401 seculorum
1056 4326 1186 4404 Amen
1214 4323 1257 4405 Si
1286 4324 1377 4434 quis
1391 4338 1623 4433 prepotens.
1640 4321 1789 4406 nobilis
1803 4322 1866 4403 vel
1882 4317 2087 4432 ignobilis.

287 4447 406 4513 natus
440 4433 516 4524 vel·
533 4457 618 4513 non
646 4444 774 4513 natus.
803 4432 907 4512 hanc
935 4434 1269 4516 constitucionem
1297 4435 1360 4516 vel
1389 4455 1543 4517 mutare
1573 4434 1639 4515 vel
1668 4432 1837 4522 violare.
1860 4461 1936 4514 seu
1954 4428 2086 4514 fundi·

211 4600 212 4603 κ
289 4556 356 4622 tus
389 4545 445 4622 in·
471 4545 630 4626 irritum
659 4565 851 4650 reuocare
879 4549 1192 4653 attemptauerit.
1221 4548 1273 4629 sit
1302 4545 1353 4629 de
1381 4564 1489 4629 sorte
1518 4574 1658 4628 eorum
1687 4548 1760 4656 qui
1788 4544 1991 4627 dixerunt
2006 4539 2088 4624 do·

286 4653 397 4734 mitro
433 4655 531 4735 Deo.
567 4653 707 4736 recede
750 4681 774 4733 a
801 4651 931 4736 nobis.
965 4657 1178 4739 scienciam
1206 4660 1364 4740 viarum
1392 4675 1552 4738 tuarum
1579 4655 1780 4740 nolumus.
1808 4659 1860 4736 sit
1887 4656 1945 4738 de
1978 4671 2087 4763 parte

291 4762 486 4845 detenet
514 4766 668 4847 abiron.
698 4767 749 4847 sit
777 4768 883 4848 truci
912 4765 1100 4851 incendio
1130 4767 1359 4880 deputatus.
1388 4769 1459 4851 vbi
1488 4771 1538 4852 ab
1554 4771 1671 4880 aquis
1686 4769 1867 4850 nimium.
1883 4765 2089 4848 transitur

291 4872 344 4958 ad
372 4872 546 4980 calorem
573 4874 750 4958 nimium.
807 4879 954 4960 Actum
981 4879 1137 4964 Lundis
1164 4885 1285 4964 Anno
1315 4881 1513 4964 dominice
1528 4881 1834 4962 incarnacionis.
1864 4877 2087 4960 Millesimo

292 4985 517 5071 Centesimo
532 4981 902 5095 ‘octogesimosento
918 4990 1147 5078 indictione
1169 5014 1325 5110 quarta.
1342 4991 1631 5102 Gloriosissimj
1645 4991 1846 5078 denorum
1860 4989 2088 5075 monarche
