4398 5958
761 483 890 532 ·--
987 464 1067 562 aaa
1170 507 1234 530 -
1355 565 1359 579 ,

120 695 259 806 666.
374 678 377 686 ’
750 691 1267 844 .Odat..(1a79?)'
1385 759 1386 762 κ

203 916 335 980 Missus
355 914 683 980 ammoneantur
699 915 740 1001 pi
753 914 831 998 iord
851 917 862 979 i
883 915 1051 998 Bidinus,
1072 916 1198 1001 Elliby,
1218 917 1292 1002 uby
1313 916 1375 981 oeli
1395 916 1515 984 tant·
1533 916 1583 980 till
1606 915 1740 984 Panes
1758 917 1872 986 Pma.
1902 973 1906 980 .
2027 963 2031 970 -

316 1055 318 1058 ·
414 1043 459 1080 '1
1541 1035 1777 1108 munem
1914 1081 1916 1084 .
1995 1107 2000 1116 „

208 1211 216 1224 ·
287 1149 499 1248 Universis'
521 1155 750 1247 Presentem
776 1164 969 1273 Paginam
997 1167 1140 1247 visvris
1176 1166 1239 1247 vel
1276 1165 1480 1278 ¹audituris
1520 1167 1690 1275 Magnus
1733 1169 1909 1281 qondam

7 1289 11 1296 '
121 1275 225 1356 filivs
253 1279 379 1359 Geres
408 1277 576 1358 salutem
604 1278 626 1353 J
630 1308 655 1357 n
684 1276 858 1358 domino.
888 1267 1015 1358 Vobis
1043 1278 1242 1359 Omnibus
1272 1274 1490 1378 Euidentes
1512 1295 1698 1378 constare
1724 1283 1909 1365 volumus

122 1388 206 1468 Nos
235 1388 420 1497 predium
448 1395 633 1470 nostrum
664 1386 717 1495 jn,
737 1389 820 1468 istis
849 1386 983 1468 vilulis
1011 1388 1139 1469 silicet
1167 1389 1219 1467 Jn
1247 1376 1515 1482 biaernestvm'
1537 1390 1647 1472 Duas
1683 1392 1786 1472 Oras
1825 1409 1908 1475 ter·

121 1526 177 1579 rc.
206 1500 257 1577 Jn
288 1497 450 1597 Ellibirv
479 1499 602 1580 Oram
619 1515 727 1578 terre
757 1501 860 1577 Cum
888 1499 1196 1608 quatuordecim
1223 1499 1408 1579 Denariis
1435 1500 1488 1578 Jn
1516 1498 1609 1608 Aby
1639 1501 1813 1584 solidum
1827 1519 1908 1584 ter·

121 1636 176 1706 re,
205 1610 257 1689 ln
284 1624 422 1690 vansta
452 1608 564 1686 Duos
591 1605 747 1720 solidos·
769 1624 881 1718 terre
919 1637 1008 1688 omn
1036 1625 1212 1720 quatuor
1253 1607 1427 1699 denariis
1468 1609 1571 1689 Cum
1599 1637 1801 1697 consensu
1834 1637 1907 1713 uos

121 1736 333 1828 gnatorum
361 1733 595 1799 nostrorum
624 1713 810 1798 Domino'
825 1721 947 1798 Petro
975 1721 1184 1827 Proposito
1214 1719 1333 1800 iusto
1362 1716 1563 1800 mediante
1590 1723 1730 1803 Preoio
1769 1708 1908 1816 vendi·

120 1828 236 1912 disse.
256 1828 631 1938 'Nejgitur'alicuj
646 1825 820 1910 'sinistra
847 1831 1020 1937 svspicio
1048 1859 1171 1940 svper
1199 1831 1277 1912 hoc
1306 1831 1365 1910 De
1391 1846 1526 1924 micro
1555 1832 1907 1918 Orieturrcontra'·

121 1941 201 2052 que
228 1941 504 2052 supradictam
533 1941 686 2021 literam
714 1942 846 2021 dcirco
869 1939 1006 2050 sigillo
1027 1958 1168 2024 nostro
1191 1941 1482 2023 roboravimus,
1505 1941 1651 2024 'talne
1665 1943 1717 2024 ln
1732 1942 1797 2026 dei
1811 1946 1905 2035 lilio.

450 2053 458 2066 ⁸
519 2078 640 2162 ‚sigillet
661 2079 840 2159 bortfallet3
861 2080 921 2143 den
942 2103 981 2144 ru·
1000 2082 1123 2145 brafvet
1144 2083 1264 2168 llippta
1284 2101 1407 2144 remsan
1427 2101 1514 2164 qvar.
1652 2095 1653 2100 ’
1903 2065 1915 2074 ’

124 2321 278 2466 667.,
321 2459 324 2466 ¹
473 2407 474 2410 κ
746 2360 897 2468 1279
943 2321 992 2429 d.
1039 2361 1110 2467 27
1159 2323 1307 2430 Mars.
1742 2323 1908 2474 Hyde.
1943 2472 1946 2477 .

140 2509 143 2516 Ι
189 2513 319 2605 ''Brnors
337 2541 529 2606 *Pamtrssons
551 2541 728 2608 Gdlvobrel'
743 2544 784 2630 pa
805 2543 919 2630 Tibble
949 2542 998 2607 till
1026 2541 1138 2628 Fogdd
1167 2543 1281 2606 kloster
1312 2539 1362 2604 for
1392 2542 1625 2630 uppblil‘vandet
1655 2545 1693 2608 al
1717 2542 1907 2610 achonum

244 2625 382 2690 udtmdt
400 2624 537 2710 kyrkem
556 2623 681 2691 lilibud.

1427 2739 1436 2748 ·
1558 2700 1821 2778 ssspssssffl.
1888 2771 1890 2780 ,
2019 2740 2022 2749 ·
2135 2713 2138 2720 ’

285 2843 514 2925 Wniuersis
529 2859 734 2953 presentes
763 2845 914 2927 litteras
940 2844 1086 2925 visuris
1114 2841 1177 2923 vel
1206 2839 1418 2923 audituris.
1442 2841 1629 2950 Birgerus
1639 2843 1747 2927 iilius
1769 2871 1906 2956 quon·
1984 2829 1987 2832 ¹

119 2954 214 3039 dam
241 2953 429 3063 philippi.
457 2955 635 3036 Salutem
662 2955 707 3063 jn
736 2951 901 3036 domino
930 2955 1213 3062 sempiternam
1247 2953 1308 3032 Ex
1334 2951 1469 3056 multis
1497 2954 1801 3062 precedeneium
1842 2953 1906 3035 hi·'

2 3061 6 3083 '
119 3065 253 3148 storiis
281 3066 440 3144 oonnici
468 3082 601 3175 potest
627 3063 741 3175 quod
769 3065 917 3146 cotidie
945 3067 1127 3172 cogimur
1155 3064 1329 3170 experiri
1357 3061 1542 3145 videlicet
1567 3064 1680 3173 quod
1707 3067 1911 3174 presentis*

118 3179 201 3288 vite
229 3176 397 3259 nimium
426 3193 486 3256 est
511 3176 718 3286 inquietus
758 3191 888 3256 status
915 3181 958 3260 ,8ι
984 3179 1150 3265 onmino
1184 3172 1426 3257 mortalibus
1468 3176 1621 3255 cunctis
1662 3172 1905 3286 inprouidut

39 3389 43 3395 ⁵
120 3278 300 3367 imminet
330 3288 467 3366 mortis
496 3314 661 3367 occasus
688 3285 803 3367 euius
832 3281 1016 3395 preludia
1037 3283 1221 3394 plurima
1241 3291 1333 3365 'tam
1361 3286 1404 3363 iri
1444 3284 1565 3366 nobis
1597 3313 1719 3396 quam
1754 3283 1907 3368 insiliis

115 3399 386 3507 presentimus
403 3397 466 3476 in·
485 3395 655 3478 diuersis
682 3395 993 3480 aduersitatibus
1011 3401 1062 3477 1&
1089 3394 1396 3478 necessitatibus
1421 3421 1498 3476 nec
1525 3423 1608 3478 non
1630 3401 1676 3478 Er
1695 3395 1904 3486 infirmita·
2007 3421 2017 3440 ’

120 3511 229 3590 tibus
257 3507 406 3618 quibus
435 3523 566 3598 totum
594 3507 810 3587 humanum
839 3536 964 3616 genus
993 3507 1038 3614 jn
1060 3504 1201 3588 radice
1228 3531 1300 3586 sua
1327 3505 1517 3588 viciarum
1545 3535 1594 3588 ex
1627 3505 1775 3589 *diuina
1817 3533 1905 3589 sen·
1986 3516 1991 3532 '

120 3622 251 3701 tenuia
281 3623 549 3726 constat'esse
584 3616 830 3710 innodatum.
859 3620 910 3698 Et
938 3619 1123 3727 quamuis
1151 3617 1355 3698 sentencia
1390 3617 1630 3724 generaliter
1658 3615 1782 3700 fuerit
1809 3644 1905 3727 pro·

120 3734 201 3812 lata
230 3723 404 3840 peccatis
430 3748 565 3810 tamen
592 3731 742 3810 nostris
770 3744 817 3808 ut
844 3730 1029 3810 timemus
1056 3727 1309 3837 exigentibus
1334 3726 1549 3836 *specialem
1589 3727 1675 3809 eius
1716 3731 1905 3808 amaritu-

119 3840 253 3923 dinem
283 3841 540 3950 degustamus
568 3839 610 3920 in
639 3865 688 3920 eo
713 3831 827 3952 quod
855 3869 906 3920 ex
935 3838 1101 3948 prelatis
1116 3838 1291 3940 ecclesie
1319 3837 1577 3921 interdictum
1605 3838 1746 3920 contm
1768 3843 1905 3918 ‘nostr
1955 3923 1964 3948 s

108 3953 368 4042 karissimam
397 3961 562 4034 vxorcm
592 3967 769 4031 nostram
796 3949 1003 4032 wluildem
1033 3967 1093 4056 'est
1122 3948 1422 4060 promulgatum
1450 3977 1527 4057 pro
1554 3976 1604 4031 eo
1632 3945 1746 4058 quod
1772 3975 1927 4036 secum.

119 4081 212 4144 ante
241 4062 585 4172 dispensacionam
613 4062 790 4142 habitam
820 4065 1104 4172 presumsimus
1120 4059 1364 4141 cohabitare
1393 4074 1440 4138 ut
1467 4085 1566 4166 ergo
1604 4059 1757 4141 dictum
1793 4058 1907 4140 beati

119 4175 310 4282 Gregorii
333 4175 381 4253 in
410 4172 526 4254 nobis
555 4173 786 4282 preficiatur
813 4174 915 4253 Mala
942 4199 1023 4282 que
1051 4199 1127 4252 nos
1159 4173 1225 4251 hie
1255 4185 1444 4279 premunt
1472 4168 1525 4253 ad
1553 4169 1673 4252 deum
1709 4169 1771 4278 jre
1790 4197 1907 4251 :com-

117 4287 279 4395 pellunt
307 4287 485 4393 cepimus
511 4311 561 4365 en
591 4283 793 4393 premissis
821 4290 861 4364 u
889 4284 1024 4363 multis
1055 4282 1142 4364 aliis
1173 4281 1485 4365 aduersitatibus
1518 4308 1593 4364 nos
1635 4281 1907 4390 promentibus

120 4395 182 4476 ad
201 4395 485 4476 discussionem
514 4397 679 4505 proprie
708 4397 956 4476 consciencie
980 4391 1175 4475 deuenire
1191 4399 1241 4471 δι
1269 4392 1526 4473 adnectentes
1562 4391 1682 4473 huius
1692 4390 1906 4474 incolatus

117 4507 275 4590 miserie
301 4505 613 4588 breuitatem&
642 4506 902 4588 acerbitatem
931 4521 975 4584 vt
1003 4506 1185 4586 diuinam
1196 4501 1393 4584 offensam
1408 4503 1654 4612 placaremus
1682 4530 1802 4612 quam
1824 4529 1905 4583 mo·

46 4617 52 4624 ’
117 4618 182 4702 bis
211 4618 415 4698 imminere
447 4615 752 4700 formidauimus
781 4619 941 4699 Curiam
971 4631 1149 4696 nostram
1178 4613 1364 4719 thycbuli
1392 4641 1484 4694 cum
1512 4613 1701 4695 omnibus
1732 4615 1904 4694 attitian·
1943 4703 1948 4716 ¹
2083 4615 2114 4628 ”

22 4809 24 4812 ,
117 4731 190 4812 ciis
217 4731 259 4809 in
289 4728 558 4807 remissionem
588 4746 842 4836 peccatorum
872 4744 1103 4810 nostrorum
1131 4731 1169 4807 81
1190 4723 1403 4807 karissime
1431 4725 1567 4808 viroris
1594 4742 1730 4806 nostre
1756 4727 1904 4809 sancti·
2028 4743 2035 4754 ·
2117 4819 2120 4827 ¹

118 4837 363 4922 monialibus
390 4838 433 4916 in
462 4836 564 4928 sodet
591 4836 668 4920 deo
694 4843 964 4921 seruientibus
993 4837 1232 4919 donauimus
1260 4835 1348 4943 jure
1379 4850 1578 4945 perpetuo
1619 4833 1901 4944 possidendam

117 4968 163 5059 vt
187 4978 241 5032 eo
269 4948 463 5031 deuooius
491 4975 568 5055 pro
596 4949 714 5044 nobis
742 4955 782 5030 8(
811 4949 1063 5030 dilectissima
1097 4964 1229 5028 vestra
1265 4963 1365 5056 aput
1392 4946 1511 5028 deum
1538 4944 1792 5054 intercedant
1818 4971 1901 5026 eo-

120 5060 217 5147 tidie
243 5085 379 5142 uxore.
410 5059 595 5141 volumus
623 5057 747 5141 eciam
775 5059 1029 5152 uniuersitati
1044 5075 1173 5143 vestre
1199 5073 1451 5143 notumesse.
1479 5057 1682 5162 Quoniam
1696 5074 1797 5166 aput
1810 5083 1902 5166 pre·
