4384 5946
995 453 1381 514 *ΞΕ-ὲ

296 660 339 742 in
369 645 566 765 integrum
593 652 667 734 tibi
696 652 856 763 tuisque
885 652 1553 752 successoribus·confirmaremus,
1582 654 1685 735 sicut
1720 682 1743 734 a
1776 655 1895 737 beato
1933 655 2080 767 Grego-

297 773 376 868 rio,
405 767 570 849 Nicolao
599 769 638 845 &
666 762 752 843 aliis
780 763 1142 870 praedecessoribus
1170 765 1318 844 nostris
1347 763 1551 852 decretum
1579 783 1657 862 est,
1687 767 1729 847 in
1743 783 1821 866 tuae
1850 774 1888 848 8:
1911 786 2079 851 anteces-

295 884 452 964 soribus
481 877 559 958 tuis
587 872 681 955 data
708 894 820 971 sunt,
847 880 888 956 &
915 875 1136 984 privilegiis
1171 876 1425 973 confirmata,
1460 904 1552 976 nos,
1597 878 1830 986 Apostolica
1870 884 2077 962 auctorite·-

296 1013 335 1076 te
361 991 437 1073 tibi
465 987 739 1081 concedimus,
767 993 806 1067 sa
834 1004 972 1068 nostro
1000 985 1213 1095 privilegio
1241 987 1540 1086 confirmamus,
1568 989 1717 1070 seilicet
1744 989 1894 1087 omnia,
1911 987 2003 1100 quae
2016 1019 2098 1099 ge·.

297 1101 483 1185 neraliter
526 1105 577 1178 δι’
606 1097 830 1204 specialiter
871 1097 924 1179 ad
967 1098 1139 1179 eundem
1173 1097 1384 1204 praefatum
1427 1101 1823 1208 Archiepiseopatum
1867 1103 2082 1210 pertinent,

297 1240 468 1326 quaeque
496 1211 556 1290 tui
584 1226 849 1292 antecessores
877 1210 958 1289 suis
986 1209 1198 1291 laboribus
1248 1208 1569 1318 adquisiverunt,
1613 1213 1675 1291 vel
1719 1213 1855 1307 etiam,
1898 1239 1989 1322 quae
2030 1217 2080 1298 ob

297 1351 472 1410 amorem
499 1337 655 1400 aeternae
683 1322 822 1428 patriae
851 1321 909 1401 ibi
937 1349 961 1399 a
988 1321 1137 1403 Christi
1166 1317 1351 1402 fidelibus
1380 1323 1520 1430 largita
1550 1341 1663 1419 sunt,
1683 1321 1756 1412 ,vel
1791 1321 1923 1403 adhue
1967 1325 2081 1432 largi-

296 1453 431 1520 untur.
488 1432 590 1520 Cum
619 1429 697 1510 illis
724 1433 862 1528 etiam,
891 1431 962 1538 qui
990 1431 1069 1511 hoc
1097 1448 1279 1538 tempore
1306 1431 1358 1513 ad
1374 1433 1522 1514 Christi
1537 1433 1655 1514 fidem
1671 1434 1854 1514 conversi
1869 1453 1976 1529 sunt,
1992 1463 2081 1542 pro·

297 1561 462 1630 curante
490 1547 791 1650 &protegente
821 1541 948 1648 gratia
977 1544 1072 1639 Dei,
1101 1539 1285 1623 videlicet
1323 1545 1546 1651 Episcopos
1586 1547 1631 1628 in
1673 1545 1859 1625 omnibus
1902 1546 2083 1652 gentibus

296 1662 497 1741 Sveonum
526 1680 593 1734 seu
624 1656 850 1749 Bonorum,
879 1654 1193 1760 Norvegiorum,
1223 1653 1377 1756 island,
1406 1650 1725 1758 Scrideuinnum,
1755 1655 2022 1738 Gronlandon
2048 1662 2084 1738 81

295 1769 571 1851 universarum
600 1763 979 1872 Septentrionalium
1007 1765 1243 1861 Nationum,
1271 1782 1346 1845 nee
1373 1792 1456 1846 non
1484 1770 1601 1846 etiam
1630 1769 1673 1848 ln
1700 1765 1778 1846 illis
1805 1768 1989 1874 partibus
2004 1767 2083 1847 Sla-

297 1907 441 1962 vorum
469 1905 549 1988 que
578 1892 721 1956 sunta
749 1875 911 1956 llumine
939 1877 1063 1971 Pena,
1091 1872 1142 1953 ed
1171 1871 1338 1953 fluvium
1366 1874 1561 1981 Egidore,
1590 1881 1664 1973 ita,
1695 1893 1740 1958 ut
1765 1877 1843 1958 suh
1872 1895 1962 1974 tua,
1998 1897 2083 1959 tuo·

295 2017 467 2100 rumque
495 1987 775 2068 successorum
819 1986 1197 2092 Hammaburgensis
1241 1983 1415 2068 Ecclesie
1457 1987 1861 2096 Archiepiscoporum
1905 2005 2085 2070 maneant

296 2119 512 2214 potestate,
540 2098 603 2178 vel
632 2096 825 2210 quicquid
854 2125 878 2175 a
905 2096 1024 2176 nobis
1053 2093 1190 2176 diuina
1219 2092 1377 2176 fauente
1406 2100 1552 2203 gratia,
1589 2099 1639 2179 ab
1682 2125 1818 2178 errore
1860 2127 1936 2207 per
1960 2100 2082 2196 fidei,

296 2218 380 2298 siue
406 2211 615 2293 hominum
642 2210 727 2290 siue
755 2208 936 2289 locorum
963 2205 1014 2288 ad
1043 2205 1276 2315 religionem
1304 2206 1568 2290 Christianam
1591 2211 1818 2318 acquiript,
1833 2210 1908 2291 tihi
1922 2213 2079 2322 tuisque

296 2322 603 2409 successoribus
631 2319 917 2430 perpetualiter
945 2317 1173 2414 tenendum,
1203 2316 1569 2429 inviolabiliterque
1595 2320 1848 2402 retlnendum
1870 2349 2080 2403 censemus.

296 2439 348 2518 Et
376 2439 538 2545 insuper
567 2430 813 2540 decrevimus
841 2428 997 2509 nullum
1025 2429 1432 2537 Archiepiscoporum
1461 2431 1523 2511 vel
1552 2432 1871 2529 Coloniensium,
1914 2435 1980 2514 vel
2001 2434 2080 2513 ali·

294 2576 365 2630 um
394 2545 612 2656 quemlihet
639 2546 682 2624 in
708 2562 778 2624 tua
805 2538 967 2622 dioeccsi
996 2539 1117 2620 ullam
1145 2541 1222 2622 sibi
1251 2539 1457 2622 vindicare
1485 2549 1781 2649 potestatem&
1795 2560 1956 2626 coetera.
2013 2545 2083 2624 ca-

296 2676 371 2769 put
398 2683 564 2768 quoque
591 2671 706 2734 tuum
733 2653 870 2749 mitra,
899 2650 1011 2760 quod
1038 2669 1098 2732 est
1126 2653 1279 2759 insigne
1323 2652 1612 2752 Romanorum,
1656 2654 1921 2762 permittimus
1968 2657 2083 2764 insig-

153 2869 156 2879 ,
290 2772 386 2851 nrri.
452 2765 577 2872 Quod
604 2766 638 2844 si
666 2765 756 2873 quis
785 2763 878 2845 huic
905 2779 1051 2842 nostrae
1080 2764 1328 2844 auctoritatis
1361 2764 1574 2872 privilegio
1616 2768 1815 2847 contraire
1853 2783 2081 2873 praesumat,
2156 2760 2161 2772 ’

297 2883 505 2968 anathema
530 2879 595 2974 sit,
624 2877 696 2987 qui
724 2902 821 2956 vero
849 2873 915 2982 pie
943 2873 1216 2956 observaverit
1243 2873 1411 2982 gratiam
1440 2879 1481 2953 8(
1515 2876 1832 2980 benedictionem
1861 2903 2080 2990 consequa·

296 3011 364 3075 tur
391 3023 415 3073 a
443 2989 620 3074 domino·
634 3004 775 3068 nostro
803 2984 897 3066 Jesu
925 2983 1084 3066 Christo
1113 2986 1183 3067 dat
1210 2986 1301 3067 IIII.
1330 2983 1384 3066 kl.
1412 2988 1644 3069 nouembris
1672 3016 1746 3097 per
1773 3013 1913 3067 manus
1935 2988 2092 3072 Leonis.

294 3123 428 3233 sm!
457 3104 634 3232 [lqlptssl’
663 3098 776 3204 Sedis
804 3093 1051 3199 Callsselltfll:
1089 3101 1210 3200 Anno
1239 3095 1403 3196 Domini
1432 3096 1624 3183 lobannis
1658 3101 1765 3210 Pape
1806 3099 1938 3208 primo
1978 3098 2081 3217 1ηάὶῇ
2138 3165 2141 3172 .

294 3233 426 3300 chone
453 3241 548 3326 vnrJ.

304 3616 389 3719 15.
532 3591 551 3708 s
604 3672 608 3677 ·
942 3609 1054 3753 952
1106 3603 1154 3710 d.
1203 3637 1230 3710 2
1280 3607 1389 3712 lan.

346 3825 466 3900 [Pdfv.
486 3833 648 3894 horreres
669 3827 723 3892 lta
742 3827 931 3896 stadltstelse
951 3828 1154 3894 terens-n.
1176 3827 1566 3912 Annnnaepfiliamburgs
1577 3825 1803 3912 ‚irkeeBlslops
1812 3828 1913 3908 deme,
1926 3835 1998 3897 med
2009 3835 2074 3897 tlll·

423 3911 678 4082 ggppoggstepgga
700 3911 834 3997 pallium
852 3912 912 3975 och
934 3923 981 3977 att
1000 3914 1099 3976 balva
1120 3910 1263 3984 inseebde
1282 3911 1373 3974 diver
1395 3913 1539 3994 Sveriges
1558 3911 1618 3986 neh
1650 3912 1748 3978 andra
1781 3913 1932 3982 Nordiska
1966 3919 2077 3988 nitens

388 4193 390 4200 ·
458 4149 672 4238 hesperus
700 4147 944 4256 Episcopus,
973 4146 1121 4227 Servus
1150 4145 1365 4226 Servorum
1394 4145 1489 4240 Dei,
1518 4131 1861 4229 Reverendissimo
1894 4177 1940 4230 ac
1984 4149 2080 4230 San·

289 4261 468 4342 ctissimo
496 4257 705 4365 Adaldago
735 4259 889 4341 Sanctae
918 4255 1295 4362 Hammahurgensis
1325 4255 1531 4352 Ecclesiae,
1569 4255 1734 4366 namqtre
1777 4257 2079 4342 Successoribus

291 4373 613 4479 inperpetuum.
670 4369 871 4453 Convenit
898 4367 1134 4478 Apostolico
1163 4365 1425 4449 moderamini
1452 4367 1520 4475 pia
1547 4365 1741 4474 religione
1754 4369 1999 4476 pollentibus
2014 4373 2080 4462 be
2139 4371 2143 4380 ’

292 4481 436 4564 nevola
463 4483 736 4590 compassione
765 4506 1018 4575 succurrere,
1047 4483 1087 4560 St
1114 4478 1363 4587 poscentium
1380 4479 1531 4562 ‚arsinus
1559 4476 1680 4559 alacri
1707 4477 1921 4563 devotione
1935 4482 2081 4591 imper-

292 4591 371 4674 tiri.
429 4593 490 4672 Ex
518 4593 596 4674 hoc
623 4595 728 4674 enim
756 4592 859 4680 lucri
886 4593 1137 4700 potissimum
1165 4590 1372 4698 praemium
1403 4588 1512 4698 apud
1528 4586 1777 4672 conditorem
1793 4595 1982 4689 omnium,
1998 4594 2080 4673 Do-

293 4705 463 4798 minum,
500 4705 642 4810 procul
670 4703 796 4786 dubio
824 4728 1117 4811 promeremur,
1146 4699 1243 4783 dum
1270 4699 1514 4781 venerabilia
1543 4702 1630 4782 loca
1657 4719 1887 4809 opportune
1906 4702 1957 4787 ad
1972 4702 2111 4800 meli·¹

289 4841 404 4914 orem
432 4813 580 4902 fuerint
607 4832 772 4912 statum,
801 4816 885 4898 sine
913 4813 1040 4896 dubio
1068 4810 1274 4922 perducta.
1331 4811 1480 4918 Igitur,
1508 4814 1604 4922 quia
1630 4811 1842 4920 postulatis
1876 4843 1901 4900 a
1942 4815 2082 4907 nobis,

292 4943 490 5037 quatenus
518 4925 916 5037 Archiepiacopatum
944 4921 1322 5030 flammaburgensis
1351 4923 1536 5004 Ecclesiae
1564 4937 1695 5004 totum
1722 4927 1923 5032 integrum
1964 4926 2080 5009 vobis

292 5035 635 5135 confirmaremus,
664 5039 768 5124 sicut
795 5067 818 5120 a
846 5065 1088 5148 praecessore
1115 5050 1258 5119 nostro
1288 5037 1463 5119 Domino
1499 5033 1666 5118 Nicolao
1694 5034 1814 5144 hujus
1842 5037 2082 5147 Apostolieae

730 5423 735 5459 l
