4368 5950
2152 441 2154 520 l

235 735 236 742 κ
293 693 486 773 uolentes.
515 685 762 793 presentium
790 685 1046 765 attestatione
1083 683 1335 764 uniuersitati
1377 700 1522 767 uestre·
1537 686 1794 768 insinuamus.
1814 721 1817 730 ⁴
1835 685 1943 794 quod
1973 716 2050 768 con·
2152 601 2154 704 l

291 795 487 881 trouersia
522 823 602 904 que
644 796 749 876 inter
789 794 1009 875 monachos
1036 791 1087 876 de
1116 793 1295 874 aluastro
1324 797 1365 874 8(
1392 793 1661 894 brinnulfum
1702 795 1960 884 stabularium
1994 827 2051 878 no
2153 789 2154 852 Γ

292 925 420 992 strum
448 907 693 989 uertebatmr.
735 933 857 1014 super
892 905 1014 1014 longo
1057 905 1186 1013 litigio
1227 905 1491 986 terminorum
1535 907 1641 990 inter
1675 934 1766 992 crac
1793 912 1833 989 8(
1860 906 2053 990 bredawie

290 1015 455 1100 tandem
483 1016 561 1096 huc
589 1015 710 1098 modo
738 1017 992 1125 presentibus
1006 1014 1137 1095 ¹nobis
1165 1012 1305 1097 debito
1333 1015 1564 1100 metuerit
1592 1019 1816 1098 terminata.
1847 1016 1955 1111 Sunc
1981 1045 2054 1124 pre·

290 1129 364 1208 fati
391 1127 623 1236 monasterij
651 1127 777 1207 abhas
805 1133 845 1207 8(
873 1125 1119 1224 brinnulfus
1156 1153 1276 1207 cause
1317 1124 1435 1206 huius
1478 1125 1718 1210 decisionem
1748 1127 1865 1209 nobis
1894 1128 1934 1206 iu
1961 1143 2056 1234 pote·

290 1254 430 1320 statem
458 1237 658 1321 dederunt
686 1244 727 1318 8(
754 1238 991 1345 consiliarijs
1019 1237 1175 1318 nostris.
1203 1262 1378 1346 quorum
1406 1236 1480 1316 hec
1507 1255 1606 1318 sunt
1630 1237 1802 1320 nomina.
1837 1236 2059 1339 Benedictus

291 1343 535 1435 uenerabilis
563 1351 755 1430 scarensis
783 1348 946 1430 ecclesie
974 1349 1187 1457 episcopus
1213 1347 1335 1428 huius
1362 1348 1535 1428 nominis
1563 1347 1775 1430 secundus.
1818 1347 2059 1429 cancellarius

216 1550 225 1572 .
292 1467 333 1540 8(
361 1458 611 1552 consiliarius
639 1477 785 1539 noster.
827 1458 1003 1538 kanutus
1036 1457 1233 1566 holmgeri
1275 1457 1391 1538 filius.
1434 1474 1628 1564 cognatus
1657 1463 1697 1537 &
1725 1457 1975 1541 consiliarius
2000 1483 2058 1534 no·

296 1587 388 1652 ster.
417 1569 593 1649 kanutus
620 1569 811 1650 christine
839 1570 944 1648 filius
972 1584 1166 1674 cognatus
1194 1573 1235 1647 8(
1266 1567 1514 1648 consiliarius
1548 1589 1695 1650 noster.
1725 1568 1915 1674 lllagistcr
1942 1583 2055 1646 stena-
2152 1595 2154 1664 l

138 1723 157 1746 ι
292 1708 374 1760 rus.
405 1679 568 1787 eringisl
596 1680 680 1787 wig
708 1681 903 1760 nutricius
933 1694 1078 1758 noster.
1133 1679 1246 1758 Licet
1274 1705 1372 1785 ergo
1406 1681 1602 1758 ueraciter
1644 1693 1800 1758 constet
1842 1676 1968 1756 felicis
1995 1704 2061 1756 me·

292 1791 418 1884 morie
446 1807 599 1898 patrem
627 1806 811 1868 nostrum
845 1816 978 1897 regem
1006 1789 1156 1867 ericum
1184 1787 1234 1868 de
1263 1788 1508 1896 possessione
1550 1789 1713 1869 claustri
1754 1787 1881 1866 nichil
1909 1789 2061 1866 scienter

85 1903 135 1997 Γ,
245 1981 248 1987 ,
290 1899 513 1998 brinnulfo
541 1900 585 1977 in
611 1926 682 1978 sua
710 1901 897 2008 scotingu
925 1891 1100 1980 dedisse.
1120 1926 1194 1978 nos
1222 1915 1353 1978 tamen
1375 1899 1587 2008 utriusque
1606 1896 2063 2007 p'artispriuilegijscon·

291 2011 477 2091 sulentes.
505 2025 597 2087 rata
623 2036 669 2088 ea
696 2015 736 2092 8(
763 2011 875 2090 lirma
903 2037 986 2091 esse
1015 2008 1210 2088 uolentes.
1254 2005 1354 2089 illud
1398 2007 1466 2089 bol
1496 2008 1546 2090 de
1582 2039 1666 2118 quo
1695 2009 1743 2089 lis
1770 2023 1859 2086 tota
1888 2023 1976 2088 orta
2002 2023 2062 2086 cst
2151 1947 2154 2054 l

196 2133 199 2140 '
254 2172 262 2184 ι
292 2119 405 2230 quod
434 2117 601 2199 colonus
623 2117 803 2202 hemwid
828 2121 982 2229 primus
1003 2119 1181 2200 incoluit.
1210 2117 1737 2216 hrinnulfoadiudicamus.
1766 2125 1804 2198 8(
1832 2134 1946 2198 extra
1967 2143 2064 2224 sepes
2152 2123 2154 2204 ξ

296 2254 487 2338 agrorum
514 2230 549 2309 .i.
577 2229 811 2337 utangerdis
840 2231 891 2314 ad
924 2228 1176 2310 medietatem
1207 2229 1311 2309 uadi.
1347 2236 1391 2308 in
1418 2229 1530 2336 quod
1559 2214 1709 2309 ua'dum
1737 2245 1900 2308 torrens
1928 2243 2066 2308 suarta-

290 2340 367 2420 bec
396 2340 461 2420 uel
488 2337 658 2419 holabec
685 2339 786 2421 fluit.
815 2343 858 2420 in
886 2341 999 2421 euius
1027 2341 1155 2449 spac'ij
1184 2339 1314 2420 medio
1330 2341 1489 2446 signum
1506 2339 1671 2450 aliquod
1686 2338 1853 2420 euidens
1868 2353 2068 2449 statuetun
2153 2351 2154 2432 l

291 2466 445 2531 certum
473 2447 650 2542 ormerki
678 2450 731 2532 ad
759 2451 953 2532 orientem
981 2453 1086 2530 inter
1113 2449 1380 2548 brinnulfum
1410 2455 1449 2529 8(
1478 2453 1692 2530 monachos
1721 2477 1793 2557 per
1808 2450 1941 2529 secula
1971 2446 2068 2526 lutu-

292 2590 395 2641 rum.
452 2561 521 2640 Set
543 2588 594 2640 ne
623 2560 757 2672 aliqua
786 2562 941 2642 macula
969 2563 1099 2642 anime
1129 2561 1255 2668 patris
1284 2561 1411 2640 nostri
1440 2587 1517 2668 pro
1547 2561 1765 2641 donatione
1787 2553 2067 2657 brinnulfiad·
2153 2553 2154 2604 ¹

182 2719 183 2727 .
289 2671 440 2774 hereat.
467 2697 541 2749 nos
569 2669 720 2753 affectu
749 2671 861 2752 filiali
888 2699 1064 2752 errorem
1094 2671 1217 2779 patris
1245 2672 1502 2779 corrigentes,
1531 2674 1620 2751 uice
1662 2672 1775 2751 istius
1803 2667 1874 2749 hol
1906 2669 2070 2748 elaustro

292 2779 528 2886 abiudicatj.
556 2779 762 2862 reddimus
791 2783 955 2862 aluastri
987 2781 1163 2863 claustro
1194 2798 1318 2863 totam
1349 2783 1706 2862 nostram-terciam
1735 2791 1891 2890 partem
1923 2782 1965 2859 in
1982 2777 2070 2860 duo·

290 2891 369 2974 bus
396 2889 535 2972 bolum
564 2919 644 3000 quc
671 2892 821 2974 habent
849 2893 892 2973 in
920 2893 1100 3002 grutbec.
1142 2891 1218 2970 sub
1247 2890 1323 2999 hijs
1351 2893 1541 2990 terminis.
1584 2892 1752 3000 grutbec
1782 2889 1832 2972 ad
1862 2888 2070 2970 meridiem.
2153 2909 2154 2970 i

70 3083 76 3092 ,
166 3076 168 3081 .
292 3001 495 3083 erakubec
522 3001 574 3082 ad
596 3003 835 3112 aquilonem.
863 3020 996 3084 wetur
1024 3001 1076 3083 ad
1105 3002 1311 3083 orientem.
1341 3004 1474 3110 capita
1502 3004 1701 3082 montium
1717 2999 1779 3081 ¹ad
1816 2993 2072 3082 occidentem.

291 3117 331 3192 8(
358 3113 435 3193 hoc
462 3139 509 3191 ea
539 3113 626 3220 lege
653 3113 817 3196 facimus
849 3116 962 3224 quod
985 3116 1125 3222 lingua
1170 3115 1302 3220 patria
1344 3141 1534 3197 uocamns
1575 3112 1783 3204 mulscma.
1812 3113 1866 3190 ita
1899 3109 2012 3222 quod
2040 3109 2073 3186 in
2153 3167 2154 3176 .

290 3219 442 3330 placito
469 3225 690 3304 communis
717 3224 860 3333 populi
888 3224 1131 3333 publicetur.
1161 3231 1199 3302 8(
1228 3221 1383 3303 umferd
1414 3225 1479 3303 liat
1508 3225 1593 3332 lege
1622 3241 1738 3303 terre.
1776 3225 1824 3302 Et
1852 3228 1907 3301 ne
1939 3220 1991 3302 dc
2019 3245 2075 3298 ce·

290 3347 381 3411 tero
410 3335 604 3441 possessio
633 3363 723 3414 crac
751 3334 875 3413 ullam
904 3343 1081 3442 patiatur
1103 3334 1382 3442 calumpniam.
1412 3337 1543 3439 omnia
1573 3335 1657 3413 cius
1685 3331 1860 3426 ormerlri
1891 3331 2074 3412 distincte

290 3443 332 3521 8(
360 3470 433 3550 per
461 3443 644 3524 ordinem
672 3447 715 3522 in
744 3447 920 3550 presenti
948 3462 1089 3526 nostro
1118 3445 1331 3554 priuilegio
1360 3441 1621 3524 declaramus.
1679 3447 1855 3523 Primum
1902 3438 2075 3535 mrmcrlri

291 3568 550 3632 westanwart
578 3581 627 3634 oc
655 3572 927 3638 sunnanwart.
957 3555 1059 3664 lapis
1087 3557 1129 3634 in
1159 3553 1336 3635 bodanes
1365 3553 1493 3663 sandj.
1524 3553 1618 3634 inde
1647 3554 1818 3652 retsirnis
1846 3555 1892 3632 in
1923 3557 2077 3660 signum

290 3660 415 3768 medij
442 3663 565 3771 spatij
593 3690 615 3741 a
644 3663 752 3744 uado
782 3669 966 3773 superius
995 3683 1224 3746 memorato.
1253 3665 1347 3745 inde
1374 3692 1448 3772 per
1476 3663 1685 3744 suartahec
1727 3663 1794 3744 uel
1835 3663 2015 3742 holabec
2040 3661 2077 3738 in

290 3769 475 3853 flotmosa
506 3772 558 3852 ad
586 3773 845 3855 occidentem.
874 3774 925 3856 de
952 3775 1134 3857 flotmosa
1163 3775 1335 3873 retsirnis
1364 3776 1406 3853 in
1434 3773 1724 3882 hagbardaclef
1755 3770 1806 3854 ad
1835 3774 2079 3884 aquilonem.

291 3882 384 3964 inde
412 3881 586 3979 retsirnis
612 3885 656 3962 in
685 3885 890 3993 bergsioar
917 3882 972 3964 ds.
1004 3883 1098 3966 inde
1125 3885 1299 3982 retainis
1326 3885 1369 3964 in
1397 3891 1530 3975 cisioar
1557 3881 1612 3964 ds.
1643 3891 1683 3965 8(
1710 3887 1765 3965 ita
1782 3911 1852 3990 per
1867 3881 2079 3976 osioarbec

185 4075 187 4082 .
290 3993 445 4103 inquo
474 4009 534 4072 est
562 3992 835 4076 molendinum
864 3995 1027 4075 claustri
1055 3995 1097 4073 in
1126 3994 1357 4102 thusmingi.
1386 3997 1543 4075 &sicut
1560 3993 1667 4074 idem
1681 3993 2080 4104 beclluitinaquam

289 4130 370 4213 que
402 4121 574 4184 uocatur
601 4102 716 4185 butn.
745 4103 839 4186 inde
867 4107 910 4186 in
938 4103 1170 4198 retsundar.
1200 4101 1293 4185 inde
1321 4105 1364 4185 in
1393 4106 1608 4186 wathanes.
1651 4103 1858 4214 Quicq‘uid
1888 4103 1974 4213 hijs
2005 4119 2079 4182 ter·

290 4215 409 4296 minis
439 4214 660 4295 includitur
688 4215 764 4296 sub
794 4236 931 4298 nostra
966 4217 1074 4324 regia
1103 4217 1274 4297 tuitione
1302 4217 1539 4324 suscipimus
1568 4217 1854 4296 monachorum
1883 4215 1942 4296 dc
1975 4213 2081 4294 alua-

228 4389 232 4404 .
289 4340 375 4404 stro
402 4325 543 4408 usibus
570 4322 867 4406 defensandum.
895 4326 1008 4437 quod
1036 4327 1114 4434 ipsi
1146 4329 1292 4435 partim
1323 4328 1547 4419 scdtaticne
1575 4355 1715 4434 regum
1744 4328 2081 4434 priorum&po·

288 4435 378 4542 puli
406 4437 700 4546 wisigottorum
728 4435 890 4539 habent.
919 4438 1063 4545 partim
1092 4438 1241 4546 precio
1257 4456 1545 4546 comparatum.
1582 4439 1634 4518 Et
1662 4452 1708 4543 ut
1737 4439 1867 4525 omnia
1901 4435 2081 4544 presenti

179 4565 184 4581 “
288 4545 504 4654 priuilegio
520 4549 713 4656 assignata
739 4546 977 4627 inconuulsa
1006 4562 1193 4627 maneant
1221 4547 1263 4627 in
1292 4565 1542 4658 perpetuum.
1570 4547 1646 4650 sub
1662 4547 2083 4645 excommunicatione

288 4649 356 4734 dei
387 4660 683 4764 omnipotentis.
710 4663 750 4737 8(
777 4659 1058 4768 episcoporum
1087 4661 1265 4739 omnium
1294 4683 1339 4738 ea
1368 4659 1658 4762 confirmamus.
1687 4659 1740 4737 Jn
1762 4667 2082 4764 transgressores

289 4763 400 4873 regia
428 4783 566 4847 nostra
593 4769 831 4850 auctoritate
858 4767 1169 4851 uindicabimus.¹
1193 4765 1370 4878 gladium
1399 4769 1505 4850 enim
1538 4785 1745 4878 portamus
1773 4769 1825 4850 ad
1853 4767 2081 4850 uindictam

287 4871 601 4957 malefactorum.
630 4878 788 4962 laudem
816 4907 916 4962 uero
944 4880 1157 4961 bonorum.
1215 4882 1302 4988 Ego
1330 4881 1459 4962 ericus
1487 4905 1558 4960 rex
1587 4908 1647 4963 .ss.
1677 4884 1717 4959 8(
1744 4878 1864 4988 sigilii
1894 4882 1982 4960 mei
2014 4884 2082 4958 im·

248 5003 252 5014 '
287 4986 491 5092 pressione
519 4987 724 5074 confirmo.
753 4993 840 5101 Ego
866 4989 1105 5076 Benedictus
1127 4987 1330 5074 Scarensis
1344 4992 1557 5102 episcopus
1584 4999 1624 5077 8(
1651 4987 1804 5074 domini
1832 4991 1951 5074 Erici
1982 4988 2085 5097 regis

980 467 1394 548 -anS-
