4398 5958
943 335 949 392 l

981 419 1067 518 .““
1175 372 1257 484 49⁰
1367 417 1427 444 '¹'

185 639 188 648 ·
304 563 500 689 ‘casuros
526 619 650 710 quam
677 593 898 706 plurimum
925 623 1119 708 rogamus
1146 611 1191 680 rt
1218 597 1370 681 intuitu
1400 595 1466 681 dei
1493 572 1630 710 gracia
1659 595 1905 680 euiussnmus
1918 595 1952 681 id
1969 603 2054 714 quod
2089 686 2095 703 ,

317 738 455 796 sumus
481 705 556 791 hec
584 705 732 796 eadem,
752 710 960 791 sororibus
988 713 1068 791 iam
1110 707 1304 820 predictis
1345 709 1496 792 faciant
1525 708 1828 793 &concedant
1879 711 2056 824 Datumjn

316 830 438 906 Anno
465 819 623 906 domini
651 819 1011 904 M⁹.CC‘.LXXV'.
1040 821 1202 930 Mense.¹
1219 822 1411 904 ianuarii
1440 819 1655 903 nerboabs.

1021 961 1144 1047 Siglllet
1162 964 1258 1048 negot
1276 961 1419 1028 sladadt.

322 1181 456 1384 587.
984 1238 1134 1381 1275
1181 1235 1231 1346 d.
1278 1279 1311 1386 9
1358 1179 1467 1345 lan.
1842 1310 1847 1320 ‚
1936 1235 2062 1385 Lyca.

398 1459 488 1526 Pan.
508 1462 686 1529 Gnsoonrm
706 1462 777 1542 th,
798 1461 847 1524 till
867 1457 940 1544 lb'lje
959 1460 1000 1523 af
1015 1457 1153 1522 Svenrks
1175 1457 1364 1544 Konungens
1383 1461 1543 1542 klagomdl
1564 1459 1654 1524 diver
1674 1453 1713 1524 de
1735 1479 1846 1544 genem
1865 1479 1900 1521 en
1919 1427 2067 1522 ansanus

449 1567 548 1630 nrmgs
570 1546 743 1630 antagande
763 1547 944 1630 uppkomns
965 1541 1161 1625 stridigbeter
1181 1541 1243 1606 och
1262 1543 1404 1627 olyckor,
1417 1544 1474 1607 till
1490 1543 1740 1628 lr=le-Bislropen
1761 1543 1772 1603 i
1791 1539 1966 1626 Upsalaoclr
1983 1542 2064 1604 B'ulo·

440 1632 543 1716 'peni
563 1631 739 1717 Linteping
759 1629 845 1712 gifna
865 1626 1036 1708 befellmng
1057 1637 1105 1689 att
1124 1625 1233 1690 addent
1253 1627 1326 1690 med
1348 1627 1471 1711 andelig
1491 1630 1579 1691 malt
1599 1627 1712 1691 bindrs
1732 1624 1795 1690 orb
1814 1626 1997 1688 fiirelornmu

1759 1737 1963 1808 Λ.ι.ι1.5.*)
2046 1741 2047 1750 ’

481 1845 715 1928 Ganoomus
744 1845 972 1956 Episcopus
1000 1869 1140 1923 seruus
1168 1867 1380 1924 seruorum
1409 1842 1474 1926 dei
1497 1839 1810 1926 Venerabilibus
1825 1841 1998 1924 fratribus
2009 1845 2064 1921 Ar·

318 1953 577 2066 chiepiscopo
603 1955 804 2066 upsalensi
833 1971 875 2038 et
904 1952 1107 2065 Episcopo
1135 1952 1359 2064 lincopensi
1387 1955 1567 2037 Salutem
1596 1962 1636 2036 &
1663 1953 1919 2064 apostolicam
1937 1951 2064 2034 benedi·

316 2068 491 2150 ctionem
507 2067 743 2150 Carissimus
758 2071 802 2150 in
823 2065 976 2150 christo
1004 2066 1109 2146 filius
1137 2081 1276 2148 noster
1304 2068 1392 2148 Rex
1420 2068 1551 2149 sueeie
1579 2066 1747 2148 illustris
1759 2065 1878 2146 nobis
1903 2066 2065 2145 insinuare

314 2181 475 2260 curauit
502 2177 615 2290 quod
644 2167 741 2261 olin'r
770 2173 936 2290 quidam
964 2178 1191 2288 iniquitatis
1219 2177 1291 2259 lilii
1320 2183 1360 2260 St
1388 2181 1647 2260 seminatores
1675 2174 1876 2260 discordie
1889 2178 2065 2285 regnisue·

237 2387 244 2402 ,
313 2291 374 2370 eie
402 2290 661 2374 turbaciones
689 2293 816 2400 ipsius
843 2289 958 2399 regni
993 2287 1243 2396 dampnabili
1285 2287 1485 2373 desiderio
1521 2289 1759 2372 affectantes
1802 2287 1991 2369 interdum
2013 2285 2063 2364 ali·

312 2427 437 2512 quern
463 2401 509 2482 in
536 2429 672 2512 regem
699 2403 833 2484 suecie
860 2398 912 2482 de
941 2401 1048 2482 facto
1081 2424 1284 2482 assumere
1313 2401 1609 2512 presumebant!
1627 2420 1798 2511 propter
1827 2397 1934 2514 quod
1958 2397 2065 2508 grauia

251 2527 254 2536 '
313 2511 550 2596 oriebantur
577 2512 777 2596 scandala.
808 2528 849 2593 et
878 2510 1149 2594 dissenciones
1192 2513 1300 2593 inter
1338 2513 1490 2596 incolas
1536 2514 1652 2622 regni
1694 2508 1868 2622 predicti
1895 2527 1931 2592 et
1954 2504 2063 2590 exinde

312 2622 531 2708 homicidia
557 2642 598 2707 et
625 2626 704 2706 alia
719 2619 822 2706 mala
849 2623 1024 2732 plurima
1038 2623 1321 2734 sequebantur.
1351 2629 1490 2729 Quare
1519 2623 1699 2733 prefatus
1729 2651 1804 2704 rex
1833 2624 1944 2706 nobis
1968 2619 2064 2702 humi·

313 2733 407 2816 liter
426 2735 672 2846 supplicabit
699 2752 744 2818 vt
772 2761 865 2818 cum
893 2733 1050 2816 nullum
1080 2739 1329 2844 superiorem
1357 2735 1531 2847 aliquem
1590 2752 1695 2816 reter
1731 2761 1940 2817 romanum
1964 2729 2063 2841 ponti·

311 2845 427 2928 ficem
454 2863 718 2957 recognoscat
746 2846 982 2958 dictumque
1009 2854 1181 2956 regnum
1210 2849 1261 2928 sit
1289 2875 1454 2928 romane
1482 2764 1647 2930 ecebsie
1675 2846 1863 2930 censuale
1891 2841 2063 2954 prouidere

310 2983 436 3069 super
463 2955 554 3044 hoo.
583 2985 634 3040 ne
662 2957 759 3040 talia
789 2957 831 3040 in
857 2955 1043 3070 predicto
1070 2985 1198 3068 regno
1226 2960 1476 3068 inposterum
1505 2973 1792 3069 presumantur
1816 2975 2001 3068 oportuno
2021 2979 2063 3030 re·

308 3069 445 3153 medio
473 3095 706 3154 curaremus
734 3071 949 3174 Quocirca
978 3069 1221 3154 fraternitati
1250 3088 1382 3152 vestre
1410 3099 1486 3178 per
1514 3069 1737 3182 apostolica
1764 3073 1916 3180 scripta
1943 3063 2064 3148 manda·

310 3207 400 3262 mus
427 3177 620 3290 quatinus
662 3183 904 3266 auctoritate
932 3198 1071 3265 nostra
1099 3210 1173 3292 per
1215 3208 1288 3265 vos
1329 3179 1392 3264 vel
1422 3211 1495 3292 per
1528 3183 1628 3264 alios
1654 3181 1885 3264 districcius
1925 3177 2066 3260 inhibere

311 3293 462 3374 curetis
489 3320 540 3375 ne
568 3295 660 3404 quis
688 3291 832 3374 similia
861 3292 1053 3404 deinceps
1081 3310 1320 3403 attemptare
1350 3311 1563 3404 presumat,
1593 3295 1742 3375 Datum
1758 3291 1932 3404 lugdunj
1956 3289 2066 3400 quinto

260 3411 268 3426 '
312 3397 419 3507 ydus
447 3402 621 3510 januarii
649 3403 909 3489 Pontificatus
938 3407 1078 3488 Nostri
1105 3408 1229 3487 Anno
1257 3405 1413 3489 'Fercio

317 3792 451 3902 588.
522 3870 581 3894 ψ
951 3796 1099 3938 1275
1149 3790 1198 3898 d.
1246 3797 1277 3900 5
1326 3792 1474 3903 Febr.
1697 3903 1704 3916 ,
1891 3789 2069 3899 Fiholm.

391 4013 527 4097 Kooung
549 4013 750 4080 Watnsuaas
772 4013 851 4078 Bref
866 4015 1000 4078 riirande
1022 4017 1113 4077 Mora
1134 4019 1145 4077 i
1167 4015 1373 4096 Willdttinge,
1395 4013 1515 4078 hvittet
1536 4015 1621 4078 Cass
1653 3980 1808 4080 Etotsson
1839 4013 1962 4078 eratus
1979 4012 2011 4074 af
2022 4007 2070 4070 llo·

439 4112 566 4203 'nungen
587 4096 649 4160 ocb
669 4097 759 4179 gilvir
779 4101 826 4161 sln
846 4097 955 4162 bustru
975 4099 1142 4162 Racnsoso
1162 4102 1172 4160 i
1194 4099 1427 4200 mergongdfva.

1758 4177 1793 4233 A.
1814 4199 1839 4252 7.
1858 4197 1882 4234 a.
1907 4197 1930 4235 r:
1948 4193 1970 4247 2.

473 4277 675 4360 Omnibus
703 4291 910 4386 presentes
938 4275 1095 4362 litteras
1122 4281 1375 4389 inspecturis.
1405 4281 1474 4361 W.
1505 4279 1580 4362 Dei
1608 4283 1745 4390 gracia
1774 4283 1863 4364 Rex
1891 4299 2068 4363 srveorun.

272 4385 477 4482 ‚salutem
505 4392 550 4472 in
582 4386 749 4471 domino
790 4392 1082 4500 sempiternam,
1117 4393 1177 4474 Ne
1205 4419 1252 4473 ea
1281 4419 1361 4503 que
1389 4408 1588 4501 geruntur
1617 4394 1873 4505 intempore
1902 4389 2009 4474 simul
2030 4385 2068 4466 la·

309 4498 461 4582 bantur
497 4529 588 4583 cum
617 4517 799 4608 tempore
828 4502 1054 4584 litterarum
1083 4503 1216 4586 solent
1243 4505 1472 4585 testimonio
1516 4501 1761 4612 perhennari
1790 4503 1905 4617 quod
1950 4519 2071 4608 semper

178 4641 181 4648 ¹
226 4655 230 4671 ·
308 4607 630 4694 incommutabili
659 4611 842 4722 loquitur
869 4614 1048 4694 veritate.
1091 4615 1197 4696 Hinc
1226 4614 1337 4724 quod
1367 4632 1552 4696 constare
1582 4615 1767 4698 volumus
1795 4618 1990 4700 vniuersis
2013 4611 2072 4722 Nf⁵

309 4716 459 4800 dilecto
489 4721 641 4806 famulo
668 4740 810 4804 nostro
837 4724 995 4834 Karulo
1030 4719 1212 4833 Elipsun.
1244 4725 1492 4806 mansionem
1528 4755 1649 4842 qnam
1679 4727 1932 4838 possedimus
1959 4711 2072 4808 Wiut·

190 4911 192 4915 v
307 4889 583 4933 ---··*-

349 4966 375 5041 *t
397 4961 487 5026 lister
507 4981 546 5025 en
566 4960 604 5026 af
618 4961 723 5029 Persa
743 4965 903 5031 Tmsosurr
921 4967 933 5029 i
953 4961 1073 5052 Uptsls
1093 4964 1123 5029 d.
1148 4981 1185 5049 17
1206 4964 1277 5030 Oct·
1302 4963 1377 5045 1432
1399 4966 1489 5052 gjord
1510 4968 1643 5034 assu-itt

2139 4729 2141 4812 l

2140 4821 2141 4912 l
