<?xml version="1.0" encoding="UTF-8"?>
<!DOCTYPE html PUBLIC "-//W3C//DTD XHTML 1.0 Transitional//EN"
    "http://www.w3.org/TR/xhtml1/DTD/xhtml1-transitional.dtd">
<html xmlns="http://www.w3.org/1999/xhtml" xml:lang="en" lang="en">
 <head>
  <title>
</title>
<meta http-equiv="Content-Type" content="text/html;charset=utf-8" />
  <meta name='ocr-system' content='tesseract 3.04.00' />
  <meta name='ocr-capabilities' content='ocr_page ocr_carea ocr_par ocr_line ocrx_word'/>
</head>
<body>
  <div class='ocr_page' id='page_1' title='image "./svensktdiplomat00swegoog_0557.png"; bbox 0 0 4398 5958; ppageno 0'>
   <div class='ocr_carea' id='block_1_1' title="bbox 794 425 1345 571">
    <p class='ocr_par' dir='ltr' id='par_1_1' title="bbox 794 425 1345 571">
     <span class='ocr_line' id='line_1_1' title="bbox 794 425 1345 571; baseline 0.002 -23"><span class='ocrx_word' id='word_1_1' title='bbox 794 467 1041 571; x_wconf 85' lang='lat'>-.519</span> <span class='ocrx_word' id='word_1_2' title='bbox 1152 425 1345 534; x_wconf 80' lang='grc' dir='ltr'><strong>- </strong></span> 
     </span>
    </p>
   </div>
   <div class='ocr_carea' id='block_1_2' title="bbox 21 682 1900 1129">
    <p class='ocr_par' dir='ltr' id='par_1_2' title="bbox 21 682 1900 1129">
     <span class='ocr_line' id='line_1_2' title="bbox 110 682 1899 887; baseline 0.002 -125"><span class='ocrx_word' id='word_1_3' title='bbox 110 698 295 876; x_wconf 53' lang='grc' dir='ltr'><strong>ρξζιιυῗ,</strong></span> <span class='ocrx_word' id='word_1_4' title='bbox 325 682 439 876; x_wconf 65' lang='lat' dir='ltr'><strong>qulpd</strong></span> <span class='ocrx_word' id='word_1_5' title='bbox 466 683 614 875; x_wconf 59' lang='lat' dir='ltr'><strong>idelibis</strong></span> <span class='ocrx_word' id='word_1_6' title='bbox 643 683 897 813; x_wconf 74' lang='lat' dir='ltr'><strong>principibus</strong></span> <span class='ocrx_word' id='word_1_7' title='bbox 913 685 1103 874; x_wconf 44' lang='lat' dir='ltr'><strong>Dorptinis</strong></span> <span class='ocrx_word' id='word_1_8' title='bbox 1137 683 1309 877; x_wconf 56' lang='lat' dir='ltr'><strong>Ioharplni</strong></span> <span class='ocrx_word' id='word_1_9' title='bbox 1321 683 1490 880; x_wconf 54' lang='lat' dir='ltr'><strong>edibili</strong></span> <span class='ocrx_word' id='word_1_10' title='bbox 1518 685 1561 766; x_wconf 68' lang='lat' dir='ltr'><strong>lt</strong></span> <span class='ocrx_word' id='word_1_11' title='bbox 1587 685 1899 887; x_wconf 43' lang='grc' dir='ltr'><strong>(3οωἇᾷἂῇ-</strong></span> 
     </span>
     <span class='ocr_line' id='line_1_3' title="bbox 21 811 1900 1018; baseline 0.003 -32"><span class='ocrx_word' id='word_1_12' title='bbox 21 846 30 864; x_wconf 81' lang='grc'><em>’</em></span> <span class='ocrx_word' id='word_1_13' title='bbox 109 820 479 1013; x_wconf 49' lang='lat' dir='ltr'><strong>{disdaili</strong></span> <span class='ocrx_word' id='word_1_14' title='bbox 505 821 1328 1012; x_wconf 57' lang='lat' dir='ltr'><strong>t?that?tttttmttuhti</strong></span> <span class='ocrx_word' id='word_1_15' title='bbox 1355 913 1395 988; x_wconf 70' lang='lat' dir='ltr'><strong>a</strong></span> <span class='ocrx_word' id='word_1_16' title='bbox 1423 907 1476 990; x_wconf 76' lang='lat' dir='ltr'><strong>u</strong></span> <span class='ocrx_word' id='word_1_17' title='bbox 1492 811 1803 1018; x_wconf 60' lang='lat' dir='ltr'><strong>‘illimis</strong></span> <span class='ocrx_word' id='word_1_18' title='bbox 1835 827 1900 1004; x_wconf 61' lang='lat' dir='ltr'><strong>„l</strong></span> 
     </span>
     <span class='ocr_line' id='line_1_4' title="bbox 108 1015 1900 1129; baseline 0.004 -33"><span class='ocrx_word' id='word_1_19' title='bbox 108 1031 217 1096; x_wconf 89' lang='lat' dir='ltr'><strong>ctam</strong></span> <span class='ocrx_word' id='word_1_20' title='bbox 245 1015 534 1125; x_wconf 83' lang='lat' dir='ltr'><strong>perpetualiter</strong></span> <span class='ocrx_word' id='word_1_21' title='bbox 558 1015 863 1126; x_wconf 80' lang='lat' dir='ltr'><strong>possidendam,</strong></span> <span class='ocrx_word' id='word_1_22' title='bbox 892 1018 969 1100; x_wconf 88' lang='lat' dir='ltr'><strong>sub</strong></span> <span class='ocrx_word' id='word_1_23' title='bbox 996 1045 1043 1101; x_wconf 82' lang='lat' dir='ltr'><strong>ea</strong></span> <span class='ocrx_word' id='word_1_24' title='bbox 1068 1032 1203 1098; x_wconf 86' lang='lat' dir='ltr'><strong>tamen</strong></span> <span class='ocrx_word' id='word_1_25' title='bbox 1217 1015 1357 1116; x_wconf 85' lang='lat' dir='ltr'><strong>forma,</strong></span> <span class='ocrx_word' id='word_1_26' title='bbox 1386 1017 1430 1102; x_wconf 85' lang='lat' dir='ltr'><strong>Si</strong></span> <span class='ocrx_word' id='word_1_27' title='bbox 1455 1017 1710 1102; x_wconf 79' lang='lat' dir='ltr'><strong>Marcbioues</strong></span> <span class='ocrx_word' id='word_1_28' title='bbox 1728 1019 1900 1129; x_wconf 78' lang='lat' dir='ltr'><strong>predicti</strong></span> 
     </span>
    </p>
   </div>
   <div class='ocr_carea' id='block_1_3' title="bbox 107 1125 1918 1254">
    <p class='ocr_par' dir='ltr' id='par_1_3' title="bbox 107 1125 1918 1254">
     <span class='ocr_line' id='line_1_5' title="bbox 107 1125 1918 1254; baseline 0.003 -46"><span class='ocrx_word' id='word_1_29' title='bbox 107 1155 254 1254; x_wconf 77' lang='lat' dir='ltr'><strong>perse</strong></span> <span class='ocrx_word' id='word_1_30' title='bbox 282 1127 345 1208; x_wconf 89' lang='lat' dir='ltr'><strong>vel</strong></span> <span class='ocrx_word' id='word_1_31' title='bbox 374 1155 447 1236; x_wconf 88' lang='lat' dir='ltr'><strong>per</strong></span> <span class='ocrx_word' id='word_1_32' title='bbox 474 1127 573 1208; x_wconf 91' lang='lat' dir='ltr'><strong>alios</strong></span> <span class='ocrx_word' id='word_1_33' title='bbox 599 1127 663 1209; x_wconf 86' lang='lat' dir='ltr'><strong>vel</strong></span> <span class='ocrx_word' id='word_1_34' title='bbox 692 1154 783 1208; x_wconf 89' lang='lat' dir='ltr'><strong>cum</strong></span> <span class='ocrx_word' id='word_1_35' title='bbox 812 1127 899 1208; x_wconf 88' lang='lat' dir='ltr'><strong>aliis</strong></span> <span class='ocrx_word' id='word_1_36' title='bbox 927 1127 1047 1210; x_wconf 88' lang='lat' dir='ltr'><strong>nobis</strong></span> <span class='ocrx_word' id='word_1_37' title='bbox 1074 1125 1327 1214; x_wconf 81' lang='lat' dir='ltr'><strong>medietatem</strong></span> <span class='ocrx_word' id='word_1_38' title='bbox 1356 1129 1556 1220; x_wconf 82' lang='lat' dir='ltr'><strong>bonorum</strong></span> <span class='ocrx_word' id='word_1_39' title='bbox 1576 1132 1619 1212; x_wconf 89' lang='lat' dir='ltr'><strong>in</strong></span> <span class='ocrx_word' id='word_1_40' title='bbox 1632 1151 1758 1239; x_wconf 80' lang='lat' dir='ltr'><strong>reguo</strong></span> <span class='ocrx_word' id='word_1_41' title='bbox 1788 1133 1918 1215; x_wconf 69' lang='lat' dir='ltr'><strong>ch&#39;</strong></span> 
     </span>
    </p>
   </div>
   <div class='ocr_carea' id='block_1_4' title="bbox 107 1236 1900 1899">
    <p class='ocr_par' dir='ltr' id='par_1_4' title="bbox 107 1236 1900 1899">
     <span class='ocr_line' id='line_1_6' title="bbox 109 1236 1900 1348; baseline 0.002 -28"><span class='ocrx_word' id='word_1_42' title='bbox 109 1239 170 1320; x_wconf 90' lang='lat' dir='ltr'><strong>cie</strong></span> <span class='ocrx_word' id='word_1_43' title='bbox 199 1240 419 1346; x_wconf 72' lang='lat' dir='ltr'><strong>jacentium</strong></span> <span class='ocrx_word' id='word_1_44' title='bbox 448 1236 680 1346; x_wconf 80' lang='lat' dir='ltr'>placitando</span> <span class='ocrx_word' id='word_1_45' title='bbox 707 1265 780 1320; x_wconf 89' lang='lat' dir='ltr'><strong>seu</strong></span> <span class='ocrx_word' id='word_1_46' title='bbox 806 1266 1054 1348; x_wconf 87' lang='lat' dir='ltr'><strong>quocunque</strong></span> <span class='ocrx_word' id='word_1_47' title='bbox 1086 1237 1208 1323; x_wconf 87' lang='lat' dir='ltr'><strong>modo</strong></span> <span class='ocrx_word' id='word_1_48' title='bbox 1236 1237 1318 1320; x_wconf 81' lang='lat' dir='ltr'><strong>alio</strong></span> <span class='ocrx_word' id='word_1_49' title='bbox 1345 1258 1540 1347; x_wconf 89' lang='lat' dir='ltr'><strong>poterunt</strong></span> <span class='ocrx_word' id='word_1_50' title='bbox 1558 1242 1755 1326; x_wconf 88' lang='lat' dir='ltr'><strong>obtinere.</strong></span> <span class='ocrx_word' id='word_1_51' title='bbox 1785 1243 1900 1333; x_wconf 78' lang='lat' dir='ltr'><strong>lustr-</strong></span> 
     </span>
     <span class='ocr_line' id='line_1_7' title="bbox 110 1347 1899 1462; baseline 0.004 -34"><span class='ocrx_word' id='word_1_52' title='bbox 110 1375 182 1457; x_wconf 91' lang='lat' dir='ltr'><strong>per</strong></span> <span class='ocrx_word' id='word_1_53' title='bbox 211 1347 264 1430; x_wconf 91' lang='lat' dir='ltr'><strong>ad</strong></span> <span class='ocrx_word' id='word_1_54' title='bbox 293 1350 409 1429; x_wconf 91' lang='lat' dir='ltr'><strong>istam</strong></span> <span class='ocrx_word' id='word_1_55' title='bbox 452 1347 713 1436; x_wconf 87' lang='lat' dir='ltr'><strong>Gotlandiam</strong></span> <span class='ocrx_word' id='word_1_56' title='bbox 754 1366 931 1458; x_wconf 88' lang='lat' dir='ltr'><strong>quatuor</strong></span> <span class='ocrx_word' id='word_1_57' title='bbox 959 1349 1081 1430; x_wconf 89' lang='lat' dir='ltr'><strong>millia</strong></span> <span class='ocrx_word' id='word_1_58' title='bbox 1116 1377 1340 1430; x_wconf 88' lang='lat' dir='ltr'><strong>marcarum</strong></span> <span class='ocrx_word' id='word_1_59' title='bbox 1367 1353 1526 1460; x_wconf 83' lang='lat' dir='ltr'><strong>argenti</strong></span> <span class='ocrx_word' id='word_1_60' title='bbox 1546 1351 1637 1434; x_wconf 81' lang='lat' dir='ltr'><strong>‚fide</strong></span> <span class='ocrx_word' id='word_1_61' title='bbox 1678 1351 1776 1442; x_wconf 81' lang='lat' dir='ltr'><strong>deta</strong></span> <span class='ocrx_word' id='word_1_62' title='bbox 1803 1381 1899 1462; x_wconf 85' lang='lat' dir='ltr'><strong>pro·</strong></span> 
     </span>
     <span class='ocr_line' id='line_1_8' title="bbox 108 1458 1899 1572; baseline 0.003 -34"><span class='ocrx_word' id='word_1_63' title='bbox 108 1460 288 1539; x_wconf 85' lang='lat' dir='ltr'><strong>misimus</strong></span> <span class='ocrx_word' id='word_1_64' title='bbox 316 1458 464 1540; x_wconf 86' lang='lat' dir='ltr'><strong>eisdem</strong></span> <span class='ocrx_word' id='word_1_65' title='bbox 493 1458 793 1540; x_wconf 88' lang='lat' dir='ltr'><strong>Marchionibus</strong></span> <span class='ocrx_word' id='word_1_66' title='bbox 823 1463 867 1542; x_wconf 92' lang='lat' dir='ltr'><strong>in</strong></span> <span class='ocrx_word' id='word_1_67' title='bbox 895 1461 1012 1541; x_wconf 88' lang='lat' dir='ltr'><strong>annis</strong></span> <span class='ocrx_word' id='word_1_68' title='bbox 1040 1477 1218 1569; x_wconf 85' lang='lat' dir='ltr'><strong>quatuor</strong></span> <span class='ocrx_word' id='word_1_69' title='bbox 1246 1459 1497 1568; x_wconf 87' lang='lat' dir='ltr'><strong>persoluisse.</strong></span> <span class='ocrx_word' id='word_1_70' title='bbox 1526 1461 1604 1552; x_wconf 82' lang='lat' dir='ltr'><strong>Sed</strong></span> <span class='ocrx_word' id='word_1_71' title='bbox 1628 1463 1811 1572; x_wconf 89' lang='lat' dir='ltr'><strong>quolibet</strong></span> <span class='ocrx_word' id='word_1_72' title='bbox 1825 1491 1899 1544; x_wconf 90' lang='lat' dir='ltr'><strong>an·</strong></span> 
     </span>
     <span class='ocr_line' id='line_1_9' title="bbox 107 1567 1898 1680; baseline 0.002 -30"><span class='ocrx_word' id='word_1_73' title='bbox 107 1597 165 1676; x_wconf 86' lang='lat' dir='ltr'><strong>no</strong></span> <span class='ocrx_word' id='word_1_74' title='bbox 193 1597 350 1677; x_wconf 84' lang='lat' dir='ltr'><strong>semper</strong></span> <span class='ocrx_word' id='word_1_75' title='bbox 378 1567 632 1678; x_wconf 85' lang='lat' dir='ltr'><strong>promisimus</strong></span> <span class='ocrx_word' id='word_1_76' title='bbox 660 1571 816 1650; x_wconf 89' lang='lat' dir='ltr'><strong>soluere</strong></span> <span class='ocrx_word' id='word_1_77' title='bbox 845 1570 952 1651; x_wconf 89' lang='lat' dir='ltr'><strong>mille</strong></span> <span class='ocrx_word' id='word_1_78' title='bbox 980 1598 1132 1650; x_wconf 88' lang='lat' dir='ltr'><strong>marcas</strong></span> <span class='ocrx_word' id='word_1_79' title='bbox 1153 1588 1235 1650; x_wconf 87' lang='lat' dir='ltr'><strong>tam</strong></span> <span class='ocrx_word' id='word_1_80' title='bbox 1264 1569 1335 1650; x_wconf 94' lang='lat' dir='ltr'><strong>diu</strong></span> <span class='ocrx_word' id='word_1_81' title='bbox 1378 1569 1507 1652; x_wconf 88' lang='lat' dir='ltr'><strong>donec</strong></span> <span class='ocrx_word' id='word_1_82' title='bbox 1543 1573 1625 1651; x_wconf 89' lang='lat' dir='ltr'><strong>sint</strong></span> <span class='ocrx_word' id='word_1_83' title='bbox 1666 1574 1762 1680; x_wconf 91' lang='lat' dir='ltr'><strong>ipsis</strong></span> <span class='ocrx_word' id='word_1_84' title='bbox 1791 1574 1898 1654; x_wconf 88' lang='lat' dir='ltr'><strong>Mar-</strong></span> 
     </span>
     <span class='ocr_line' id='line_1_10' title="bbox 108 1677 1899 1790; baseline 0.004 -31"><span class='ocrx_word' id='word_1_85' title='bbox 108 1677 324 1761; x_wconf 90' lang='lat' dir='ltr'><strong>chionibus</strong></span> <span class='ocrx_word' id='word_1_86' title='bbox 351 1697 526 1788; x_wconf 90' lang='lat' dir='ltr'><strong>quatuor</strong></span> <span class='ocrx_word' id='word_1_87' title='bbox 562 1705 784 1761; x_wconf 86' lang='lat' dir='ltr'><strong>marcarum</strong></span> <span class='ocrx_word' id='word_1_88' title='bbox 813 1680 937 1761; x_wconf 86' lang='lat' dir='ltr'><strong>millia</strong></span> <span class='ocrx_word' id='word_1_89' title='bbox 979 1680 1194 1790; x_wconf 89' lang='lat' dir='ltr'><strong>persoluta.</strong></span> <span class='ocrx_word' id='word_1_90' title='bbox 1224 1682 1375 1766; x_wconf 84' lang='lat' dir='ltr'><strong>Verum</strong></span> <span class='ocrx_word' id='word_1_91' title='bbox 1404 1683 1438 1762; x_wconf 91' lang='lat' dir='ltr'><strong>si</strong></span> <span class='ocrx_word' id='word_1_92' title='bbox 1467 1697 1575 1762; x_wconf 91' lang='lat' dir='ltr'><strong>terra</strong></span> <span class='ocrx_word' id='word_1_93' title='bbox 1617 1680 1836 1766; x_wconf 79' lang='lat' dir='ltr'><strong>Gotlandic</strong></span> <span class='ocrx_word' id='word_1_94' title='bbox 1855 1685 1899 1766; x_wconf 84' lang='lat' dir='ltr'><strong>in</strong></span> 
     </span>
     <span class='ocr_line' id='line_1_11' title="bbox 108 1787 1900 1899; baseline 0.004 -32"><span class='ocrx_word' id='word_1_95' title='bbox 108 1806 266 1898; x_wconf 89' lang='lat' dir='ltr'><strong>partem</strong></span> <span class='ocrx_word' id='word_1_96' title='bbox 280 1807 458 1869; x_wconf 91' lang='lat' dir='ltr'><strong>nostram</strong></span> <span class='ocrx_word' id='word_1_97' title='bbox 479 1817 563 1869; x_wconf 92' lang='lat' dir='ltr'><strong>non</strong></span> <span class='ocrx_word' id='word_1_98' title='bbox 578 1788 788 1886; x_wconf 84' lang='lat' dir='ltr'><strong>ceciderit,</strong></span> <span class='ocrx_word' id='word_1_99' title='bbox 817 1809 978 1871; x_wconf 85' lang='lat' dir='ltr'><strong>extunc</strong></span> <span class='ocrx_word' id='word_1_100' title='bbox 1008 1787 1123 1870; x_wconf 91' lang='lat' dir='ltr'><strong>dictis</strong></span> <span class='ocrx_word' id='word_1_101' title='bbox 1151 1789 1451 1871; x_wconf 85' lang='lat' dir='ltr'><strong>Marchionibus</strong></span> <span class='ocrx_word' id='word_1_102' title='bbox 1479 1789 1576 1871; x_wconf 90' lang='lat' dir='ltr'><strong>dare</strong></span> <span class='ocrx_word' id='word_1_103' title='bbox 1591 1789 1900 1899; x_wconf 72' lang='lat' dir='ltr'><strong>promisimus&amp;</strong></span> 
     </span>
    </p>
   </div>
   <div class='ocr_carea' id='block_1_5' title="bbox 107 1891 1945 2032">
    <p class='ocr_par' dir='ltr' id='par_1_5' title="bbox 107 1891 1945 2032">
     <span class='ocr_line' id='line_1_12' title="bbox 107 1891 1945 2032; baseline 0.001 -52"><span class='ocrx_word' id='word_1_104' title='bbox 107 1897 267 1982; x_wconf 87' lang='lat' dir='ltr'><strong>dedisse</strong></span> <span class='ocrx_word' id='word_1_105' title='bbox 310 1891 445 1981; x_wconf 36' lang='lat' dir='ltr'><strong>aliam*</strong></span> <span class='ocrx_word' id='word_1_106' title='bbox 472 1916 621 1982; x_wconf 86' lang='lat' dir='ltr'><strong>terram</strong></span> <span class='ocrx_word' id='word_1_107' title='bbox 665 1915 746 1980; x_wconf 86' lang='lat' dir='ltr'><strong>tam</strong></span> <span class='ocrx_word' id='word_1_108' title='bbox 789 1900 937 1981; x_wconf 83' lang='lat' dir='ltr'><strong>bonam</strong></span> <span class='ocrx_word' id='word_1_109' title='bbox 973 1901 1077 1981; x_wconf 93' lang='lat' dir='ltr'><strong>sicut</strong></span> <span class='ocrx_word' id='word_1_110' title='bbox 1118 1899 1349 1996; x_wconf 75' lang='lat' dir='ltr'><strong>Gotlandic,</strong></span> <span class='ocrx_word' id='word_1_111' title='bbox 1392 1899 1628 2032; x_wconf 69' lang='lat' dir='ltr'><strong>ubicunque</strong></span> <span class='ocrx_word' id='word_1_112' title='bbox 1656 1902 1766 1982; x_wconf 91' lang='lat' dir='ltr'><strong>illam</strong></span> <span class='ocrx_word' id='word_1_113' title='bbox 1794 1905 1898 1984; x_wconf 88' lang='lat' dir='ltr'><strong>Mar·</strong></span> <span class='ocrx_word' id='word_1_114' title='bbox 1943 1995 1945 2000; x_wconf 23' lang='lat'><strong>¹</strong></span> 
     </span>
    </p>
   </div>
   <div class='ocr_carea' id='block_1_6' title="bbox 14 2007 1900 3004">
    <p class='ocr_par' dir='ltr' id='par_1_6' title="bbox 28 2007 1900 2564">
     <span class='ocr_line' id='line_1_13' title="bbox 106 2007 1900 2120; baseline 0.003 -29"><span class='ocrx_word' id='word_1_115' title='bbox 106 2009 274 2094; x_wconf 89' lang='lat' dir='ltr'><strong>chiones</strong></span> <span class='ocrx_word' id='word_1_116' title='bbox 303 2007 475 2120; x_wconf 86' lang='lat' dir='ltr'><strong>predicti</strong></span> <span class='ocrx_word' id='word_1_117' title='bbox 503 2009 755 2092; x_wconf 88' lang='lat' dir='ltr'><strong>decreuerint</strong></span> <span class='ocrx_word' id='word_1_118' title='bbox 778 2027 1000 2117; x_wconf 85' lang='lat' dir='ltr'><strong>¹acceptare.</strong></span> <span class='ocrx_word' id='word_1_119' title='bbox 1058 2009 1136 2090; x_wconf 89' lang='lat' dir='ltr'><strong>Sed</strong></span> <span class='ocrx_word' id='word_1_120' title='bbox 1165 2012 1196 2090; x_wconf 89' lang='lat' dir='ltr'><strong>si</strong></span> <span class='ocrx_word' id='word_1_121' title='bbox 1225 2009 1395 2117; x_wconf 92' lang='lat' dir='ltr'><strong>predicti</strong></span> <span class='ocrx_word' id='word_1_122' title='bbox 1423 2009 1675 2092; x_wconf 87' lang='lat' dir='ltr'><strong>Marchrones</strong></span> <span class='ocrx_word' id='word_1_123' title='bbox 1702 2009 1900 2120; x_wconf 87' lang='lat' dir='ltr'><strong>placitan-</strong></span> 
     </span>
     <span class='ocr_line' id='line_1_14' title="bbox 106 2120 1900 2232; baseline 0.002 -30"><span class='ocrx_word' id='word_1_124' title='bbox 106 2121 164 2202; x_wconf 91' lang='lat' dir='ltr'><strong>do</strong></span> <span class='ocrx_word' id='word_1_125' title='bbox 193 2149 276 2200; x_wconf 92' lang='lat' dir='ltr'><strong>non</strong></span> <span class='ocrx_word' id='word_1_126' title='bbox 305 2136 468 2230; x_wconf 89' lang='lat' dir='ltr'><strong>possent</strong></span> <span class='ocrx_word' id='word_1_127' title='bbox 496 2120 613 2201; x_wconf 92' lang='lat' dir='ltr'><strong>nobis</strong></span> <span class='ocrx_word' id='word_1_128' title='bbox 641 2120 825 2201; x_wconf 90' lang='lat' dir='ltr'><strong>obtinere</strong></span> <span class='ocrx_word' id='word_1_129' title='bbox 854 2122 1037 2227; x_wconf 90' lang='lat' dir='ltr'><strong>superius</strong></span> <span class='ocrx_word' id='word_1_130' title='bbox 1072 2120 1297 2217; x_wconf 89' lang='lat' dir='ltr'><strong>nominata,</strong></span> <span class='ocrx_word' id='word_1_131' title='bbox 1341 2140 1594 2228; x_wconf 88' lang='lat' dir='ltr'><strong>quecumque</strong></span> <span class='ocrx_word' id='word_1_132' title='bbox 1636 2137 1771 2202; x_wconf 89' lang='lat' dir='ltr'><strong>tamen</strong></span> <span class='ocrx_word' id='word_1_133' title='bbox 1821 2125 1900 2232; x_wconf 88' lang='lat' dir='ltr'><strong>ipsi</strong></span> 
     </span>
     <span class='ocr_line' id='line_1_15' title="bbox 105 2228 1899 2420; baseline 0.003 -111"><span class='ocrx_word' id='word_1_134' title='bbox 105 2230 361 2311; x_wconf 88' lang='lat' dir='ltr'><strong>Marchiones</strong></span> <span class='ocrx_word' id='word_1_135' title='bbox 391 2257 532 2338; x_wconf 88' lang='lat' dir='ltr'><strong>perse</strong></span> <span class='ocrx_word' id='word_1_136' title='bbox 561 2230 623 2310; x_wconf 90' lang='lat' dir='ltr'><strong>vel</strong></span> <span class='ocrx_word' id='word_1_137' title='bbox 654 2259 743 2310; x_wconf 87' lang='lat' dir='ltr'><strong>cum</strong></span> <span class='ocrx_word' id='word_1_138' title='bbox 772 2231 859 2310; x_wconf 92' lang='lat' dir='ltr'><strong>aliis</strong></span> <span class='ocrx_word' id='word_1_139' title='bbox 887 2229 1119 2336; x_wconf 87' lang='lat' dir='ltr'><strong>placitando</strong></span> <span class='ocrx_word' id='word_1_140' title='bbox 1147 2228 1211 2309; x_wconf 85' lang='lat' dir='ltr'><strong>vel</strong></span> <span class='ocrx_word' id='word_1_141' title='bbox 1240 2255 1490 2420; x_wconf 37' lang='lat' dir='ltr'><strong>Quocunque</strong></span> <span class='ocrx_word' id='word_1_142' title='bbox 1521 2229 1644 2312; x_wconf 92' lang='lat' dir='ltr'><strong>modo</strong></span> <span class='ocrx_word' id='word_1_143' title='bbox 1673 2232 1752 2310; x_wconf 91' lang='lat' dir='ltr'><strong>alio</strong></span> <span class='ocrx_word' id='word_1_144' title='bbox 1780 2235 1899 2344; x_wconf 82' lang='lat' dir='ltr'><strong>nobis</strong></span> 
     </span>
     <span class='ocr_line' id='line_1_16' title="bbox 105 2339 1899 2450; baseline 0.003 -33"><span class='ocrx_word' id='word_1_145' title='bbox 105 2341 218 2420; x_wconf 90' lang='lat' dir='ltr'><strong>ultra</strong></span> <span class='ocrx_word' id='word_1_146' title='bbox 248 2359 425 2420; x_wconf 88' lang='lat' dir='ltr'><strong>nostram</strong></span> <span class='ocrx_word' id='word_1_147' title='bbox 455 2339 718 2422; x_wconf 84' lang='lat' dir='ltr'><strong>hereditatem</strong></span> <span class='ocrx_word' id='word_1_148' title='bbox 764 2357 958 2448; x_wconf 85' lang='lat' dir='ltr'><strong>poterunt</strong></span> <span class='ocrx_word' id='word_1_149' title='bbox 1001 2341 1203 2435; x_wconf 89' lang='lat' dir='ltr'><strong>obtinere,</strong></span> <span class='ocrx_word' id='word_1_150' title='bbox 1275 2367 1298 2421; x_wconf 88' lang='lat' dir='ltr'><strong>e</strong></span> <span class='ocrx_word' id='word_1_151' title='bbox 1334 2340 1412 2419; x_wconf 89' lang='lat' dir='ltr'><strong>hiis</strong></span> <span class='ocrx_word' id='word_1_152' title='bbox 1453 2342 1642 2422; x_wconf 89' lang='lat' dir='ltr'><strong>omnibus</strong></span> <span class='ocrx_word' id='word_1_153' title='bbox 1670 2343 1766 2450; x_wconf 90' lang='lat' dir='ltr'><strong>ipsis</strong></span> <span class='ocrx_word' id='word_1_154' title='bbox 1794 2345 1899 2423; x_wconf 80' lang='lat' dir='ltr'><strong>lilar-</strong></span> 
     </span>
     <span class='ocr_line' id='line_1_17' title="bbox 28 2449 1897 2564; baseline 0.003 -34"><span class='ocrx_word' id='word_1_155' title='bbox 28 2515 33 2530; x_wconf 68' lang='grc'>,</span> <span class='ocrx_word' id='word_1_156' title='bbox 107 2449 326 2530; x_wconf 91' lang='lat' dir='ltr'><strong>chionibus</strong></span> <span class='ocrx_word' id='word_1_157' title='bbox 355 2460 393 2532; x_wconf 82' lang='lat' dir='ltr'><strong>8t</strong></span> <span class='ocrx_word' id='word_1_158' title='bbox 422 2478 559 2532; x_wconf 91' lang='lat' dir='ltr'><strong>eorum</strong></span> <span class='ocrx_word' id='word_1_159' title='bbox 589 2451 806 2564; x_wconf 78' lang='lat' dir='ltr'><strong>heredibus</strong></span> <span class='ocrx_word' id='word_1_160' title='bbox 834 2449 974 2532; x_wconf 86' lang='lat' dir='ltr'><strong>damus</strong></span> <span class='ocrx_word' id='word_1_161' title='bbox 1001 2457 1039 2532; x_wconf 69' lang='lat' dir='ltr'><strong>sc</strong></span> <span class='ocrx_word' id='word_1_162' title='bbox 1067 2449 1248 2531; x_wconf 87' lang='lat' dir='ltr'><strong>dedimus</strong></span> <span class='ocrx_word' id='word_1_163' title='bbox 1278 2467 1432 2560; x_wconf 87' lang='lat' dir='ltr'><strong>partem</strong></span> <span class='ocrx_word' id='word_1_164' title='bbox 1460 2453 1621 2532; x_wconf 86' lang='lat' dir='ltr'><strong>tertiam</strong></span> <span class='ocrx_word' id='word_1_165' title='bbox 1637 2451 1897 2561; x_wconf 84' lang='lat' dir='ltr'><strong>proprietatis</strong></span> 
     </span>
    </p>

    <p class='ocr_par' dir='ltr' id='par_1_7' title="bbox 14 2557 1899 3004">
     <span class='ocr_line' id='line_1_18' title="bbox 81 2557 1899 2674; baseline 0.004 -34"><span class='ocrx_word' id='word_1_166' title='bbox 81 2557 146 2640; x_wconf 72' lang='lat' dir='ltr'><strong>¹Bt</strong></span> <span class='ocrx_word' id='word_1_167' title='bbox 177 2562 411 2644; x_wconf 86' lang='lat' dir='ltr'><strong>hereditatis</strong></span> <span class='ocrx_word' id='word_1_168' title='bbox 439 2560 559 2641; x_wconf 90' lang='lat' dir='ltr'><strong>titulo</strong></span> <span class='ocrx_word' id='word_1_169' title='bbox 603 2563 860 2668; x_wconf 90' lang='lat' dir='ltr'><strong>perhenniter</strong></span> <span class='ocrx_word' id='word_1_170' title='bbox 897 2560 1203 2668; x_wconf 89' lang='lat' dir='ltr'><strong>possidendam..</strong></span> <span class='ocrx_word' id='word_1_171' title='bbox 1238 2565 1420 2642; x_wconf 88' lang='lat' dir='ltr'><strong>Pretcrea</strong></span> <span class='ocrx_word' id='word_1_172' title='bbox 1462 2561 1494 2642; x_wconf 89' lang='lat' dir='ltr'><strong>si</strong></span> <span class='ocrx_word' id='word_1_173' title='bbox 1536 2585 1704 2674; x_wconf 75' lang='lat' dir='ltr'><strong>regnum</strong></span> <span class='ocrx_word' id='word_1_174' title='bbox 1724 2575 1728 2584; x_wconf 82' lang='lat'><em>&#39;</em></span> <span class='ocrx_word' id='word_1_175' title='bbox 1745 2565 1899 2648; x_wconf 80' lang='lat' dir='ltr'><strong>Swecie</strong></span> 
     </span>
     <span class='ocr_line' id='line_1_19' title="bbox 105 2672 1897 2782; baseline 0.004 -32"><span class='ocrx_word' id='word_1_176' title='bbox 105 2699 292 2780; x_wconf 89' lang='lat' dir='ltr'><strong>unquam</strong></span> <span class='ocrx_word' id='word_1_177' title='bbox 322 2673 446 2780; x_wconf 83' lang='lat' dir='ltr'><strong>magis</strong></span> <span class='ocrx_word' id='word_1_178' title='bbox 475 2672 721 2780; x_wconf 81' lang='lat' dir='ltr'><strong>integraliter</strong></span> <span class='ocrx_word' id='word_1_179' title='bbox 749 2675 914 2780; x_wconf 84' lang='lat' dir='ltr'><strong>ingressi</strong></span> <span class='ocrx_word' id='word_1_180' title='bbox 943 2672 1136 2752; x_wconf 81' lang='lat' dir='ltr'><strong>fuerimus</strong></span> <span class='ocrx_word' id='word_1_181' title='bbox 1187 2699 1435 2782; x_wconf 90' lang='lat' dir='ltr'><strong>quocunque</strong></span> <span class='ocrx_word' id='word_1_182' title='bbox 1455 2727 1456 2732; x_wconf 21' lang='grc' dir='ltr'><strong><em>κ</em></strong></span> <span class='ocrx_word' id='word_1_183' title='bbox 1477 2697 1573 2753; x_wconf 84' lang='lat' dir='ltr'><strong>casu</strong></span> <span class='ocrx_word' id='word_1_184' title='bbox 1600 2673 1679 2753; x_wconf 92' lang='lat' dir='ltr'><strong>hoc</strong></span> <span class='ocrx_word' id='word_1_185' title='bbox 1705 2675 1897 2758; x_wconf 84' lang='lat' dir='ltr'><strong>acciderit</strong></span> 
     </span>
     <span class='ocr_line' id='line_1_20' title="bbox 104 2778 1899 2892; baseline 0.004 -30"><span class='ocrx_word' id='word_1_186' title='bbox 104 2843 389 2862; x_wconf 94' lang='grc'><strong>.....</strong></span> <span class='ocrx_word' id='word_1_187' title='bbox 419 2778 471 2862; x_wconf 90' lang='lat' dir='ltr'><strong>ad</strong></span> <span class='ocrx_word' id='word_1_188' title='bbox 498 2781 566 2860; x_wconf 90' lang='lat' dir='ltr'><strong>illa</strong></span> <span class='ocrx_word' id='word_1_189' title='bbox 594 2783 702 2862; x_wconf 88' lang='lat' dir='ltr'><strong>hona</strong></span> <span class='ocrx_word' id='word_1_190' title='bbox 744 2784 926 2890; x_wconf 87' lang='lat' dir='ltr'><strong>superius</strong></span> <span class='ocrx_word' id='word_1_191' title='bbox 969 2783 1172 2863; x_wconf 90' lang='lat' dir='ltr'><strong>nominata</strong></span> <span class='ocrx_word' id='word_1_192' title='bbox 1214 2808 1295 2892; x_wconf 89' lang='lat' dir='ltr'><strong>que</strong></span> <span class='ocrx_word' id='word_1_193' title='bbox 1344 2782 1526 2864; x_wconf 88' lang='lat' dir='ltr'><strong>dedimus</strong></span> <span class='ocrx_word' id='word_1_194' title='bbox 1554 2789 1595 2862; x_wconf 83' lang='lat'>&amp;</span> <span class='ocrx_word' id='word_1_195' title='bbox 1622 2783 1764 2866; x_wconf 85' lang='lat' dir='ltr'><strong>damus</strong></span> <span class='ocrx_word' id='word_1_196' title='bbox 1792 2785 1899 2868; x_wconf 86' lang='lat' dir='ltr'><strong>Mar·</strong></span> 
     </span>
     <span class='ocr_line' id='line_1_21' title="bbox 14 2889 1898 3004; baseline 0.002 -29"><span class='ocrx_word' id='word_1_197' title='bbox 14 2991 16 2996; x_wconf 22' lang='lat'>¹</span> <span class='ocrx_word' id='word_1_198' title='bbox 103 2892 324 2975; x_wconf 90' lang='lat' dir='ltr'><strong>chionibus</strong></span> <span class='ocrx_word' id='word_1_199' title='bbox 340 2889 642 3000; x_wconf 85' lang='lat' dir='ltr'><strong>Brandenburg.</strong></span> <span class='ocrx_word' id='word_1_200' title='bbox 671 2894 881 2975; x_wconf 83' lang='lat' dir='ltr'><strong>antedictis</strong></span> <span class='ocrx_word' id='word_1_201' title='bbox 895 2921 1005 2972; x_wconf 91' lang='lat' dir='ltr'><strong>nune</strong></span> <span class='ocrx_word' id='word_1_202' title='bbox 1035 2891 1085 2972; x_wconf 90' lang='lat' dir='ltr'><strong>de</strong></span> <span class='ocrx_word' id='word_1_203' title='bbox 1113 2918 1222 2972; x_wconf 90' lang='lat' dir='ltr'><strong>nouo</strong></span> <span class='ocrx_word' id='word_1_204' title='bbox 1251 2890 1504 2997; x_wconf 80' lang='lat' dir='ltr'><strong>addimus&amp;</strong></span> <span class='ocrx_word' id='word_1_205' title='bbox 1536 2893 1765 3003; x_wconf 71' lang='lat' dir='ltr'><strong>addidimus</strong></span> <span class='ocrx_word' id='word_1_206' title='bbox 1801 2899 1898 3004; x_wconf 88' lang='lat' dir='ltr'><strong>ipsis</strong></span> 
     </span>
    </p>
   </div>
   <div class='ocr_carea' id='block_1_7' title="bbox 103 3001 2011 3111">
    <p class='ocr_par' dir='ltr' id='par_1_8' title="bbox 103 3001 2011 3111">
     <span class='ocr_line' id='line_1_22' title="bbox 103 3001 2011 3111; baseline 0.004 -28"><span class='ocrx_word' id='word_1_207' title='bbox 103 3009 144 3083; x_wconf 70' lang='grc' dir='ltr'><strong>δι</strong></span> <span class='ocrx_word' id='word_1_208' title='bbox 173 3029 318 3083; x_wconf 88' lang='lat' dir='ltr'><strong>eorum</strong></span> <span class='ocrx_word' id='word_1_209' title='bbox 346 3001 563 3083; x_wconf 89' lang='lat' dir='ltr'><strong>heredibus</strong></span> <span class='ocrx_word' id='word_1_210' title='bbox 591 3007 740 3083; x_wconf 87' lang='lat' dir='ltr'><strong>terram</strong></span> <span class='ocrx_word' id='word_1_211' title='bbox 782 3007 924 3111; x_wconf 84' lang='lat' dir='ltr'><strong>utique</strong></span> <span class='ocrx_word' id='word_1_212' title='bbox 954 3001 1172 3084; x_wconf 89' lang='lat' dir='ltr'><strong>Gotlandic</strong></span> <span class='ocrx_word' id='word_1_213' title='bbox 1200 3002 1252 3083; x_wconf 93' lang='lat' dir='ltr'><strong>ad</strong></span> <span class='ocrx_word' id='word_1_214' title='bbox 1280 3003 1427 3111; x_wconf 85' lang='lat' dir='ltr'><strong>justam</strong></span> <span class='ocrx_word' id='word_1_215' title='bbox 1471 3003 1733 3084; x_wconf 87' lang='lat' dir='ltr'><strong>hereditatem</strong></span> <span class='ocrx_word' id='word_1_216' title='bbox 1759 3011 1802 3084; x_wconf 72' lang='grc' dir='ltr'><strong>δι</strong></span> <span class='ocrx_word' id='word_1_217' title='bbox 1830 3035 1899 3089; x_wconf 80' lang='lat' dir='ltr'><strong>ve·</strong></span> <span class='ocrx_word' id='word_1_218' title='bbox 2009 3066 2011 3074; x_wconf 42' lang='grc' dir='ltr'><strong><em>ι</em></strong></span> 
     </span>
    </p>
   </div>
   <div class='ocr_carea' id='block_1_8' title="bbox 85 3112 1899 3334">
    <p class='ocr_par' dir='ltr' id='par_1_9' title="bbox 85 3112 1899 3334">
     <span class='ocr_line' id='line_1_23' title="bbox 102 3112 1899 3224; baseline 0.002 -30"><span class='ocrx_word' id='word_1_219' title='bbox 102 3141 191 3194; x_wconf 86' lang='lat' dir='ltr'><strong>ram</strong></span> <span class='ocrx_word' id='word_1_220' title='bbox 226 3117 515 3221; x_wconf 88' lang='lat' dir='ltr'><strong>proprietatem</strong></span> <span class='ocrx_word' id='word_1_221' title='bbox 544 3115 830 3222; x_wconf 88' lang='lat' dir='ltr'><strong>perpetualiter</strong></span> <span class='ocrx_word' id='word_1_222' title='bbox 859 3113 1151 3222; x_wconf 88' lang='lat' dir='ltr'><strong>possidendam.</strong></span> <span class='ocrx_word' id='word_1_223' title='bbox 1180 3115 1264 3196; x_wconf 87' lang='lat' dir='ltr'><strong>Nos</strong></span> <span class='ocrx_word' id='word_1_224' title='bbox 1292 3141 1457 3224; x_wconf 91' lang='lat' dir='ltr'><strong>quoque</strong></span> <span class='ocrx_word' id='word_1_225' title='bbox 1494 3112 1781 3196; x_wconf 85' lang='lat' dir='ltr'><strong>Woldemarus</strong></span> <span class='ocrx_word' id='word_1_226' title='bbox 1823 3119 1899 3198; x_wconf 84' lang='lat' dir='ltr'><strong>Dei</strong></span> 
     </span>
     <span class='ocr_line' id='line_1_24' title="bbox 85 3224 1899 3334; baseline 0.002 -30"><span class='ocrx_word' id='word_1_227' title='bbox 85 3225 240 3334; x_wconf 87' lang='lat' dir='ltr'><strong>&#39;gratia</strong></span> <span class='ocrx_word' id='word_1_228' title='bbox 282 3253 354 3305; x_wconf 87' lang='lat' dir='ltr'><strong>rex</strong></span> <span class='ocrx_word' id='word_1_229' title='bbox 397 3225 606 3304; x_wconf 84' lang='lat' dir='ltr'><strong>Sweorum</strong></span> <span class='ocrx_word' id='word_1_230' title='bbox 644 3227 881 3305; x_wconf 80' lang='lat' dir='ltr'><strong>&amp;Domina</strong></span> <span class='ocrx_word' id='word_1_231' title='bbox 912 3224 1061 3331; x_wconf 91' lang='lat' dir='ltr'><strong>Sophia</strong></span> <span class='ocrx_word' id='word_1_232' title='bbox 1089 3253 1194 3305; x_wconf 85' lang='lat' dir='ltr'><strong>uxor</strong></span> <span class='ocrx_word' id='word_1_233' title='bbox 1221 3240 1359 3304; x_wconf 90' lang='lat' dir='ltr'><strong>nostra</strong></span> <span class='ocrx_word' id='word_1_234' title='bbox 1395 3226 1531 3306; x_wconf 90' lang='lat' dir='ltr'><strong>inclita</strong></span> <span class='ocrx_word' id='word_1_235' title='bbox 1568 3248 1755 3306; x_wconf 82' lang='lat' dir='ltr'><strong>necnon</strong></span> <span class='ocrx_word' id='word_1_236' title='bbox 1782 3225 1899 3308; x_wconf 87' lang='lat' dir='ltr'><strong>here·</strong></span> 
     </span>
    </p>
   </div>
   <div class='ocr_carea' id='block_1_9' title="bbox 14 3333 2025 3443">
    <p class='ocr_par' dir='ltr' id='par_1_10' title="bbox 14 3333 2025 3443">
     <span class='ocr_line' id='line_1_25' title="bbox 14 3333 2025 3443; baseline 0.001 -26"><span class='ocrx_word' id='word_1_237' title='bbox 14 3383 15 3386; x_wconf 30' lang='lat'>¹</span> <span class='ocrx_word' id='word_1_238' title='bbox 101 3335 175 3417; x_wconf 91' lang='lat' dir='ltr'><strong>des</strong></span> <span class='ocrx_word' id='word_1_239' title='bbox 209 3337 337 3417; x_wconf 91' lang='lat' dir='ltr'><strong>nostri</strong></span> <span class='ocrx_word' id='word_1_240' title='bbox 365 3337 500 3414; x_wconf 90' lang='lat' dir='ltr'><strong>omnia</strong></span> <span class='ocrx_word' id='word_1_241' title='bbox 528 3334 632 3414; x_wconf 82' lang='lat' dir='ltr'><strong>infra</strong></span> <span class='ocrx_word' id='word_1_242' title='bbox 661 3337 888 3443; x_wconf 88' lang='lat' dir='ltr'><strong>conscripta</strong></span> <span class='ocrx_word' id='word_1_243' title='bbox 925 3333 1223 3416; x_wconf 88' lang='lat' dir='ltr'><strong>Marehicnibus</strong></span> <span class='ocrx_word' id='word_1_244' title='bbox 1257 3333 1713 3442; x_wconf 80' lang='lat' dir='ltr'><strong>Brandenburgensibus</strong></span> <span class='ocrx_word' id='word_1_245' title='bbox 1741 3338 1899 3421; x_wconf 86' lang='lat' dir='ltr'><strong>antedi·</strong></span> <span class='ocrx_word' id='word_1_246' title='bbox 2022 3425 2025 3434; x_wconf 58' lang='grc'>,</span> 
     </span>
    </p>
   </div>
   <div class='ocr_carea' id='block_1_10' title="bbox 14 3437 1899 4003">
    <p class='ocr_par' dir='ltr' id='par_1_11' title="bbox 14 3437 1899 4003">
     <span class='ocr_line' id='line_1_26' title="bbox 101 3437 1898 3555; baseline 0.001 -27"><span class='ocrx_word' id='word_1_247' title='bbox 101 3447 179 3528; x_wconf 90' lang='lat' dir='ltr'><strong>ctis</strong></span> <span class='ocrx_word' id='word_1_248' title='bbox 213 3446 291 3527; x_wconf 89' lang='lat' dir='ltr'><strong>fide</strong></span> <span class='ocrx_word' id='word_1_249' title='bbox 321 3447 485 3555; x_wconf 86' lang='lat' dir='ltr'><strong>prestita</strong></span> <span class='ocrx_word' id='word_1_250' title='bbox 527 3442 727 3553; x_wconf 80' lang='lat' dir='ltr'><strong>corporali</strong></span> <span class='ocrx_word' id='word_1_251' title='bbox 761 3445 1016 3552; x_wconf 88' lang='lat' dir='ltr'><strong>promisimus</strong></span> <span class='ocrx_word' id='word_1_252' title='bbox 1059 3446 1319 3553; x_wconf 88' lang='lat' dir='ltr'><strong>perhenniter</strong></span> <span class='ocrx_word' id='word_1_253' title='bbox 1362 3443 1719 3526; x_wconf 84' lang='lat' dir='ltr'><strong>&amp;inuiolabiliter</strong></span> <span class='ocrx_word' id='word_1_254' title='bbox 1759 3437 1898 3529; x_wconf 60' lang='lat' dir='ltr'><strong>observ</strong></span> 
     </span>
     <span class='ocr_line' id='line_1_27' title="bbox 14 3549 1898 3665; baseline 0.001 -28"><span class='ocrx_word' id='word_1_255' title='bbox 14 3645 15 3654; x_wconf 14' lang='grc' dir='ltr'><strong><em>Ν</em></strong></span> <span class='ocrx_word' id='word_1_256' title='bbox 100 3586 218 3637; x_wconf 89' lang='lat' dir='ltr'><strong>uare.</strong></span> <span class='ocrx_word' id='word_1_257' title='bbox 274 3557 333 3636; x_wconf 91' lang='lat' dir='ltr'><strong>Ne</strong></span> <span class='ocrx_word' id='word_1_258' title='bbox 361 3573 493 3635; x_wconf 89' lang='lat' dir='ltr'><strong>autem</strong></span> <span class='ocrx_word' id='word_1_259' title='bbox 522 3555 641 3635; x_wconf 89' lang='lat' dir='ltr'><strong>alicui</strong></span> <span class='ocrx_word' id='word_1_260' title='bbox 669 3583 788 3664; x_wconf 90' lang='lat' dir='ltr'><strong>super</strong></span> <span class='ocrx_word' id='word_1_261' title='bbox 816 3557 891 3636; x_wconf 88' lang='lat' dir='ltr'><strong>ista</strong></span> <span class='ocrx_word' id='word_1_262' title='bbox 920 3552 1140 3634; x_wconf 89' lang='lat' dir='ltr'><strong>donatione</strong></span> <span class='ocrx_word' id='word_1_263' title='bbox 1182 3549 1455 3665; x_wconf 83' lang='lat' dir='ltr'><strong>ambiguitatis</strong></span> <span class='ocrx_word' id='word_1_264' title='bbox 1496 3559 1657 3637; x_wconf 75' lang='lat' dir='ltr'><strong>materia</strong></span> <span class='ocrx_word' id='word_1_265' title='bbox 1686 3562 1812 3664; x_wconf 89' lang='lat' dir='ltr'><strong>possit</strong></span> <span class='ocrx_word' id='word_1_266' title='bbox 1854 3561 1898 3639; x_wconf 91' lang='lat' dir='ltr'><strong>in</strong></span> 
     </span>
     <span class='ocr_line' id='line_1_28' title="bbox 100 3662 1898 3776; baseline -0.002 -26"><span class='ocrx_word' id='word_1_267' title='bbox 100 3685 316 3776; x_wconf 88' lang='lat' dir='ltr'><strong>posterum</strong></span> <span class='ocrx_word' id='word_1_268' title='bbox 339 3666 566 3775; x_wconf 88' lang='lat' dir='ltr'><strong>prouenire‚</strong></span> <span class='ocrx_word' id='word_1_269' title='bbox 595 3662 687 3745; x_wconf 89' lang='lat' dir='ltr'><strong>ideo</strong></span> <span class='ocrx_word' id='word_1_270' title='bbox 719 3685 941 3774; x_wconf 89' lang='lat' dir='ltr'><strong>presentem</strong></span> <span class='ocrx_word' id='word_1_271' title='bbox 969 3663 1111 3744; x_wconf 88' lang='lat' dir='ltr'><strong>damus</strong></span> <span class='ocrx_word' id='word_1_272' title='bbox 1127 3666 1297 3747; x_wconf 83' lang='lat' dir='ltr'><strong>litteram</strong></span> <span class='ocrx_word' id='word_1_273' title='bbox 1325 3666 1548 3776; x_wconf 81' lang='lat' dir='ltr'><strong>sigillorum</strong></span> <span class='ocrx_word' id='word_1_274' title='bbox 1563 3684 1794 3749; x_wconf 88' lang='lat' dir='ltr'><strong>nostrorum</strong></span> <span class='ocrx_word' id='word_1_275' title='bbox 1811 3671 1898 3775; x_wconf 90' lang='lat' dir='ltr'><strong>api-</strong></span> 
     </span>
     <span class='ocr_line' id='line_1_29' title="bbox 100 3773 1899 3868; baseline -0.001 -10"><span class='ocrx_word' id='word_1_276' title='bbox 100 3779 225 3860; x_wconf 87' lang='lat' dir='ltr'><strong>cibus</strong></span> <span class='ocrx_word' id='word_1_277' title='bbox 240 3777 524 3858; x_wconf 86' lang='lat' dir='ltr'><strong>communitam</strong></span> <span class='ocrx_word' id='word_1_278' title='bbox 553 3777 595 3866; x_wconf 85' lang='lat' dir='ltr'><strong>in</strong></span> <span class='ocrx_word' id='word_1_279' title='bbox 624 3777 895 3857; x_wconf 91' lang='lat' dir='ltr'><strong>testimonium</strong></span> <span class='ocrx_word' id='word_1_280' title='bbox 922 3773 1087 3856; x_wconf 88' lang='lat' dir='ltr'><strong>euidens</strong></span> <span class='ocrx_word' id='word_1_281' title='bbox 1116 3780 1160 3868; x_wconf 4' lang='lat' dir='ltr'><strong>&amp;w</strong></span> <span class='ocrx_word' id='word_1_282' title='bbox 1185 3779 1401 3858; x_wconf 89' lang='lat' dir='ltr'><strong>munimen.</strong></span> <span class='ocrx_word' id='word_1_283' title='bbox 1431 3778 1580 3859; x_wconf 88' lang='lat' dir='ltr'><strong>Datum</strong></span> <span class='ocrx_word' id='word_1_284' title='bbox 1609 3778 1899 3861; x_wconf 85' lang='lat' dir='ltr'><strong>anno&#39;domini</strong></span> 
     </span>
     <span class='ocr_line' id='line_1_30' title="bbox 99 3885 1700 4003; baseline 0.001 -35"><span class='ocrx_word' id='word_1_285' title='bbox 99 3892 159 3969; x_wconf 88' lang='lat' dir='ltr'><strong>in&#39;</strong></span> <span class='ocrx_word' id='word_1_286' title='bbox 181 3888 460 3996; x_wconf 90' lang='lat' dir='ltr'><strong>Copenhauen</strong></span> <span class='ocrx_word' id='word_1_287' title='bbox 489 3885 697 4003; x_wconf 87' lang='lat' dir='ltr'><strong>millesimo</strong></span> <span class='ocrx_word' id='word_1_288' title='bbox 726 3887 1050 3970; x_wconf 82' lang='lat' dir='ltr'><strong>CC&#39;.LXXVII⁰.</strong></span> <span class='ocrx_word' id='word_1_289' title='bbox 1079 3887 1122 3966; x_wconf 94' lang='lat' dir='ltr'><strong>in</strong></span> <span class='ocrx_word' id='word_1_290' title='bbox 1151 3885 1216 3968; x_wconf 90' lang='lat' dir='ltr'><strong>die</strong></span> <span class='ocrx_word' id='word_1_291' title='bbox 1243 3889 1466 3969; x_wconf 86' lang='lat' dir='ltr'><strong>natiuitatis</strong></span> <span class='ocrx_word' id='word_1_292' title='bbox 1494 3890 1537 3970; x_wconf 91' lang='lat' dir='ltr'><strong>B.</strong></span> <span class='ocrx_word' id='word_1_293' title='bbox 1564 3887 1700 3968; x_wconf 75' lang='lat' dir='ltr'><strong>Maris.</strong></span> 
     </span>
    </p>
   </div>
   <div class='ocr_carea' id='block_1_11' title="bbox 102 4145 1895 4372">
    <p class='ocr_par' dir='ltr' id='par_1_12' title="bbox 102 4145 1895 4372">
     <span class='ocr_line' id='line_1_31' title="bbox 102 4145 1895 4372; baseline -0.002 -34"><span class='ocrx_word' id='word_1_294' title='bbox 102 4229 246 4338; x_wconf 83' lang='grc'><strong>631.</strong></span> <span class='ocrx_word' id='word_1_295' title='bbox 312 4247 363 4334; x_wconf 54' lang='lat' dir='ltr'><strong>&#39;t</strong></span> <span class='ocrx_word' id='word_1_296' title='bbox 421 4145 423 4152; x_wconf 23' lang='grc' dir='ltr'>Ι</span> <span class='ocrx_word' id='word_1_297' title='bbox 738 4227 981 4372; x_wconf 79' lang='lat' dir='ltr'><strong>¹²77‘d·</strong></span> <span class='ocrx_word' id='word_1_298' title='bbox 1031 4231 1101 4334; x_wconf 81' lang='lat'><strong>25</strong></span> <span class='ocrx_word' id='word_1_299' title='bbox 1148 4229 1306 4335; x_wconf 52' lang='lat' dir='ltr'><strong>Nov„</strong></span> <span class='ocrx_word' id='word_1_300' title='bbox 1416 4327 1420 4336; x_wconf 86' lang='lat'><em>.</em></span> <span class='ocrx_word' id='word_1_301' title='bbox 1472 4367 1475 4372; x_wconf 10' lang='grc' dir='ltr'><strong>Δ</strong></span> <span class='ocrx_word' id='word_1_302' title='bbox 1568 4145 1895 4366; x_wconf 22' lang='grc' dir='ltr'><strong>,Ψειτηῑιθῆι</strong></span> 
     </span>
    </p>
   </div>
   <div class='ocr_carea' id='block_1_12' title="bbox 188 4425 1762 4617">
    <p class='ocr_par' dir='ltr' id='par_1_13' title="bbox 188 4425 1762 4617">
     <span class='ocr_line' id='line_1_32' title="bbox 188 4425 1726 4532; baseline 0.001 -24"><span class='ocrx_word' id='word_1_303' title='bbox 188 4445 272 4508; x_wconf 73' lang='lat' dir='ltr'><strong>nos</strong></span> <span class='ocrx_word' id='word_1_304' title='bbox 294 4449 423 4511; x_wconf 59' lang='lat' dir='ltr'><strong>urens</strong></span> <span class='ocrx_word' id='word_1_305' title='bbox 445 4449 458 4509; x_wconf 86' lang='lat' dir='ltr'><strong>r</strong></span> <span class='ocrx_word' id='word_1_306' title='bbox 480 4449 647 4512; x_wconf 69' lang='lat' dir='ltr'><strong>arverne</strong></span> <span class='ocrx_word' id='word_1_307' title='bbox 668 4447 716 4511; x_wconf 79' lang='lat' dir='ltr'><strong>cu</strong></span> <span class='ocrx_word' id='word_1_308' title='bbox 738 4447 896 4511; x_wconf 64' lang='lat' dir='ltr'><strong>cuchema</strong></span> <span class='ocrx_word' id='word_1_309' title='bbox 917 4449 1031 4512; x_wconf 67' lang='lat' dir='ltr'><strong>arose</strong></span> <span class='ocrx_word' id='word_1_310' title='bbox 1052 4447 1186 4530; x_wconf 76' lang='lat' dir='ltr'><strong>amrurg</strong></span> <span class='ocrx_word' id='word_1_311' title='bbox 1207 4447 1310 4531; x_wconf 73' lang='lat' dir='ltr'><strong>ugare</strong></span> <span class='ocrx_word' id='word_1_312' title='bbox 1332 4448 1370 4509; x_wconf 71' lang='lat' dir='ltr'><strong>ar</strong></span> <span class='ocrx_word' id='word_1_313' title='bbox 1385 4425 1587 4532; x_wconf 56' lang='lat' dir='ltr'><strong>squamas</strong></span> <span class='ocrx_word' id='word_1_314' title='bbox 1604 4449 1726 4510; x_wconf 66' lang='lat' dir='ltr'><strong>ecies.</strong></span> 
     </span>
     <span class='ocr_line' id='line_1_33' title="bbox 772 4559 1762 4617; baseline -0.001 -1"><span class='ocrx_word' id='word_1_315' title='bbox 772 4569 774 4580; x_wconf 90' lang='lat'>&#39;</span> <span class='ocrx_word' id='word_1_316' title='bbox 882 4591 887 4598; x_wconf 93' lang='lat'>·</span> <span class='ocrx_word' id='word_1_317' title='bbox 1533 4563 1570 4616; x_wconf 78' lang='lat' dir='ltr'><strong>A.</strong></span> <span class='ocrx_word' id='word_1_318' title='bbox 1588 4561 1612 4614; x_wconf 81' lang='grc'><strong>3.</strong></span> <span class='ocrx_word' id='word_1_319' title='bbox 1630 4559 1654 4616; x_wconf 61' lang='grc' dir='ltr'><strong>Ι,</strong></span> <span class='ocrx_word' id='word_1_320' title='bbox 1675 4577 1703 4615; x_wconf 82' lang='lat' dir='ltr'><strong>r:</strong></span> <span class='ocrx_word' id='word_1_321' title='bbox 1722 4578 1762 4617; x_wconf 84' lang='lat' dir='ltr'><strong>rr.</strong></span> 
     </span>
    </p>
   </div>
   <div class='ocr_carea' id='block_1_13' title="bbox 274 4693 1976 4804">
    <p class='ocr_par' dir='ltr' id='par_1_14' title="bbox 274 4693 1976 4804">
     <span class='ocr_line' id='line_1_34' title="bbox 274 4693 1976 4804; baseline -0.002 -28"><span class='ocrx_word' id='word_1_322' title='bbox 274 4693 446 4776; x_wconf 73' lang='lat' dir='ltr'><strong>Maenas</strong></span> <span class='ocrx_word' id='word_1_323' title='bbox 474 4694 541 4804; x_wconf 88' lang='lat' dir='ltr'><strong>dej</strong></span> <span class='ocrx_word' id='word_1_324' title='bbox 570 4698 703 4804; x_wconf 86' lang='lat' dir='ltr'><strong>gracia</strong></span> <span class='ocrx_word' id='word_1_325' title='bbox 731 4724 803 4778; x_wconf 86' lang='lat' dir='ltr'><strong>rex</strong></span> <span class='ocrx_word' id='word_1_326' title='bbox 832 4697 1051 4778; x_wconf 90' lang='lat' dir='ltr'><strong>Sweorum.</strong></span> <span class='ocrx_word' id='word_1_327' title='bbox 1082 4694 1282 4776; x_wconf 90' lang='lat' dir='ltr'><strong>Omnibus</strong></span> <span class='ocrx_word' id='word_1_328' title='bbox 1310 4715 1512 4804; x_wconf 86' lang='lat' dir='ltr'><strong>presentes</strong></span> <span class='ocrx_word' id='word_1_329' title='bbox 1558 4696 1711 4777; x_wconf 89' lang='lat' dir='ltr'><strong>litteras</strong></span> <span class='ocrx_word' id='word_1_330' title='bbox 1738 4695 1896 4778; x_wconf 88' lang='lat' dir='ltr'><strong>intelle·</strong></span> <span class='ocrx_word' id='word_1_331' title='bbox 1975 4762 1976 4773; x_wconf 19' lang='lat' dir='ltr'><strong>a</strong></span> 
     </span>
    </p>
   </div>
   <div class='ocr_carea' id='block_1_14' title="bbox 97 4803 2053 4916">
    <p class='ocr_par' dir='ltr' id='par_1_15' title="bbox 97 4803 2053 4916">
     <span class='ocr_line' id='line_1_35' title="bbox 97 4803 2053 4916; baseline -0.006 -25"><span class='ocrx_word' id='word_1_332' title='bbox 97 4805 249 4904; x_wconf 86' lang='lat' dir='ltr'><strong>cturis‚</strong></span> <span class='ocrx_word' id='word_1_333' title='bbox 276 4803 447 4886; x_wconf 88' lang='lat' dir='ltr'><strong>salutem</strong></span> <span class='ocrx_word' id='word_1_334' title='bbox 476 4807 518 4888; x_wconf 91' lang='lat' dir='ltr'><strong>iu</strong></span> <span class='ocrx_word' id='word_1_335' title='bbox 547 4803 722 4886; x_wconf 75' lang='lat' dir='ltr'><strong>domino,</strong></span> <span class='ocrx_word' id='word_1_336' title='bbox 753 4809 954 4888; x_wconf 89' lang='lat' dir='ltr'><strong>Nouerint</strong></span> <span class='ocrx_word' id='word_1_337' title='bbox 982 4806 1170 4903; x_wconf 76' lang='lat' dir='ltr'><strong>uniuersi,</strong></span> <span class='ocrx_word' id='word_1_338' title='bbox 1220 4832 1294 4887; x_wconf 91' lang='lat' dir='ltr'><strong>nos</strong></span> <span class='ocrx_word' id='word_1_339' title='bbox 1321 4805 1587 4916; x_wconf 86' lang='lat' dir='ltr'><strong>parochianos</strong></span> <span class='ocrx_word' id='word_1_340' title='bbox 1616 4807 1666 4888; x_wconf 90' lang='lat' dir='ltr'><strong>de</strong></span> <span class='ocrx_word' id='word_1_341' title='bbox 1694 4805 1896 4913; x_wconf 77' lang='lat' dir='ltr'><strong>Grydbelt</strong></span> <span class='ocrx_word' id='word_1_342' title='bbox 2001 4829 2008 4836; x_wconf 82' lang='lat'>·</span> <span class='ocrx_word' id='word_1_343' title='bbox 2048 4873 2053 4880; x_wconf 90' lang='lat'><em>.</em></span> 
     </span>
    </p>
   </div>
   <div class='ocr_carea' id='block_1_15' title="bbox 98 4911 1896 5024">
    <p class='ocr_par' dir='ltr' id='par_1_16' title="bbox 98 4911 1896 5024">
     <span class='ocr_line' id='line_1_36' title="bbox 98 4911 1896 5024; baseline -0.001 -26"><span class='ocrx_word' id='word_1_344' title='bbox 98 4917 156 5001; x_wconf 89' lang='lat' dir='ltr'><strong>ab</strong></span> <span class='ocrx_word' id='word_1_345' title='bbox 188 4917 303 4998; x_wconf 90' lang='lat' dir='ltr'><strong>omni</strong></span> <span class='ocrx_word' id='word_1_346' title='bbox 331 4911 469 4997; x_wconf 89' lang='lat' dir='ltr'><strong>rodoer</strong></span> <span class='ocrx_word' id='word_1_347' title='bbox 495 4943 540 4997; x_wconf 89' lang='lat' dir='ltr'><strong>ac</strong></span> <span class='ocrx_word' id='word_1_348' title='bbox 568 4913 919 4997; x_wconf 90' lang='lat' dir='ltr'><strong>administracione</strong></span> <span class='ocrx_word' id='word_1_349' title='bbox 946 4916 1198 5024; x_wconf 79' lang='lat' dir='ltr'><strong>uectigalium</strong></span> <span class='ocrx_word' id='word_1_350' title='bbox 1241 4943 1317 4996; x_wconf 90' lang='lat' dir='ltr'><strong>nec</strong></span> <span class='ocrx_word' id='word_1_351' title='bbox 1344 4943 1429 4997; x_wconf 87' lang='lat' dir='ltr'><strong>non</strong></span> <span class='ocrx_word' id='word_1_352' title='bbox 1456 4913 1507 4998; x_wconf 88' lang='lat' dir='ltr'><strong>de</strong></span> <span class='ocrx_word' id='word_1_353' title='bbox 1536 4915 1689 5000; x_wconf 91' lang='lat' dir='ltr'><strong>tributo</strong></span> <span class='ocrx_word' id='word_1_354' title='bbox 1717 4912 1896 4999; x_wconf 78' lang='lat' dir='ltr'><strong>Alimen-</strong></span> 
     </span>
    </p>
   </div>
   <div class='ocr_carea' id='block_1_16' title="bbox 1963 5190 2061 5216">
    <p class='ocr_par' dir='ltr' id='par_1_17' title="bbox 1963 5190 2061 5216">
     <span class='ocr_line' id='line_1_37' title="bbox 1963 5190 2061 5216; baseline -0.01 0"><span class='ocrx_word' id='word_1_355' title='bbox 1963 5190 2061 5216; x_wconf 59' lang='lat' dir='ltr'><strong>*u</strong></span> 
     </span>
    </p>
   </div>
   <div class='ocr_carea' id='block_1_17' title="bbox 0 0 2204 5958">
    <p class='ocr_par' dir='ltr' id='par_1_18' title="bbox 0 0 2204 5958">
     <span class='ocr_line' id='line_1_38' title="bbox 0 0 2204 5958; baseline 0 3"><span class='ocrx_word' id='word_1_356' title='bbox 0 0 2204 5958; x_wconf 95' lang='lat' dir='ltr'><strong> </strong></span> 
     </span>
    </p>
   </div>
  </div>
 </body>
</html>
