4382 5964
707 425 1210 564 4-6οξ-

268 650 375 734 lacta
401 646 728 758 compensatione
754 659 1012 757 receptorum
1040 644 1093 730 ad
1121 649 1207 756 ipsa
1237 643 1421 758 deposita
1455 663 1496 730 et
1537 659 1803 743 commutata,
1830 649 1894 732 in·

268 763 435 842 uenitur
452 756 525 842 ¹de.
541 777 710 866 argento
721 773 1123 844 ,tumcommutatum
1142 754 1440 868 et:‚dopositmn
1454 773 1654 870 quantum
1675 774 1901 868 receptum·
1948 789 1953 794 ·

259 873 601 980 teannepenmr
629 884 918 956 commutatum
946 895 1091 954 aurum
1118 883 1198 976 'pro
1225 868 1338 951 LXV
1367 869 1459 954 libr.
1490 869 1768 952 Turommin.
1808 909 1839 958 ’τ
1881 903 1900 938 ‘³
1927 901 1953 913 ··

133 1089 160 1180 b
268 984 381 1063 Item.
397 981 655 1090 reperiuntur
685 995 939 1064 commutate
963 979 1136 1062 marchae
1163 975 1423 1064 denariorum
1464 978 1516 1064 de
1558 983 1653 1062 Ilua
1680 1007 1758 1090 pro
1787 978 1894 1062 CCX

101 1093 130 1178 li
161 1124 193 1177 r.
222 1093 379 1176 l'uron.
407 1094 503 1173 min.
1392 1129 1395 1138 ·

267 1205 327 1284 De
356 1200 558 1311 praedictis
585 1201 971 1286 commutationibus
1012 1201 1265 1283 marcharum
1307 1198 1572 1304 denariorum⁸
1599 1217 1639 1284 et
1666 1201 1825 1309 argenti
1852 1218 1895 1281 et

100 1319 190 1398 auri
218 1328 393 1410 constat,
421 1311 533 1425 quod
562 1328 625 1395 est
649 1339 804 1394 summa
842 1311 1095 1395 marcharum
1123 1313 1279 1420 argenti
1307 1311 1359 1394 ad
1388 1309 1550 1423 pondus
1568 1313 1735 1395 Trecen.
1766 1309 1893 1401 dedu·

98 1429 176 1510 ctis
203 1425 281 1507 illis
309 1423 480 1506 mombis
508 1449 599 1535 quaa
624 1422 800 1507 venditae
827 1420 1077 1508 fuerunt-
1105 1420 1197 1504 vlu
1225 1423 1373 1506 CLXX
1407 1422 1555 1522 march.
1585 1424 1643 1506 VI
1674 1451 1766 1507 unc.
1794 1437 1882 1525 ets

97 1557 234 1650 quart.
262 1537 421 1644 argenti
451 1532 504 1614 ad
532 1533 693 1644 pondus
721 1534 891 1618 Trecen.

254 1647 365 1751 ¹Item
392 1641 505 1726 XVM
531 1646 713 1726 CCLVll
728 1702 735 1712 -
752 1643 844 1730 libr.
873 1662 915 1728 et
939 1647 1019 1728 XII
1047 1643 1087 1727 fl.
1115 1643 1269 1728 Turon.

266 1760 367 1840 Item
394 1753 526 1862 adbuc
554 1773 648 1840 sunt
676 1755 908 1866 assignandi
935 1759 1050 1840 Lllll
1079 1753 1118 1838 st
1147 1775 1188 1838 ct
1214 1757 1254 1840 X
1282 1755 1373 1842 den.
1402 1757 1588 1867 Sterling.

105 2041 237 2172 744.
736 1981 890 2192 ι1489
937 2021 987 2130 d.
1042 2025 1109 2132 18
1156 1999 1329 2172 Maj„
1622 1951 1624 1958 ⁴
1719 2023 1892 2164 Skara.
2004 2021 2007 2029 ’

95 2250 110 2316 Ε
179 2243 251 2308 Xon
272 2245 402 2308 Muclus
425 2242 465 2305 lte
486 2228 663 2306 thvobret
678 2242 726 2304 till
747 2205 907 2308 Gutihems
926 2244 1042 2308 kloster
1062 2245 1103 2330 ps
1124 2255 1168 2308 ett
1189 2245 1288 2309 under
1308 2243 1441 2308 llronan
1463 2243 1616 2308 i‘o'rbrutet
1637 2204 1789 2310 laxfisles

1491 2359 1756 2432 autumn

160 2597 167 2608 Ι
262 2499 435 2580 Mantus
465 2493 530 2579 dei
558 2495 694 2607 gracia
720 2519 923 2582 sweorum
964 2497 1265 2609 gothorumque
1307 2525 1399 2593 rex,
1443 2496 1646 2606 Omnibus
1685 2514 1890 2609 presentes

95 2607 260 2696 litteras·
279 2609 520 2718 inspecturis
560 2607 732 2692 salutern
759 2609 802 2690 in
830 2608 1009 2708 domino,
1052 2611 1256 2714 Quoniam
1284 2607 1340 2691 ob
1380 2606 1540 2690 labilem
1569 2605 1779 2692 hominum
1807 2637 1890 2694 me·

95 2723 263 2818 moriam
293 2722 456 2830 riteque
483 2717 638 2828 fragilis
665 2719 904 2804 breuitatem
940 2749 1020 2832 que
1059 2719 1359 2804 racionabiliter
1393 2735 1483 2802 acta
1517 2735 1613 2802 sunt
1653 2719 1889 2831 frequenter

94 2836 140 2916 in
168 2831 343 2916 dubium
369 2843 616 2913 reuocentur
643 2835 805 2915 &raro
841 2833 1093 2942 proueniunt
1135 2829 1188 2914 ad
1229 2857 1375 2940 puram
1414 2831 1604 2914 noticiam
1631 2847 1888 2942 posterorum

94 2946 175 3028 uisi
204 2942 454 3054 presencium
509 2937 743 3024 rouidencia
761 2960 1003 3051 procuretur
1031 2939 1145 3053 quod
1173 2942 1376 3053 scriptura
1403 2944 1620 3050 superstite
1646 2945 1887 3024 successori·

93 3045 173 3139 bus
201 3069 338 3164 pateat
379 2969 509 3164 quoi
532 3051 648 3133 aliter
675 3051 914 3136 abholerent
950 3081 1057 3138 mors
1084 3059 1125 3135 8<
1152 3053 1307 3136 obliuio
1335 3051 1571 3164 frequenter
1598 3053 1723 3136 eciam
1751 3056 1887 3164 praui·

92 3183 157 3250 tas
183 3173 224 3248 8r
255 3163 409 3248 inuidia
438 3191 723 3272 peruersorum
737 3165 898 3246 Tenore
923 3165 1173 3272 presencium
1187 3181 1269 3246 tam
1284 3163 1455 3274 posteris
1484 3191 1606 3273 quam
1634 3163 1888 3273 presentibus

91 3278 281 3361 volumus
309 3302 395 3357 esse
422 3287 567 3355 notum
594 3281 633 3356 &
661 3274 895 3358 euideneius
925 3277 1083 3358 elucere
1111 3275 1234 3379 Quod
1264 3274 1377 3374 licet,
1404 3272 1513 3355 bona
1542 3271 1697 3383 dominj
1739 3275 1888 3357 Johan·

92 3390 158 3472 nis
176 3457 181 3468 ,
200 3387 374 3498 philippi
413 3380 620 3495 quondam
648 3385 740 3484 filii,
782 3391 822 3470 &
861 3383 1057 3498 hyrgheri
1087 3383 1236 3484 ⁴fratris
1277 3387 1350 3483 sui,
1376 3412 1454 3496 pro
1483 3383 1665 3496 ipsorum
1693 3385 1886 3496 grauibus

29 3587 34 3592 ,
91 3507 134 3584 &
161 3499 333 3582 notoriis
361 3493 590 3578 excessibus
617 3495 670 3581 ad
698 3525 890 3580 coronam
917 3501 1069 3606 regiam
1096 3495 1273 3604 legitime
1301 3495 1509 3595 deuolute,
1537 3497 1760 3581 eorundem
1781 3494 1887 3580 'libes
1921 3493 1927 3516 '

91 3615 147 3694 ris
180 3607 389 3710 venialiter
416 3603 715 3705 redonauimus,
743 3624 879 3688 tamen
912 3609 1010 3720 quia
1054 3636 1132 3718 pro
1172 3609 1365 3719 piscariis,
1408 3607 1596 3690 omnibus
1631 3607 1682 3690 ad
1712 3626 1887 3694 castrum

90 3717 392 3833 wmpsaeborgh
439 3717 754 3828 pertinentibus,
804 3716 922 3802 dietis
970 3718 1108 3801 liberis
1157 3718 1201 3801 in
1240 3720 1394 3830 vprecio
1445 3719 1656 3830 pecuniam
1707 3719 1887 3829 supleui·

54 3895 57 3902 ·
88 3863 197 3931 mus,
226 3859 299 3913 nos
326 3845 484 3940 partem
512 3829 682 3938 piscarie
724 3828 950 3912 salmonum
985 3833 1030 3913 iu
1056 3857 1203 3942 ampne
1235 3829 1442 3924 wllaeratrh
1470 3858 1591 3944 quam
1618 3833 1885 3940 possederunt

90 3945 191 4030 dieti
217 3941 383 4038 fratres,
424 3945 466 4023 δι
492 3967 568 4023 nos
609 3939 794 4050 legaliter
833 3958 927 4049 post
965 3939 1111 4024 factam
1153 3939 1479 4039 redemtionem,
1514 3942 1618 4022 siout
1644 3941 1885 4051 premissum

90 4071 154 4141 est
179 4047 523 4163 comparauimum
539 4045 921 4160 ‘sanctimonialibus
948 4050 1156 4165 gudhemh
1197 4051 1438 4138 contudimus
1481 4050 1712 4136 eternaliter
1754 4054 1882 4164 possi·

90 4163 266 4276 dandam
296 4153 622 4260 Transierentes,
663 4164 709 4246 iu
736 4165 864 4274 ipsam
903 4163 1064 4274 plenam
1106 4167 1398 4276 proprietatem
1441 4168 1481 4244 &
1508 4163 1781 4246 omnimodam
1824 4163 1882 4244 la-

89 4279 293 4374 cultatem,
321 4269 471 4360 dictam
498 4288 656 4387 purtem
683 4270 884 4390 pischarie
911 4275 1080 4384 regendi
1100 4274 1303 4359 vendendi
1317 4273 1591 4357 commutandi
1618 4281 1658 4359 &
1685 4301 1882 4387 quocum·

120 4416 173 4471 ue
199 4383 323 4469 modo
348 4384 447 4495 ipsis
473 4383 681 4470 commode
708 4383 982 4471 voluerintne
1010 4389 1191 4497 poterint
1205 4384 1434 4484 ordinandi,
1462 4383 1568 4466 Huic
1584 4402 1716 4468 autem
1745 4401 1881 4470 nostre

1 4554 2 4557 a
87 4413 309 4585 ionacioni
335 4511 540 4608 presentes
566 4493 745 4596 fuerunt,
772 4495 940 4596 domini,
953 4498 997 4594 B,
1012 4499 1252 4594 Schnrensis,
1281 4497 1332 4596 H,
1345 4497 1688 4608 Lyncopensis,A
1710 4499 1881 4608 strengi·

78 4610 239 4709 ,neusin
267 4602 335 4690 dei
361 4608 496 4715 gracia
524 4609 717 4718 episcopi,
744 4605 873 4691 irater
895 4625 1033 4692 noster
1068 4607 1305 4691 benedictus
1334 4606 1570 4690 benedictus
1600 4607 1742 4718 legiler
1769 4619 1879 4720 mug-

89 4723 363 4813 nusJonsom
390 4721 930 4830 swantapulchunmagnus
958 4720 1250 4830 rangwalzson,
1272 4717 1529 4830 &haquinus
1541 4737 1649 4802 tunae
1664 4749 1751 4818 son,
1775 4750 1878 4832 quo·

87 4899 399 5044 men
420 4957 458 5022 X.
479 4956 507 5020 3.
527 4981 555 5022 a.
580 4975 626 5022 rt:
653 4931 932 5032 15i¹ivtttiman0n
952 4966 990 5026 af
1005 4961 1085 5028 Bisl'.
1112 4935 1205 5026 Srbcn
1227 4968 1236 5026 i
1259 4964 1358 5030 Siara
1388 4963 1419 5028 d.
1441 4979 1481 5048 29
1512 4963 1595 5052 Sept
1620 4961 1705 5043 1346
1726 4961 1787 5028 och
1808 4961 1819 5026 i
1839 4984 1878 5026 en

170 5041 431 5132 Pappereafslrilt
450 5042 489 5108 Δ.
511 5039 539 5104 3.
561 5042 588 5105 t.
613 5045 643 5145 tt,
665 5042 812 5166 pb‘utan'
827 5043 1008 5149 pidimation
1028 5047 1088 5113 och
1109 5045 1199 5131 sigili.
1358 5059 1370 5068 ·’
1593 5097 1598 5110 .
1776 5054 1779 5064 “
1817 5063 1820 5070 ’
