<?xml version="1.0" encoding="UTF-8"?>
<!DOCTYPE html PUBLIC "-//W3C//DTD XHTML 1.0 Transitional//EN"
    "http://www.w3.org/TR/xhtml1/DTD/xhtml1-transitional.dtd">
<html xmlns="http://www.w3.org/1999/xhtml" xml:lang="en" lang="en">
 <head>
  <title>
</title>
<meta http-equiv="Content-Type" content="text/html;charset=utf-8" />
  <meta name='ocr-system' content='tesseract 3.04.00' />
  <meta name='ocr-capabilities' content='ocr_page ocr_carea ocr_par ocr_line ocrx_word'/>
</head>
<body>
  <div class='ocr_page' id='page_1' title='image "./svensktdiplomat00swegoog_0129.png"; bbox 0 0 4370 5950; ppageno 0'>
   <div class='ocr_carea' id='block_1_1' title="bbox 858 463 1244 565">
    <p class='ocr_par' dir='ltr' id='par_1_1' title="bbox 858 463 1244 565">
     <span class='ocr_line' id='line_1_1' title="bbox 858 463 1244 565; baseline -0.008 0"><span class='ocrx_word' id='word_1_1' title='bbox 858 463 939 546; x_wconf 82' lang='lat'><strong>·-&#39;</strong></span> <span class='ocrx_word' id='word_1_2' title='bbox 1001 475 1079 565; x_wconf 62' lang='grc' dir='ltr'><strong>οε(</strong></span> <span class='ocrx_word' id='word_1_3' title='bbox 1172 505 1244 546; x_wconf 87' lang='lat'><strong>-·-</strong></span> 
     </span>
    </p>
   </div>
   <div class='ocr_carea' id='block_1_2' title="bbox 13 697 2091 3532">
    <p class='ocr_par' dir='ltr' id='par_1_2' title="bbox 149 697 2086 1256">
     <span class='ocr_line' id='line_1_2' title="bbox 154 697 2002 812; baseline -0.004 -28"><span class='ocrx_word' id='word_1_4' title='bbox 154 702 386 786; x_wconf 82' lang='lat' dir='ltr'><strong>&#39;sacerdotes</strong></span> <span class='ocrx_word' id='word_1_5' title='bbox 411 715 554 786; x_wconf 88' lang='lat' dir='ltr'><strong>eontra</strong></span> <span class='ocrx_word' id='word_1_6' title='bbox 583 705 833 811; x_wconf 80' lang='lat' dir='ltr'><strong>Apostolica&#39;s</strong></span> <span class='ocrx_word' id='word_1_7' title='bbox 862 705 1144 800; x_wconf 81' lang='lat' dir='ltr'><strong>institutiones,</strong></span> <span class='ocrx_word' id='word_1_8' title='bbox 1188 729 1278 782; x_wconf 82' lang='lat' dir='ltr'><strong>cum</strong></span> <span class='ocrx_word' id='word_1_9' title='bbox 1320 703 1441 783; x_wconf 78' lang='lat' dir='ltr'><strong>sicca</strong></span> <span class='ocrx_word' id='word_1_10' title='bbox 1466 697 1564 780; x_wconf 80' lang='lat' dir='ltr'><strong>facee</strong></span> <span class='ocrx_word' id='word_1_11' title='bbox 1603 697 1707 794; x_wconf 75' lang='lat' dir='ltr'><strong>&#39;vini</strong></span> <span class='ocrx_word' id='word_1_12' title='bbox 1750 697 1814 776; x_wconf 79' lang='lat' dir='ltr'><strong>tel</strong></span> <span class='ocrx_word' id='word_1_13' title='bbox 1832 725 1947 812; x_wconf 41' lang='lat' dir='ltr'><strong>¹*cusa</strong></span> <span class='ocrx_word' id='word_1_14' title='bbox 2000 735 2002 740; x_wconf 29' lang='lat' dir='ltr'>v</span> 
     </span>
     <span class='ocr_line' id='line_1_3' title="bbox 154 806 1948 924; baseline 0 -32"><span class='ocrx_word' id='word_1_15' title='bbox 154 815 268 894; x_wconf 82' lang='lat' dir='ltr'><strong>micis</strong></span> <span class='ocrx_word' id='word_1_16' title='bbox 298 817 410 924; x_wconf 88' lang='lat' dir='ltr'><strong>panis</strong></span> <span class='ocrx_word' id='word_1_17' title='bbox 446 816 540 895; x_wconf 89' lang='lat' dir='ltr'><strong>vino</strong></span> <span class='ocrx_word' id='word_1_18' title='bbox 555 806 748 896; x_wconf 80' lang='lat' dir='ltr'><strong>detinctis</strong></span> <span class='ocrx_word' id='word_1_19' title='bbox 772 813 925 905; x_wconf 80' lang='lat' dir='ltr'><strong>Missam</strong></span> <span class='ocrx_word' id='word_1_20' title='bbox 955 815 1158 894; x_wconf 87' lang='lat' dir='ltr'><strong>celebrare</strong></span> <span class='ocrx_word' id='word_1_21' title='bbox 1187 811 1430 892; x_wconf 86' lang='lat' dir='ltr'><strong>audiuimus:</strong></span> <span class='ocrx_word' id='word_1_22' title='bbox 1459 815 1499 889; x_wconf 86' lang='grc'><strong>8(</strong></span> <span class='ocrx_word' id='word_1_23' title='bbox 1523 808 1662 892; x_wconf 73' lang='lat' dir='ltr'><strong>fideles</strong></span> <span class='ocrx_word' id='word_1_24' title='bbox 1697 808 1948 921; x_wconf 59' lang='lat' dir='ltr'><strong>Mania</strong></span> 
     </span>
     <span class='ocr_line' id='line_1_4' title="bbox 149 920 1982 1035; baseline 0.002 -34"><span class='ocrx_word' id='word_1_25' title='bbox 149 923 387 1005; x_wconf 81' lang='lat' dir='ltr'><strong>Christiano</strong></span> <span class='ocrx_word' id='word_1_26' title='bbox 416 951 550 1021; x_wconf 87' lang='lat' dir='ltr'><strong>more,</strong></span> <span class='ocrx_word' id='word_1_27' title='bbox 566 925 719 1035; x_wconf 85' lang='lat' dir='ltr'><strong>absque</strong></span> <span class='ocrx_word' id='word_1_28' title='bbox 748 921 986 1006; x_wconf 85' lang='lat' dir='ltr'><strong>sacerdotali</strong></span> <span class='ocrx_word' id='word_1_29' title='bbox 1015 920 1293 1005; x_wconf 91' lang='lat' dir='ltr'><strong>benedictione</strong></span> <span class='ocrx_word' id='word_1_30' title='bbox 1322 927 1362 1002; x_wconf 87' lang='grc'><strong>8(</strong></span> <span class='ocrx_word' id='word_1_31' title='bbox 1377 922 1508 1000; x_wconf 71' lang='lat' dir='ltr'><strong>:Missa</strong></span> <span class='ocrx_word' id='word_1_32' title='bbox 1534 920 1949 1034; x_wconf 69' lang='lat' dir='ltr'><strong>matrimoniumfcoiq·</strong></span> <span class='ocrx_word' id='word_1_33' title='bbox 1980 981 1982 992; x_wconf 82' lang='lat'>·</span> 
     </span>
     <span class='ocr_line' id='line_1_5' title="bbox 157 1029 2086 1146; baseline 0.001 -35"><span class='ocrx_word' id='word_1_34' title='bbox 157 1035 328 1114; x_wconf 80' lang='lat' dir='ltr'><strong>trahere.</strong></span> <span class='ocrx_word' id='word_1_35' title='bbox 386 1033 504 1115; x_wconf 85' lang='lat' dir='ltr'><strong>Vnde</strong></span> <span class='ocrx_word' id='word_1_36' title='bbox 530 1063 636 1144; x_wconf 89' lang='lat' dir='ltr'><strong>saepe</strong></span> <span class='ocrx_word' id='word_1_37' title='bbox 662 1036 799 1116; x_wconf 88' lang='lat' dir='ltr'><strong>illicita</strong></span> <span class='ocrx_word' id='word_1_38' title='bbox 828 1033 1028 1142; x_wconf 81' lang='lat' dir='ltr'><strong>contingit</strong></span> <span class='ocrx_word' id='word_1_39' title='bbox 1057 1035 1143 1114; x_wconf 88' lang='lat' dir='ltr'><strong>lieri</strong></span> <span class='ocrx_word' id='word_1_40' title='bbox 1172 1033 1371 1142; x_wconf 86' lang='lat' dir='ltr'><strong>coniugia,</strong></span> <span class='ocrx_word' id='word_1_41' title='bbox 1400 1037 1440 1112; x_wconf 93' lang='grc'><strong>8(</strong></span> <span class='ocrx_word' id='word_1_42' title='bbox 1460 1031 1565 1111; x_wconf 89' lang='lat' dir='ltr'><strong>inter</strong></span> <span class='ocrx_word' id='word_1_43' title='bbox 1587 1029 1783 1142; x_wconf 75' lang='lat' dir='ltr'><strong>legitimas</strong></span> <span class='ocrx_word' id='word_1_44' title='bbox 1811 1057 1947 1146; x_wconf 78' lang='lat' dir='ltr'><strong>perso·</strong></span> <span class='ocrx_word' id='word_1_45' title='bbox 1980 1139 1982 1144; x_wconf 21' lang='lat'><strong>¹</strong></span> <span class='ocrx_word' id='word_1_46' title='bbox 2079 1119 2086 1128; x_wconf 55' lang='grc'><strong>,</strong></span> 
     </span>
     <span class='ocr_line' id='line_1_6' title="bbox 156 1141 1948 1256; baseline 0.004 -35"><span class='ocrx_word' id='word_1_47' title='bbox 156 1169 228 1221; x_wconf 89' lang='lat' dir='ltr'><strong>nas</strong></span> <span class='ocrx_word' id='word_1_48' title='bbox 258 1141 477 1226; x_wconf 85' lang='lat' dir='ltr'><strong>diuortium</strong></span> <span class='ocrx_word' id='word_1_49' title='bbox 496 1146 753 1227; x_wconf 89' lang='lat' dir='ltr'><strong>interuenire.</strong></span> <span class='ocrx_word' id='word_1_50' title='bbox 783 1147 887 1225; x_wconf 89' lang='lat' dir='ltr'><strong>Sane</strong></span> <span class='ocrx_word' id='word_1_51' title='bbox 902 1174 992 1224; x_wconf 85' lang='lat' dir='ltr'><strong>cunr</strong></span> <span class='ocrx_word' id='word_1_52' title='bbox 1009 1172 1127 1226; x_wconf 88' lang='lat' dir='ltr'><strong>omne</strong></span> <span class='ocrx_word' id='word_1_53' title='bbox 1141 1143 1293 1225; x_wconf 80' lang='lat' dir='ltr'><strong>crimen</strong></span> <span class='ocrx_word' id='word_1_54' title='bbox 1307 1159 1562 1250; x_wconf 87' lang='lat' dir='ltr'><strong>atqueomne</strong></span> <span class='ocrx_word' id='word_1_55' title='bbox 1580 1157 1787 1250; x_wconf 87' lang='lat' dir='ltr'><strong>peccatum</strong></span> <span class='ocrx_word' id='word_1_56' title='bbox 1798 1141 1948 1256; x_wconf 69' lang='lat' dir='ltr'><strong>oblatis</strong></span> 
     </span>
    </p>

    <p class='ocr_par' dir='ltr' id='par_1_3' title="bbox 13 1250 2068 1473">
     <span class='ocr_line' id='line_1_7' title="bbox 13 1250 2068 1364; baseline 0.005 -34"><span class='ocrx_word' id='word_1_57' title='bbox 13 1335 19 1354; x_wconf 57' lang='grc'><strong>,</strong></span> <span class='ocrx_word' id='word_1_58' title='bbox 158 1251 250 1330; x_wconf 78' lang='lat' dir='ltr'><strong>Dec</strong></span> <span class='ocrx_word' id='word_1_59' title='bbox 273 1253 478 1360; x_wconf 71' lang='lat' dir='ltr'><strong>sacrificiis</strong></span> <span class='ocrx_word' id='word_1_60' title='bbox 506 1250 702 1352; x_wconf 85' lang='lat' dir='ltr'><strong>deleatur,</strong></span> <span class='ocrx_word' id='word_1_61' title='bbox 730 1253 909 1364; x_wconf 87' lang='lat' dir='ltr'><strong>quidde</strong></span> <span class='ocrx_word' id='word_1_62' title='bbox 938 1272 1186 1362; x_wconf 77' lang='lat' dir='ltr'><strong>caetero-pro</strong></span> <span class='ocrx_word' id='word_1_63' title='bbox 1222 1251 1461 1333; x_wconf 84' lang='lat' dir='ltr'><strong>delictorum</strong></span> <span class='ocrx_word' id='word_1_64' title='bbox 1501 1251 1732 1360; x_wconf 77' lang='lat' dir='ltr'><strong>expiatione</strong></span> <span class='ocrx_word' id='word_1_65' title='bbox 1775 1255 1948 1335; x_wconf 77' lang='lat' dir='ltr'><strong>Domina</strong></span> <span class='ocrx_word' id='word_1_66' title='bbox 2063 1333 2068 1340; x_wconf 92' lang='lat'>.</span> 
     </span>
     <span class='ocr_line' id='line_1_8' title="bbox 156 1359 1947 1473; baseline 0.004 -33"><span class='ocrx_word' id='word_1_67' title='bbox 156 1360 332 1460; x_wconf 87' lang='lat' dir='ltr'><strong>dabitur,</strong></span> <span class='ocrx_word' id='word_1_68' title='bbox 362 1359 528 1473; x_wconf 91' lang='lat' dir='ltr'><strong>quando</strong></span> <span class='ocrx_word' id='word_1_69' title='bbox 554 1365 595 1445; x_wconf 93' lang='lat' dir='ltr'><strong>in</strong></span> <span class='ocrx_word' id='word_1_70' title='bbox 626 1367 709 1472; x_wconf 89' lang='lat' dir='ltr'><strong>ipsa</strong></span> <span class='ocrx_word' id='word_1_71' title='bbox 737 1364 921 1472; x_wconf 84' lang='lat' dir='ltr'><strong>sacrificij</strong></span> <span class='ocrx_word' id='word_1_72' title='bbox 949 1365 1154 1445; x_wconf 89' lang='lat' dir='ltr'><strong>oblatione</strong></span> <span class='ocrx_word' id='word_1_73' title='bbox 1182 1364 1364 1444; x_wconf 83' lang='lat' dir='ltr'><strong>erraturi</strong></span> <span class='ocrx_word' id='word_1_74' title='bbox 1401 1363 1502 1441; x_wconf 87' lang='lat' dir='ltr'><strong>Cum</strong></span> <span class='ocrx_word' id='word_1_75' title='bbox 1532 1363 1637 1444; x_wconf 85' lang='lat' dir='ltr'><strong>enim</strong></span> <span class='ocrx_word' id='word_1_76' title='bbox 1666 1363 1852 1470; x_wconf 80' lang='lat' dir='ltr'><strong>magister</strong></span> <span class='ocrx_word' id='word_1_77' title='bbox 1877 1391 1947 1447; x_wconf 64' lang='lat' dir='ltr'><strong>uer</strong></span> 
     </span>
    </p>

    <p class='ocr_par' dir='ltr' id='par_1_4' title="bbox 13 1469 2091 1909">
     <span class='ocr_line' id='line_1_9' title="bbox 13 1469 1948 1582; baseline 0.006 -35"><span class='ocrx_word' id='word_1_78' title='bbox 13 1554 16 1562; x_wconf 59' lang='grc'><strong>,</strong></span> <span class='ocrx_word' id='word_1_79' title='bbox 155 1472 288 1550; x_wconf 79' lang='lat' dir='ltr'><strong>sitatis</strong></span> <span class='ocrx_word' id='word_1_80' title='bbox 318 1469 523 1582; x_wconf 87' lang='lat' dir='ltr'><strong>discipulis</strong></span> <span class='ocrx_word' id='word_1_81' title='bbox 551 1477 632 1554; x_wconf 90' lang='lat' dir='ltr'><strong>suis</strong></span> <span class='ocrx_word' id='word_1_82' title='bbox 660 1491 950 1555; x_wconf 89' lang='lat' dir='ltr'><strong>sacramentum</strong></span> <span class='ocrx_word' id='word_1_83' title='bbox 978 1474 1275 1554; x_wconf 81' lang='lat' dir='ltr'><strong>commendaret</strong></span> <span class='ocrx_word' id='word_1_84' title='bbox 1308 1489 1456 1553; x_wconf 79' lang='lat' dir='ltr'><strong>nostrae</strong></span> <span class='ocrx_word' id='word_1_85' title='bbox 1482 1471 1636 1569; x_wconf 85' lang='lat' dir='ltr'><strong>salutis,</strong></span> <span class='ocrx_word' id='word_1_86' title='bbox 1679 1501 1762 1552; x_wconf 85' lang='lat' dir='ltr'><strong>nou</strong></span> <span class='ocrx_word' id='word_1_87' title='bbox 1804 1475 1948 1558; x_wconf 70' lang='lat' dir='ltr'><strong>aman</strong></span> 
     </span>
     <span class='ocr_line' id='line_1_10' title="bbox 156 1578 2091 1692; baseline 0.007 -36"><span class='ocrx_word' id='word_1_88' title='bbox 156 1578 415 1678; x_wconf 80' lang='lat' dir='ltr'><strong>faecem&#39;vini,</strong></span> <span class='ocrx_word' id='word_1_89' title='bbox 435 1593 527 1662; x_wconf 80' lang='lat' dir='ltr'><strong>-non</strong></span> <span class='ocrx_word' id='word_1_90' title='bbox 556 1586 676 1664; x_wconf 88' lang='lat' dir='ltr'><strong>micas</strong></span> <span class='ocrx_word' id='word_1_91' title='bbox 705 1587 819 1691; x_wconf 88' lang='lat' dir='ltr'><strong>panis</strong></span> <span class='ocrx_word' id='word_1_92' title='bbox 846 1584 944 1663; x_wconf 88' lang='lat' dir='ltr'><strong>vino&#39;</strong></span> <span class='ocrx_word' id='word_1_93' title='bbox 970 1589 1158 1664; x_wconf 90' lang='lat' dir='ltr'><strong>intinctas</strong></span> <span class='ocrx_word' id='word_1_94' title='bbox 1186 1584 1351 1692; x_wconf 87' lang='lat' dir='ltr'><strong>accepit,</strong></span> <span class='ocrx_word' id='word_1_95' title='bbox 1380 1581 1449 1662; x_wconf 87' lang='lat' dir='ltr'><strong>sed</strong></span> <span class='ocrx_word' id='word_1_96' title='bbox 1478 1609 1623 1689; x_wconf 84' lang='lat' dir='ltr'><strong>panem</strong></span> <span class='ocrx_word' id='word_1_97' title='bbox 1651 1589 1690 1664; x_wconf 92' lang='grc'><strong>8(</strong></span> <span class='ocrx_word' id='word_1_98' title='bbox 1711 1583 1948 1680; x_wconf 63' lang='lat' dir='ltr'><strong>salicem&amp;</strong></span> <span class='ocrx_word' id='word_1_99' title='bbox 2085 1629 2091 1638; x_wconf 54' lang='lat'><em>1</em></span> 
     </span>
     <span class='ocr_line' id='line_1_11' title="bbox 156 1687 1947 1802; baseline 0.004 -36"><span class='ocrx_word' id='word_1_100' title='bbox 156 1687 398 1771; x_wconf 81' lang='lat' dir='ltr'><strong>benedicens</strong></span> <span class='ocrx_word' id='word_1_101' title='bbox 429 1687 541 1773; x_wconf 82' lang='lat' dir='ltr'><strong>dedit</strong></span> <span class='ocrx_word' id='word_1_102' title='bbox 567 1687 774 1801; x_wconf 75' lang='lat' dir='ltr'><strong>discipulis</strong></span> <span class='ocrx_word' id='word_1_103' title='bbox 803 1695 895 1773; x_wconf 87' lang='lat' dir='ltr'><strong>suis.</strong></span> <span class='ocrx_word' id='word_1_104' title='bbox 953 1695 1059 1798; x_wconf 84' lang='lat' dir='ltr'><strong>Quia</strong></span> <span class='ocrx_word' id='word_1_105' title='bbox 1089 1695 1213 1802; x_wconf 85' lang='lat' dir='ltr'><strong>igitur</strong></span> <span class='ocrx_word' id='word_1_106' title='bbox 1240 1719 1352 1773; x_wconf 92' lang='lat' dir='ltr'><strong>secus</strong></span> <span class='ocrx_word' id='word_1_107' title='bbox 1373 1719 1489 1800; x_wconf 83' lang='lat' dir='ltr'><strong>agere</strong></span> <span class='ocrx_word' id='word_1_108' title='bbox 1513 1693 1816 1800; x_wconf 82' lang='lat' dir='ltr'><strong>Euangelieae&amp;</strong></span> <span class='ocrx_word' id='word_1_109' title='bbox 1836 1699 1947 1802; x_wconf 74' lang='lat' dir='ltr'><strong>Ape.-</strong></span> 
     </span>
     <span class='ocr_line' id='line_1_12' title="bbox 155 1796 2080 1909; baseline 0.007 -34"><span class='ocrx_word' id='word_1_110' title='bbox 155 1796 311 1878; x_wconf 88' lang='lat' dir='ltr'><strong>stolicae</strong></span> <span class='ocrx_word' id='word_1_111' title='bbox 334 1797 528 1882; x_wconf 86' lang='lat' dir='ltr'><strong>doctrinae</strong></span> <span class='ocrx_word' id='word_1_112' title='bbox 557 1805 816 1900; x_wconf 86' lang='lat' dir='ltr'><strong>contrarium,</strong></span> <span class='ocrx_word' id='word_1_113' title='bbox 845 1811 888 1883; x_wconf 83' lang='grc'><strong>8(</strong></span> <span class='ocrx_word' id='word_1_114' title='bbox 919 1802 1198 1884; x_wconf 82' lang='lat' dir='ltr'><strong>consuetudini</strong></span> <span class='ocrx_word' id='word_1_115' title='bbox 1231 1802 1512 1883; x_wconf 82' lang='lat' dir='ltr'><strong>Ecclesiasticae</strong></span> <span class='ocrx_word' id='word_1_116' title='bbox 1540 1805 1699 1909; x_wconf 83' lang='lat' dir='ltr'><strong>penitus</strong></span> <span class='ocrx_word' id='word_1_117' title='bbox 1714 1820 1775 1883; x_wconf 86' lang='lat' dir='ltr'><strong>est</strong></span> <span class='ocrx_word' id='word_1_118' title='bbox 1802 1803 1947 1888; x_wconf 66' lang='lat' dir='ltr'><strong>eduen</strong></span> <span class='ocrx_word' id='word_1_119' title='bbox 2065 1805 2080 1822; x_wconf 82' lang='grc'>’</span> 
     </span>
    </p>

    <p class='ocr_par' dir='ltr' id='par_1_5' title="bbox 86 1905 1947 2020">
     <span class='ocr_line' id='line_1_13' title="bbox 86 1905 1947 2020; baseline 0.006 -36"><span class='ocrx_word' id='word_1_120' title='bbox 86 1949 90 1959; x_wconf 89' lang='grc'><strong><em>·</em></strong></span> <span class='ocrx_word' id='word_1_121' title='bbox 157 1934 256 2001; x_wconf 90' lang='lat' dir='ltr'><strong>sum,</strong></span> <span class='ocrx_word' id='word_1_122' title='bbox 291 1908 517 2019; x_wconf 87' lang='lat' dir='ltr'><strong>Apostolica</strong></span> <span class='ocrx_word' id='word_1_123' title='bbox 548 1913 805 2020; x_wconf 90' lang='lat' dir='ltr'><strong>prohibemus</strong></span> <span class='ocrx_word' id='word_1_124' title='bbox 834 1913 1084 2003; x_wconf 90' lang='lat' dir='ltr'><strong>auctoritate,</strong></span> <span class='ocrx_word' id='word_1_125' title='bbox 1112 1930 1157 1991; x_wconf 90' lang='lat' dir='ltr'><strong>vt</strong></span> <span class='ocrx_word' id='word_1_126' title='bbox 1185 1941 1276 1992; x_wconf 90' lang='lat' dir='ltr'><strong>eum</strong></span> <span class='ocrx_word' id='word_1_127' title='bbox 1318 1915 1420 1992; x_wconf 88' lang='lat' dir='ltr'><strong>sicca</strong></span> <span class='ocrx_word' id='word_1_128' title='bbox 1463 1914 1557 1992; x_wconf 80' lang='lat' dir='ltr'><strong>faece</strong></span> <span class='ocrx_word' id='word_1_129' title='bbox 1604 1915 1706 2009; x_wconf 78' lang='lat' dir='ltr'><strong>uini,</strong></span> <span class='ocrx_word' id='word_1_130' title='bbox 1750 1914 1813 1993; x_wconf 88' lang='lat' dir='ltr'><strong>vel</strong></span> <span class='ocrx_word' id='word_1_131' title='bbox 1856 1905 1947 1996; x_wconf 79' lang='lat' dir='ltr'><strong>cum</strong></span> 
     </span>
    </p>

    <p class='ocr_par' dir='ltr' id='par_1_6' title="bbox 155 2016 1948 2358">
     <span class='ocr_line' id='line_1_14' title="bbox 157 2016 1947 2131; baseline 0.007 -37"><span class='ocrx_word' id='word_1_132' title='bbox 157 2016 268 2094; x_wconf 88' lang='lat' dir='ltr'><strong>micis</strong></span> <span class='ocrx_word' id='word_1_133' title='bbox 299 2021 412 2128; x_wconf 89' lang='lat' dir='ltr'><strong>panis</strong></span> <span class='ocrx_word' id='word_1_134' title='bbox 439 2019 535 2118; x_wconf 80' lang='lat' dir='ltr'><strong>vino</strong></span> <span class='ocrx_word' id='word_1_135' title='bbox 564 2024 752 2119; x_wconf 87' lang='lat' dir='ltr'><strong>intinctis,</strong></span> <span class='ocrx_word' id='word_1_136' title='bbox 782 2020 844 2099; x_wconf 85' lang='lat' dir='ltr'><strong>vel</strong></span> <span class='ocrx_word' id='word_1_137' title='bbox 877 2021 955 2102; x_wconf 89' lang='lat' dir='ltr'><strong>alio</strong></span> <span class='ocrx_word' id='word_1_138' title='bbox 989 2021 1108 2102; x_wconf 94' lang='lat' dir='ltr'><strong>modo</strong></span> <span class='ocrx_word' id='word_1_139' title='bbox 1137 2051 1256 2131; x_wconf 92' lang='lat' dir='ltr'><strong>quam</strong></span> <span class='ocrx_word' id='word_1_140' title='bbox 1292 2022 1486 2124; x_wconf 87' lang='lat' dir='ltr'><strong>Dominus</strong></span> <span class='ocrx_word' id='word_1_141' title='bbox 1514 2024 1707 2120; x_wconf 76' lang='lat' dir='ltr'><strong>instituit,</strong></span> <span class='ocrx_word' id='word_1_142' title='bbox 1738 2023 1947 2106; x_wconf 69' lang='lat' dir='ltr'><strong>nullnede</strong></span> 
     </span>
     <span class='ocr_line' id='line_1_15' title="bbox 155 2129 1948 2240; baseline 0.008 -36"><span class='ocrx_word' id='word_1_143' title='bbox 155 2142 298 2208; x_wconf 85' lang='lat' dir='ltr'><strong>caetero</strong></span> <span class='ocrx_word' id='word_1_144' title='bbox 341 2129 561 2234; x_wconf 80' lang='lat' dir='ltr'><strong>sacrificare</strong></span> <span class='ocrx_word' id='word_1_145' title='bbox 611 2149 835 2240; x_wconf 82' lang='lat' dir='ltr'><strong>attemptet:</strong></span> <span class='ocrx_word' id='word_1_146' title='bbox 878 2131 949 2213; x_wconf 90' lang='lat' dir='ltr'><strong>sed</strong></span> <span class='ocrx_word' id='word_1_147' title='bbox 992 2130 1211 2212; x_wconf 90' lang='lat' dir='ltr'><strong>secundum</strong></span> <span class='ocrx_word' id='word_1_148' title='bbox 1253 2131 1420 2213; x_wconf 90' lang='lat' dir='ltr'><strong>sormam</strong></span> <span class='ocrx_word' id='word_1_149' title='bbox 1462 2153 1722 2219; x_wconf 83' lang='lat' dir='ltr'><strong>sacrosanctae</strong></span> <span class='ocrx_word' id='word_1_150' title='bbox 1763 2136 1948 2220; x_wconf 66' lang='lat' dir='ltr'><strong>Eedoete</strong></span> 
     </span>
     <span class='ocr_line' id='line_1_16' title="bbox 156 2237 1947 2358; baseline 0.008 -44"><span class='ocrx_word' id='word_1_151' title='bbox 156 2237 356 2335; x_wconf 86' lang='lat' dir='ltr'><strong>Romanae,</strong></span> <span class='ocrx_word' id='word_1_152' title='bbox 385 2263 516 2348; x_wconf 85' lang='lat' dir='ltr'><strong>quam&#39;</strong></span> <span class='ocrx_word' id='word_1_153' title='bbox 536 2269 607 2322; x_wconf 89' lang='lat' dir='ltr'><strong>vos</strong></span> <span class='ocrx_word' id='word_1_154' title='bbox 637 2245 685 2322; x_wconf 92' lang='lat' dir='ltr'><strong>in&#39;</strong></span> <span class='ocrx_word' id='word_1_155' title='bbox 708 2243 894 2322; x_wconf 89' lang='lat' dir='ltr'><strong>omnibus</strong></span> <span class='ocrx_word' id='word_1_156' title='bbox 922 2243 1066 2325; x_wconf 86' lang='lat' dir='ltr'><strong>imitari</strong></span> <span class='ocrx_word' id='word_1_157' title='bbox 1094 2260 1266 2352; x_wconf 84' lang='lat' dir='ltr'><strong>oportet,</strong></span> <span class='ocrx_word' id='word_1_158' title='bbox 1294 2244 1424 2324; x_wconf 89' lang='lat' dir='ltr'><strong>solum</strong></span> <span class='ocrx_word' id='word_1_159' title='bbox 1454 2271 1597 2351; x_wconf 90' lang='lat' dir='ltr'><strong>panem</strong></span> <span class='ocrx_word' id='word_1_160' title='bbox 1626 2246 1821 2326; x_wconf 76' lang='lat' dir='ltr'><strong>&amp;vinum</strong></span> <span class='ocrx_word' id='word_1_161' title='bbox 1839 2257 1947 2358; x_wconf 78' lang='lat' dir='ltr'><strong>aqna</strong></span> 
     </span>
    </p>

    <p class='ocr_par' dir='ltr' id='par_1_7' title="bbox 17 2347 2007 3459">
     <span class='ocr_line' id='line_1_17' title="bbox 17 2347 1948 2466; baseline 0.007 -41"><span class='ocrx_word' id='word_1_162' title='bbox 17 2440 22 2450; x_wconf 32' lang='lat'><em>,</em></span> <span class='ocrx_word' id='word_1_163' title='bbox 159 2347 326 2429; x_wconf 81' lang='lat' dir='ltr'><strong>mixtum</strong></span> <span class='ocrx_word' id='word_1_164' title='bbox 354 2349 396 2428; x_wconf 85' lang='lat' dir='ltr'><strong>iir</strong></span> <span class='ocrx_word' id='word_1_165' title='bbox 423 2352 618 2434; x_wconf 86' lang='lat' dir='ltr'><strong>sacrificio</strong></span> <span class='ocrx_word' id='word_1_166' title='bbox 646 2355 828 2458; x_wconf 91' lang='lat' dir='ltr'><strong>corporis</strong></span> <span class='ocrx_word' id='word_1_167' title='bbox 857 2359 897 2432; x_wconf 98' lang='grc'><strong>8(</strong></span> <span class='ocrx_word' id='word_1_168' title='bbox 924 2356 1130 2461; x_wconf 81' lang='lat' dir='ltr'><strong>sanguinis</strong></span> <span class='ocrx_word' id='word_1_169' title='bbox 1158 2354 1320 2434; x_wconf 89' lang='lat' dir='ltr'><strong>Domini</strong></span> <span class='ocrx_word' id='word_1_170' title='bbox 1349 2354 1539 2433; x_wconf 87' lang='lat' dir='ltr'><strong>offeratis.</strong></span> <span class='ocrx_word' id='word_1_171' title='bbox 1598 2358 1796 2436; x_wconf 87' lang='lat' dir='ltr'><strong>Caeterum</strong></span> <span class='ocrx_word' id='word_1_172' title='bbox 1839 2358 1948 2466; x_wconf 74' lang='lat' dir='ltr'><strong>clau·</strong></span> 
     </span>
     <span class='ocr_line' id='line_1_18' title="bbox 158 2455 1948 2574; baseline 0.006 -36"><span class='ocrx_word' id='word_1_173' title='bbox 158 2455 314 2539; x_wconf 90' lang='lat' dir='ltr'><strong>destina</strong></span> <span class='ocrx_word' id='word_1_174' title='bbox 342 2467 381 2538; x_wconf 90' lang='grc'><strong>8(</strong></span> <span class='ocrx_word' id='word_1_175' title='bbox 409 2459 560 2570; x_wconf 89' lang='lat' dir='ltr'><strong>absque</strong></span> <span class='ocrx_word' id='word_1_176' title='bbox 589 2462 827 2542; x_wconf 89' lang='lat' dir='ltr'><strong>sacerdotali</strong></span> <span class='ocrx_word' id='word_1_177' title='bbox 856 2463 1136 2545; x_wconf 89' lang='lat' dir='ltr'><strong>benedictione</strong></span> <span class='ocrx_word' id='word_1_178' title='bbox 1157 2493 1248 2545; x_wconf 89' lang='lat' dir='ltr'><strong>non</strong></span> <span class='ocrx_word' id='word_1_179' title='bbox 1277 2461 1423 2542; x_wconf 89' lang='lat' dir='ltr'><strong>debere</strong></span> <span class='ocrx_word' id='word_1_180' title='bbox 1452 2466 1635 2543; x_wconf 85' lang='lat' dir='ltr'><strong>contrahi</strong></span> <span class='ocrx_word' id='word_1_181' title='bbox 1663 2469 1860 2574; x_wconf 84' lang='lat' dir='ltr'><strong>coniugia,</strong></span> <span class='ocrx_word' id='word_1_182' title='bbox 1878 2483 1948 2550; x_wconf 81' lang='lat' dir='ltr'><strong>aut</strong></span> 
     </span>
     <span class='ocr_line' id='line_1_19' title="bbox 157 2565 1946 2686; baseline 0.005 -34"><span class='ocrx_word' id='word_1_183' title='bbox 157 2565 231 2652; x_wconf 86' lang='lat' dir='ltr'><strong>nisi</strong></span> <span class='ocrx_word' id='word_1_184' title='bbox 262 2571 369 2648; x_wconf 90' lang='lat' dir='ltr'><strong>inter</strong></span> <span class='ocrx_word' id='word_1_185' title='bbox 398 2569 589 2676; x_wconf 82' lang='lat' dir='ltr'><strong>legitimas</strong></span> <span class='ocrx_word' id='word_1_186' title='bbox 621 2590 821 2678; x_wconf 82' lang='lat' dir='ltr'><strong>personas,</strong></span> <span class='ocrx_word' id='word_1_187' title='bbox 850 2602 939 2682; x_wconf 85' lang='lat' dir='ltr'><strong>quae</strong></span> <span class='ocrx_word' id='word_1_188' title='bbox 969 2573 1072 2652; x_wconf 85' lang='lat' dir='ltr'><strong>infra</strong></span> <span class='ocrx_word' id='word_1_189' title='bbox 1101 2576 1312 2682; x_wconf 78' lang='lat' dir='ltr'><strong>septi-mrim</strong></span> <span class='ocrx_word' id='word_1_190' title='bbox 1342 2573 1510 2680; x_wconf 88' lang='lat' dir='ltr'><strong>gradum</strong></span> <span class='ocrx_word' id='word_1_191' title='bbox 1553 2575 1662 2654; x_wconf 87' lang='lat' dir='ltr'><strong>nulla</strong></span> <span class='ocrx_word' id='word_1_192' title='bbox 1706 2581 1946 2686; x_wconf 51' lang='lat' dir='ltr'><strong>consagui-</strong></span> 
     </span>
     <span class='ocr_line' id='line_1_20' title="bbox 150 2677 1946 2798; baseline 0.007 -41"><span class='ocrx_word' id='word_1_193' title='bbox 150 2677 293 2758; x_wconf 89' lang='lat' dir='ltr'><strong>&#39;nitatis</strong></span> <span class='ocrx_word' id='word_1_194' title='bbox 323 2680 425 2761; x_wconf 83' lang='lat' dir='ltr'><strong>linea</strong></span> <span class='ocrx_word' id='word_1_195' title='bbox 450 2681 779 2788; x_wconf 71' lang='lat' dir='ltr'><strong>coniungantur,</strong></span> <span class='ocrx_word' id='word_1_196' title='bbox 803 2710 875 2760; x_wconf 91' lang='lat' dir='ltr'><strong>nec</strong></span> <span class='ocrx_word' id='word_1_197' title='bbox 903 2679 1142 2777; x_wconf 84' lang='lat' dir='ltr'><strong>contracta,</strong></span> <span class='ocrx_word' id='word_1_198' title='bbox 1159 2684 1235 2762; x_wconf 88' lang='lat' dir='ltr'><strong>nisi</strong></span> <span class='ocrx_word' id='word_1_199' title='bbox 1251 2683 1440 2762; x_wconf 87' lang='lat' dir='ltr'><strong>canonice</strong></span> <span class='ocrx_word' id='word_1_200' title='bbox 1468 2688 1509 2762; x_wconf 91' lang='grc'><strong>8(</strong></span> <span class='ocrx_word' id='word_1_201' title='bbox 1524 2681 1946 2798; x_wconf 65' lang='grc' dir='ltr'><strong>ὀοηπῃειιΕρὶεωρί</strong></span> 
     </span>
     <span class='ocr_line' id='line_1_21' title="bbox 133 2787 2007 2928; baseline 0.006 -60"><span class='ocrx_word' id='word_1_202' title='bbox 133 2787 336 2896; x_wconf 80' lang='lat' dir='ltr'><strong>dissolui,</strong></span> <span class='ocrx_word' id='word_1_203' title='bbox 365 2788 581 2868; x_wconf 80' lang='lat' dir='ltr'><strong>muliorum</strong></span> <span class='ocrx_word' id='word_1_204' title='bbox 610 2807 838 2869; x_wconf 88' lang='lat' dir='ltr'><strong>sanctorum</strong></span> <span class='ocrx_word' id='word_1_205' title='bbox 870 2808 1028 2896; x_wconf 86' lang='lat' dir='ltr'><strong>patrum</strong></span> <span class='ocrx_word' id='word_1_206' title='bbox 1062 2789 1237 2872; x_wconf 67' lang='lat' dir='ltr'><strong>declarat</strong></span> <span class='ocrx_word' id='word_1_207' title='bbox 1270 2795 1496 2874; x_wconf 73' lang='lat' dir='ltr'><strong>auctoritas</strong></span> <span class='ocrx_word' id='word_1_208' title='bbox 1553 2797 1828 2907; x_wconf 63' lang='lat' dir='ltr'><strong>Vossitaquer</strong></span> <span class='ocrx_word' id='word_1_209' title='bbox 1858 2823 1946 2928; x_wconf 61' lang='lat' dir='ltr'><strong>mq-</strong></span> <span class='ocrx_word' id='word_1_210' title='bbox 2003 2863 2007 2868; x_wconf 87' lang='lat'>.</span> 
     </span>
     <span class='ocr_line' id='line_1_22' title="bbox 158 2899 1944 3016; baseline 0.01 -41"><span class='ocrx_word' id='word_1_211' title='bbox 158 2899 231 2977; x_wconf 92' lang='lat' dir='ltr'><strong>niti</strong></span> <span class='ocrx_word' id='word_1_212' title='bbox 260 2915 491 2979; x_wconf 88' lang='lat' dir='ltr'><strong>sanctorum</strong></span> <span class='ocrx_word' id='word_1_213' title='bbox 520 2914 678 3004; x_wconf 91' lang='lat' dir='ltr'><strong>patrum</strong></span> <span class='ocrx_word' id='word_1_214' title='bbox 708 2900 983 2979; x_wconf 88' lang='lat' dir='ltr'><strong>sanctionibus</strong></span> <span class='ocrx_word' id='word_1_215' title='bbox 1011 2906 1051 2986; x_wconf 89' lang='grc'><strong>8(</strong></span> <span class='ocrx_word' id='word_1_216' title='bbox 1080 2901 1368 2985; x_wconf 83' lang='lat' dir='ltr'><strong>Ecclesiasticis·</strong></span> <span class='ocrx_word' id='word_1_217' title='bbox 1390 2905 1599 3002; x_wconf 87' lang='lat' dir='ltr'><strong>institutis,</strong></span> <span class='ocrx_word' id='word_1_218' title='bbox 1628 2907 1719 2987; x_wconf 76' lang='lat' dir='ltr'><strong>haec:</strong></span> <span class='ocrx_word' id='word_1_219' title='bbox 1750 2936 1853 3016; x_wconf 78' lang='lat' dir='ltr'><strong>quse·</strong></span> <span class='ocrx_word' id='word_1_220' title='bbox 1883 2909 1944 2992; x_wconf 82' lang='lat' dir='ltr'><strong>dt-</strong></span> 
     </span>
     <span class='ocr_line' id='line_1_23' title="bbox 159 3005 1946 3121; baseline 0.007 -35"><span class='ocrx_word' id='word_1_221' title='bbox 159 3024 220 3086; x_wconf 86' lang='lat' dir='ltr'><strong>eta</strong></span> <span class='ocrx_word' id='word_1_222' title='bbox 249 3024 346 3088; x_wconf 92' lang='lat' dir='ltr'><strong>sunt</strong></span> <span class='ocrx_word' id='word_1_223' title='bbox 374 3005 585 3117; x_wconf 84' lang='lat' dir='ltr'><strong>diligenter</strong></span> <span class='ocrx_word' id='word_1_224' title='bbox 614 3026 783 3104; x_wconf 87' lang='lat' dir='ltr'><strong>seruate,</strong></span> <span class='ocrx_word' id='word_1_225' title='bbox 803 3014 850 3089; x_wconf 88' lang='grc'><strong>8(</strong></span> <span class='ocrx_word' id='word_1_226' title='bbox 878 3010 930 3088; x_wconf 87' lang='lat' dir='ltr'><strong>ab</strong></span> <span class='ocrx_word' id='word_1_227' title='bbox 958 3009 1047 3116; x_wconf 78' lang='lat' dir='ltr'><strong>alijs</strong></span> <span class='ocrx_word' id='word_1_228' title='bbox 1077 3013 1280 3121; x_wconf 81' lang='lat' dir='ltr'><strong>praecipite</strong></span> <span class='ocrx_word' id='word_1_229' title='bbox 1309 3014 1595 3100; x_wconf 87' lang='lat' dir='ltr'><strong>inuiolabiliter</strong></span> <span class='ocrx_word' id='word_1_230' title='bbox 1622 3018 1839 3114; x_wconf 89' lang='lat' dir='ltr'><strong>obseruari,</strong></span> <span class='ocrx_word' id='word_1_231' title='bbox 1884 3017 1946 3099; x_wconf 91' lang='lat' dir='ltr'><strong>di·</strong></span> 
     </span>
     <span class='ocr_line' id='line_1_24' title="bbox 157 3117 1944 3234; baseline 0.008 -40"><span class='ocrx_word' id='word_1_232' title='bbox 157 3120 421 3224; x_wconf 86' lang='lat' dir='ltr'><strong>spensationis</strong></span> <span class='ocrx_word' id='word_1_233' title='bbox 449 3117 718 3198; x_wconf 87' lang='lat' dir='ltr'><strong>moderamine</strong></span> <span class='ocrx_word' id='word_1_234' title='bbox 746 3137 910 3214; x_wconf 78' lang='lat' dir='ltr'><strong>utentes,</strong></span> <span class='ocrx_word' id='word_1_235' title='bbox 942 3131 987 3196; x_wconf 90' lang='lat' dir='ltr'><strong>vt</strong></span> <span class='ocrx_word' id='word_1_236' title='bbox 1014 3123 1085 3227; x_wconf 95' lang='lat' dir='ltr'><strong>qui</strong></span> <span class='ocrx_word' id='word_1_237' title='bbox 1115 3124 1156 3199; x_wconf 93' lang='lat' dir='ltr'><strong>in</strong></span> <span class='ocrx_word' id='word_1_238' title='bbox 1184 3125 1341 3229; x_wconf 89' lang='lat' dir='ltr'><strong>quint0,</strong></span> <span class='ocrx_word' id='word_1_239' title='bbox 1385 3122 1447 3202; x_wconf 91' lang='lat' dir='ltr'><strong>vel</strong></span> <span class='ocrx_word' id='word_1_240' title='bbox 1492 3141 1639 3232; x_wconf 90' lang='lat' dir='ltr'><strong>quarto</strong></span> <span class='ocrx_word' id='word_1_241' title='bbox 1679 3127 1808 3234; x_wconf 87' lang='lat' dir='ltr'><strong>gradu</strong></span> <span class='ocrx_word' id='word_1_242' title='bbox 1848 3156 1944 3209; x_wconf 87' lang='lat' dir='ltr'><strong>con·</strong></span> 
     </span>
     <span class='ocr_line' id='line_1_25' title="bbox 158 3224 1943 3347; baseline 0.007 -43"><span class='ocrx_word' id='word_1_243' title='bbox 158 3227 282 3331; x_wconf 83' lang='lat' dir='ltr'><strong>iuncti</strong></span> <span class='ocrx_word' id='word_1_244' title='bbox 311 3235 512 3324; x_wconf 65' lang='lat' dir='ltr'><strong>aunt-ecs</strong></span> <span class='ocrx_word' id='word_1_245' title='bbox 541 3255 622 3308; x_wconf 95' lang='lat' dir='ltr'><strong>non</strong></span> <span class='ocrx_word' id='word_1_246' title='bbox 651 3224 853 3336; x_wconf 83' lang='lat' dir='ltr'><strong>separetis,</strong></span> <span class='ocrx_word' id='word_1_247' title='bbox 866 3227 1029 3312; x_wconf 67' lang='lat' dir='ltr'><strong>..sedne</strong></span> <span class='ocrx_word' id='word_1_248' title='bbox 1071 3229 1241 3340; x_wconf 78' lang='lat' dir='ltr'><strong>amplius</strong></span> <span class='ocrx_word' id='word_1_249' title='bbox 1281 3231 1416 3324; x_wconf 85' lang='lat' dir='ltr'><strong>taliter</strong></span> <span class='ocrx_word' id='word_1_250' title='bbox 1430 3236 1765 3342; x_wconf 57' lang='lat' dir='ltr'><strong>:coniungantur</strong></span> <span class='ocrx_word' id='word_1_251' title='bbox 1808 3240 1943 3347; x_wconf 86' lang='lat' dir='ltr'><strong>ponti·</strong></span> 
     </span>
     <span class='ocr_line' id='line_1_26' title="bbox 159 3321 1942 3459; baseline 0.01 -47"><span class='ocrx_word' id='word_1_252' title='bbox 159 3333 260 3419; x_wconf 86' lang='lat' dir='ltr'><strong>ficali</strong></span> <span class='ocrx_word' id='word_1_253' title='bbox 289 3321 528 3419; x_wconf 81' lang='lat' dir='ltr'><strong>auctoritate</strong></span> <span class='ocrx_word' id='word_1_254' title='bbox 557 3343 596 3417; x_wconf 88' lang='grc'><strong>8(</strong></span> <span class='ocrx_word' id='word_1_255' title='bbox 625 3334 881 3419; x_wconf 87' lang='lat' dir='ltr'><strong>districtione</strong></span> <span class='ocrx_word' id='word_1_256' title='bbox 903 3336 1159 3445; x_wconf 84' lang='lat' dir='ltr'><strong>prohibeatis.</strong></span> <span class='ocrx_word' id='word_1_257' title='bbox 1219 3333 1364 3418; x_wconf 80' lang='lat' dir='ltr'><strong>Datum·</strong></span> <span class='ocrx_word' id='word_1_258' title='bbox 1392 3327 1610 3427; x_wconf 82' lang='lat' dir='ltr'><strong>Tusculani</strong></span> <span class='ocrx_word' id='word_1_259' title='bbox 1640 3343 1690 3426; x_wconf 75' lang='lat' dir='ltr'><strong>V.&#39;</strong></span> <span class='ocrx_word' id='word_1_260' title='bbox 1725 3346 1821 3428; x_wconf 88' lang='lat' dir='ltr'><strong>ldus</strong></span> <span class='ocrx_word' id='word_1_261' title='bbox 1843 3335 1942 3459; x_wconf 78' lang='lat' dir='ltr'><strong>Sep-</strong></span> 
     </span>
    </p>

    <p class='ocr_par' dir='ltr' id='par_1_8' title="bbox 15 3449 330 3532">
     <span class='ocr_line' id='line_1_27' title="bbox 15 3449 330 3532; baseline 0.016 -5"><span class='ocrx_word' id='word_1_262' title='bbox 15 3495 19 3502; x_wconf 92' lang='lat'><strong>·</strong></span> <span class='ocrx_word' id='word_1_263' title='bbox 156 3449 330 3532; x_wconf 79' lang='lat' dir='ltr'><strong>umbris.</strong></span> 
     </span>
    </p>
   </div>
   <div class='ocr_carea' id='block_1_3' title="bbox 162 3653 1942 3898">
    <p class='ocr_par' dir='ltr' id='par_1_9' title="bbox 162 3653 1942 3904">
     <span class='ocr_line' id='line_1_28' title="bbox 162 3653 1942 3898; baseline -0.011 -37"><span class='ocrx_word' id='word_1_264' title='bbox 162 3739 247 3882; x_wconf 79' lang='lat'><strong>57·</strong></span> <span class='ocrx_word' id='word_1_265' title='bbox 343 3699 347 3718; x_wconf 26' lang='lat'>³</span> <span class='ocrx_word' id='word_1_266' title='bbox 398 3793 419 3897; x_wconf 17' lang='lat' dir='ltr'><strong>&#39;j</strong></span> <span class='ocrx_word' id='word_1_267' title='bbox 548 3889 551 3898; x_wconf 19' lang='grc' dir='ltr'>Ι</span> <span class='ocrx_word' id='word_1_268' title='bbox 594 3679 1158 3888; x_wconf 26' lang='grc' dir='ltr'><strong>,·1165;-118·1ι,’(1.</strong></span> <span class='ocrx_word' id='word_1_269' title='bbox 1202 3713 1422 3894; x_wconf 77' lang='lat' dir='ltr'><strong>8-.&#39;Sept.</strong></span> <span class='ocrx_word' id='word_1_270' title='bbox 1478 3803 1522 3878; x_wconf 62' lang='lat' dir='ltr'><em>g</em></span> <span class='ocrx_word' id='word_1_271' title='bbox 1574 3653 1942 3852; x_wconf 79' lang='lat' dir='ltr'><strong>Tuscirlanum.</strong></span> 
     </span>
    </p>
   </div>
   <div class='ocr_carea' id='block_1_4' title="bbox 144 3974 2014 5153">
    <p class='ocr_par' dir='ltr' id='par_1_10' title="bbox 233 3974 1943 4360">
     <span class='ocr_line' id='line_1_29' title="bbox 233 3974 1942 4070; baseline -0.001 -33"><span class='ocrx_word' id='word_1_272' title='bbox 233 3974 324 4037; x_wconf 71' lang='lat' dir='ltr'><strong>Pisa.</strong></span> <span class='ocrx_word' id='word_1_273' title='bbox 344 3977 524 4041; x_wconf 72' lang='lat' dir='ltr'><strong>Acamanta</strong></span> <span class='ocrx_word' id='word_1_274' title='bbox 544 3979 614 4070; x_wconf 66' lang='lat' dir='ltr'><strong>lllts</strong></span> <span class='ocrx_word' id='word_1_275' title='bbox 634 3981 821 4052; x_wconf 78' lang='lat' dir='ltr'><strong>staditstetse</strong></span> <span class='ocrx_word' id='word_1_276' title='bbox 842 3985 883 4067; x_wconf 77' lang='lat' dir='ltr'><strong>pt</strong></span> <span class='ocrx_word' id='word_1_277' title='bbox 903 3985 987 4058; x_wconf 81' lang='lat' dir='ltr'><strong>valet</strong></span> <span class='ocrx_word' id='word_1_278' title='bbox 1002 3982 1128 4046; x_wconf 61' lang='lat' dir='ltr'><strong>uilior.</strong></span> <span class='ocrx_word' id='word_1_279' title='bbox 1149 3983 1198 4046; x_wconf 91' lang='lat' dir='ltr'><strong>till</strong></span> <span class='ocrx_word' id='word_1_280' title='bbox 1219 3983 1363 4070; x_wconf 75' lang='lat' dir='ltr'><strong>Bisliop.i</strong></span> <span class='ocrx_word' id='word_1_281' title='bbox 1384 3982 1484 4067; x_wconf 71' lang='lat' dir='ltr'><strong>binlii</strong></span> <span class='ocrx_word' id='word_1_282' title='bbox 1507 3983 1559 4062; x_wconf 81' lang='lat' dir='ltr'><strong>ing</strong></span> <span class='ocrx_word' id='word_1_283' title='bbox 1586 3980 1664 4040; x_wconf 83' lang='lat' dir='ltr'><strong>ester</strong></span> <span class='ocrx_word' id='word_1_284' title='bbox 1694 3979 1774 4041; x_wconf 80' lang='lat' dir='ltr'><strong>Bisk.</strong></span> <span class='ocrx_word' id='word_1_285' title='bbox 1805 3977 1942 4053; x_wconf 75' lang='lat' dir='ltr'><strong>Sanan,</strong></span> 
     </span>
     <span class='ocr_line' id='line_1_30' title="bbox 274 4055 1943 4200; baseline 0.004 -81"><span class='ocrx_word' id='word_1_286' title='bbox 274 4078 342 4144; x_wconf 80' lang='lat' dir='ltr'><strong>som</strong></span> <span class='ocrx_word' id='word_1_287' title='bbox 363 4061 444 4122; x_wconf 81' lang='lat' dir='ltr'><strong>infdr</strong></span> <span class='ocrx_word' id='word_1_288' title='bbox 464 4060 542 4152; x_wconf 63' lang='lat' dir='ltr'><strong>aad</strong></span> <span class='ocrx_word' id='word_1_289' title='bbox 563 4055 909 4156; x_wconf 25' lang='lat' dir='ltr'><strong>Legaten,¹ir&#39;‘lse·Bisl&#39;.</strong></span> <span class='ocrx_word' id='word_1_290' title='bbox 928 4063 1027 4129; x_wconf 76' lang='lat' dir='ltr'><strong>Es&#39;rim</strong></span> <span class='ocrx_word' id='word_1_291' title='bbox 1048 4069 1058 4128; x_wconf 93' lang='lat' dir='ltr'><strong>i</strong></span> <span class='ocrx_word' id='word_1_292' title='bbox 1078 4065 1179 4144; x_wconf 80' lang='lat' dir='ltr'><strong>tund,</strong></span> <span class='ocrx_word' id='word_1_293' title='bbox 1197 4066 1327 4148; x_wconf 73' lang='lat' dir='ltr'><strong>&#39;ncdla&#39;gt</strong></span> <span class='ocrx_word' id='word_1_294' title='bbox 1343 4069 1396 4129; x_wconf 75' lang='lat' dir='ltr'><strong>‘siti</strong></span> <span class='ocrx_word' id='word_1_295' title='bbox 1411 4061 1497 4200; x_wconf 54' lang='lat' dir='ltr'><strong>&#39;hllm¹¹</strong></span> <span class='ocrx_word' id='word_1_296' title='bbox 1519 4057 1746 4200; x_wconf 24' lang='lat' dir='ltr'><strong>hhhhlianfhh</strong></span> <span class='ocrx_word' id='word_1_297' title='bbox 1775 4061 1785 4118; x_wconf 79' lang='lat' dir='ltr'><strong>l</strong></span> <span class='ocrx_word' id='word_1_298' title='bbox 1818 4058 1943 4119; x_wconf 69' lang='lat' dir='ltr'><strong>kloster·</strong></span> 
     </span>
     <span class='ocr_line' id='line_1_31' title="bbox 316 4219 1902 4360; baseline 0.001 -38"><span class='ocrx_word' id='word_1_299' title='bbox 316 4245 549 4324; x_wconf 77' lang='lat' dir='ltr'><strong>Alexander</strong></span> <span class='ocrx_word' id='word_1_300' title='bbox 577 4250 694 4354; x_wconf 82' lang='lat' dir='ltr'><strong>Papa</strong></span> <span class='ocrx_word' id='word_1_301' title='bbox 721 4245 805 4328; x_wconf 67' lang='lat' dir='ltr'><strong>IIIa</strong></span> <span class='ocrx_word' id='word_1_302' title='bbox 861 4225 1301 4356; x_wconf 78' lang='lat' dir='ltr'><strong>Colon.Lingaeopensi</strong></span> <span class='ocrx_word' id='word_1_303' title='bbox 1326 4219 1549 4358; x_wconf 42' lang='lat' dir='ltr'><strong>Episcopo(</strong></span> <span class='ocrx_word' id='word_1_304' title='bbox 1588 4319 1591 4326; x_wconf 88' lang='grc'><strong>,</strong></span> <span class='ocrx_word' id='word_1_305' title='bbox 1798 4349 1802 4360; x_wconf 34' lang='grc' dir='ltr'>Ι</span> <span class='ocrx_word' id='word_1_306' title='bbox 1898 4331 1902 4344; x_wconf 56' lang='grc'>,</span> 
     </span>
    </p>

    <p class='ocr_par' dir='ltr' id='par_1_11' title="bbox 144 4377 2014 5153">
     <span class='ocr_line' id='line_1_32' title="bbox 253 4377 1942 4490; baseline -0.001 -29"><span class='ocrx_word' id='word_1_307' title='bbox 253 4465 257 4474; x_wconf 71' lang='grc'>,</span> <span class='ocrx_word' id='word_1_308' title='bbox 317 4383 380 4462; x_wconf 87' lang='lat' dir='ltr'><strong>Ex</strong></span> <span class='ocrx_word' id='word_1_309' title='bbox 403 4377 698 4490; x_wconf 85' lang='lat' dir='ltr'><strong>dispensatione</strong></span> <span class='ocrx_word' id='word_1_310' title='bbox 726 4389 942 4467; x_wconf 87' lang='lat' dir='ltr'><strong>commissae</strong></span> <span class='ocrx_word' id='word_1_311' title='bbox 970 4388 1087 4467; x_wconf 89' lang='lat' dir='ltr'><strong>nobis</strong></span> <span class='ocrx_word' id='word_1_312' title='bbox 1116 4385 1410 4490; x_wconf 80' lang='lat' dir='ltr'><strong>sollicitudinis,</strong></span> <span class='ocrx_word' id='word_1_313' title='bbox 1453 4389 1494 4468; x_wconf 90' lang='grc'><strong>8(</strong></span> <span class='ocrx_word' id='word_1_314' title='bbox 1520 4410 1567 4466; x_wconf 85' lang='lat' dir='ltr'><strong>ex</strong></span> <span class='ocrx_word' id='word_1_315' title='bbox 1611 4380 1756 4468; x_wconf 85' lang='lat' dir='ltr'><strong>debito.</strong></span> <span class='ocrx_word' id='word_1_316' title='bbox 1796 4382 1942 4474; x_wconf 84' lang='lat' dir='ltr'><strong>carita-</strong></span> 
     </span>
     <span class='ocr_line' id='line_1_33' title="bbox 161 4491 1939 4604; baseline 0.004 -36"><span class='ocrx_word' id='word_1_317' title='bbox 161 4491 214 4568; x_wconf 81' lang='lat' dir='ltr'><strong>tis</strong></span> <span class='ocrx_word' id='word_1_318' title='bbox 238 4492 341 4570; x_wconf 80' lang='lat' dir='ltr'><strong>viros</strong></span> <span class='ocrx_word' id='word_1_319' title='bbox 369 4493 588 4572; x_wconf 88' lang='lat' dir='ltr'><strong>Pontificali</strong></span> <span class='ocrx_word' id='word_1_320' title='bbox 618 4495 750 4575; x_wconf 91' lang='lat' dir='ltr'><strong>oslicio</strong></span> <span class='ocrx_word' id='word_1_321' title='bbox 768 4499 979 4604; x_wconf 88' lang='lat' dir='ltr'><strong>praeditos,</strong></span> <span class='ocrx_word' id='word_1_322' title='bbox 1002 4503 1047 4576; x_wconf 85' lang='grc'><strong>8(</strong></span> <span class='ocrx_word' id='word_1_323' title='bbox 1067 4525 1234 4577; x_wconf 82' lang='lat' dir='ltr'><strong>morum</strong></span> <span class='ocrx_word' id='word_1_324' title='bbox 1254 4498 1472 4576; x_wconf 79' lang='lat' dir='ltr'><strong>honestate</strong></span> <span class='ocrx_word' id='word_1_325' title='bbox 1498 4509 1663 4579; x_wconf 82' lang='lat' dir='ltr'><strong>ornatos</strong></span> <span class='ocrx_word' id='word_1_326' title='bbox 1698 4492 1939 4575; x_wconf 68' lang='lat' dir='ltr'><strong>sincerasste-</strong></span> 
     </span>
     <span class='ocr_line' id='line_1_34' title="bbox 155 4599 2014 4716; baseline 0.002 -36"><span class='ocrx_word' id='word_1_327' title='bbox 155 4626 295 4681; x_wconf 86' lang='lat' dir='ltr'><strong>nemur</strong></span> <span class='ocrx_word' id='word_1_328' title='bbox 322 4603 487 4681; x_wconf 87' lang='lat' dir='ltr'><strong>caritate</strong></span> <span class='ocrx_word' id='word_1_329' title='bbox 515 4604 692 4712; x_wconf 82' lang='lat' dir='ltr'><strong>diligere,</strong></span> <span class='ocrx_word' id='word_1_330' title='bbox 721 4612 761 4688; x_wconf 91' lang='grc'><strong>8(</strong></span> <span class='ocrx_word' id='word_1_331' title='bbox 789 4635 928 4688; x_wconf 90' lang='lat' dir='ltr'><strong>eorum</strong></span> <span class='ocrx_word' id='word_1_332' title='bbox 958 4626 1069 4704; x_wconf 91' lang='lat' dir='ltr'><strong>vota,</strong></span> <span class='ocrx_word' id='word_1_333' title='bbox 1099 4635 1190 4716; x_wconf 81' lang='lat' dir='ltr'><strong>quae</strong></span> <span class='ocrx_word' id='word_1_334' title='bbox 1216 4632 1240 4687; x_wconf 89' lang='lat' dir='ltr'><strong>a</strong></span> <span class='ocrx_word' id='word_1_335' title='bbox 1268 4607 1436 4687; x_wconf 84' lang='lat' dir='ltr'><strong>rationis</strong></span> <span class='ocrx_word' id='word_1_336' title='bbox 1451 4605 1620 4691; x_wconf 79' lang='lat' dir='ltr'><strong>,tramite</strong></span> <span class='ocrx_word' id='word_1_337' title='bbox 1647 4629 1746 4684; x_wconf 79' lang='lat' dir='ltr'><strong>non</strong></span> <span class='ocrx_word' id='word_1_338' title='bbox 1783 4599 1941 4698; x_wconf 70' lang='lat' dir='ltr'><strong>discor·</strong></span> <span class='ocrx_word' id='word_1_339' title='bbox 2010 4701 2014 4706; x_wconf 75' lang='lat'><strong>,</strong></span> 
     </span>
     <span class='ocr_line' id='line_1_35' title="bbox 151 4709 1942 4827; baseline -0.004 -33"><span class='ocrx_word' id='word_1_340' title='bbox 151 4709 265 4822; x_wconf 81' lang='lat' dir='ltr'><strong>dant,</strong></span> <span class='ocrx_word' id='word_1_341' title='bbox 292 4711 436 4793; x_wconf 82' lang='lat' dir='ltr'><strong>ellectu</strong></span> <span class='ocrx_word' id='word_1_342' title='bbox 466 4734 733 4822; x_wconf 88' lang='lat' dir='ltr'><strong>prosequente</strong></span> <span class='ocrx_word' id='word_1_343' title='bbox 775 4719 1015 4827; x_wconf 76' lang='lat' dir='ltr'><strong>compleret¹</strong></span> <span class='ocrx_word' id='word_1_344' title='bbox 1037 4733 1091 4798; x_wconf 83' lang='lat' dir='ltr'><strong>vt·</strong></span> <span class='ocrx_word' id='word_1_345' title='bbox 1124 4733 1238 4797; x_wconf 84' lang='lat' dir='ltr'><strong>tanto</strong></span> <span class='ocrx_word' id='word_1_346' title='bbox 1271 4716 1421 4797; x_wconf 76' lang='lat' dir='ltr'><strong>lortius</strong></span> <span class='ocrx_word' id='word_1_347' title='bbox 1468 4729 1704 4798; x_wconf 82' lang='lat' dir='ltr'><strong>ornamenta</strong></span> <span class='ocrx_word' id='word_1_348' title='bbox 1728 4711 1942 4807; x_wconf 67' lang='lat' dir='ltr'><strong>¹virtutum</strong></span> 
     </span>
     <span class='ocr_line' id='line_1_36' title="bbox 149 4815 1962 4934; baseline -0.001 -33"><span class='ocrx_word' id='word_1_349' title='bbox 149 4829 419 4930; x_wconf 69' lang='lat' dir='ltr'><strong>appetere&amp;</strong></span> <span class='ocrx_word' id='word_1_350' title='bbox 448 4815 626 4903; x_wconf 82' lang='lat' dir='ltr'><strong>honestis</strong></span> <span class='ocrx_word' id='word_1_351' title='bbox 663 4825 843 4907; x_wconf 88' lang='lat' dir='ltr'><strong>insistere</strong></span> <span class='ocrx_word' id='word_1_352' title='bbox 884 4827 1067 4922; x_wconf 89' lang='lat' dir='ltr'><strong>moribus</strong></span> <span class='ocrx_word' id='word_1_353' title='bbox 1109 4826 1315 4923; x_wconf 83' lang='lat' dir='ltr'><strong>studeant,</strong></span> <span class='ocrx_word' id='word_1_354' title='bbox 1352 4841 1504 4934; x_wconf 87' lang='lat' dir='ltr'><strong>quanto</strong></span> <span class='ocrx_word' id='word_1_355' title='bbox 1529 4851 1573 4906; x_wconf 85' lang='lat' dir='ltr'><strong>ee</strong></span> <span class='ocrx_word' id='word_1_356' title='bbox 1614 4823 1676 4906; x_wconf 85' lang='lat' dir='ltr'><strong>&#39;ab</strong></span> <span class='ocrx_word' id='word_1_357' title='bbox 1707 4820 1962 4927; x_wconf 78' lang='lat' dir='ltr'><strong>Apostoliea</strong></span> 
     </span>
     <span class='ocr_line' id='line_1_37' title="bbox 145 4930 2012 5044; baseline 0 -32"><span class='ocrx_word' id='word_1_358' title='bbox 145 4931 246 5012; x_wconf 82' lang='lat' dir='ltr'><strong>sede</strong></span> <span class='ocrx_word' id='word_1_359' title='bbox 273 4933 419 5011; x_wconf 91' lang='lat' dir='ltr'><strong>maiore</strong></span> <span class='ocrx_word' id='word_1_360' title='bbox 445 4933 600 5014; x_wconf 91' lang='lat' dir='ltr'><strong>honore</strong></span> <span class='ocrx_word' id='word_1_361' title='bbox 628 4938 894 5042; x_wconf 80' lang='lat' dir='ltr'><strong>cognouerint</strong></span> <span class='ocrx_word' id='word_1_362' title='bbox 922 4943 961 5017; x_wconf 88' lang='grc'><strong>8(</strong></span> <span class='ocrx_word' id='word_1_363' title='bbox 989 4938 1117 5044; x_wconf 82' lang='lat' dir='ltr'><strong>gretia</strong></span> <span class='ocrx_word' id='word_1_364' title='bbox 1148 4935 1375 5044; x_wconf 83' lang='lat' dir='ltr'><strong>praeneniri.</strong></span> <span class='ocrx_word' id='word_1_365' title='bbox 1432 4934 1618 5014; x_wconf 89' lang='lat' dir='ltr'><strong>Relatum</strong></span> <span class='ocrx_word' id='word_1_366' title='bbox 1645 4930 1857 5042; x_wconf 63' lang='lat' dir='ltr'><strong>siquidem.</strong></span> <span class='ocrx_word' id='word_1_367' title='bbox 1881 4948 1940 5012; x_wconf 87' lang='lat' dir='ltr'><strong>est</strong></span> <span class='ocrx_word' id='word_1_368' title='bbox 2010 4972 2012 4978; x_wconf 32' lang='lat' dir='ltr'>v</span> 
     </span>
     <span class='ocr_line' id='line_1_38' title="bbox 144 5041 1940 5153; baseline 0 -33"><span class='ocrx_word' id='word_1_369' title='bbox 144 5041 317 5122; x_wconf 84' lang='lat' dir='ltr'><strong>auribus</strong></span> <span class='ocrx_word' id='word_1_370' title='bbox 344 5043 502 5141; x_wconf 89' lang='lat' dir='ltr'><strong>nostris,</strong></span> <span class='ocrx_word' id='word_1_371' title='bbox 530 5045 640 5153; x_wconf 89' lang='lat' dir='ltr'><strong>quod</strong></span> <span class='ocrx_word' id='word_1_372' title='bbox 670 5044 818 5126; x_wconf 89' lang='lat' dir='ltr'><strong>dilecto</strong></span> <span class='ocrx_word' id='word_1_373' title='bbox 846 5045 929 5127; x_wconf 88' lang='lat' dir='ltr'><strong>lilio</strong></span> <span class='ocrx_word' id='word_1_374' title='bbox 957 5062 1099 5127; x_wconf 90' lang='lat' dir='ltr'><strong>nostro</strong></span> <span class='ocrx_word' id='word_1_375' title='bbox 1126 5045 1282 5126; x_wconf 89' lang='lat' dir='ltr'><strong>Stenar.</strong></span> <span class='ocrx_word' id='word_1_376' title='bbox 1297 5041 1503 5153; x_wconf 83' lang='lat' dir='ltr'><strong>quondam</strong></span> <span class='ocrx_word' id='word_1_377' title='bbox 1536 5042 1828 5152; x_wconf 82' lang='lat' dir='ltr'><strong>Lingacopensi</strong></span> <span class='ocrx_word' id='word_1_378' title='bbox 1842 5041 1940 5149; x_wconf 85' lang='lat' dir='ltr'><strong>Epi-</strong></span> 
     </span>
    </p>
   </div>
   <div class='ocr_carea' id='block_1_5' title="bbox 0 0 2190 5941">
    <p class='ocr_par' dir='ltr' id='par_1_12' title="bbox 0 0 2190 5941">
     <span class='ocr_line' id='line_1_39' title="bbox 0 0 2190 5941; baseline 0 0"><span class='ocrx_word' id='word_1_379' title='bbox 0 0 2190 5941; x_wconf 95' lang='lat' dir='ltr'><strong> </strong></span> 
     </span>
    </p>
   </div>
  </div>
 </body>
</html>
