4370 5950
831 453 1219 576 -ssff

123 665 302 788 importat
331 669 606 754 Barbarorum
635 671 759 754 infida
788 674 970 754 societas
1026 674 1162 756 Habet
1190 671 1329 786 itaque
1357 677 1673 758 animamesua'm
1702 679 1747 758 in
1780 681 1912 760 mani·
1983 663 1993 682 ’

122 794 189 874 bus
221 787 318 879 suis,
355 783 532 866 offerens
568 786 679 865 illam
700 787 795 885 ¹Deo
838 813 912 893 per
942 813 1108 872 manum
1145 785 1312 868 caelestis
1345 787 1621 896 clauicularij,
1656 795 1696 872 8(
1723 807 1910 896 vestram.

103 901 309 1008 Excipite,
338 897 371 977 si
400 896 553 1006 placet,
583 897 756 978 hostiam
785 913 976 994 sanctam,
1006 899 1092 978 Deo
1115 899 1362 1008 placentem,
1390 901 1912 1012 rationabileobse'quium,

122 1009 395 1100 &beatissimi
427 1009 694 1117 Apostolatus
721 1012 846 1088 vestri
873 1010 1094 1092 autoritate
1121 1015 1315 1119 exponite
1343 1041 1463 1093 ouem
1491 1013 1616 1120 lupis,
1644 1015 1680 1093 si
1706 1013 1813 1096 forte
1841 1016 1913 1097 he-
2018 1061 2023 1078 ι

121 1141 178 1205 ata
201 1120 522 1224 ,conuersatione
558 1149 643 1201 non
679 1119 800 1228 lupus
833 1121 1021 1202 comedat
1049 1151 1216 1231 agnum,
1241 1122 1322 1216 sed
1351 1151 1480 1238 agnus
1510 1141 1726 1206 conuertat
1754 1126 1913 1235 lupulus

122 1232 335 1337 Quodlibet
370 1248 507 1312 autem
541 1233 688 1313 horum
723 1233 810 1331 fiat,
841 1234 949 1320 Deus
976 1234 1291 1342 glorificabitur,
1306 1237 1575 1317 ministerium
1589 1251 1767 1319 vestrum
1780 1239 1913 1320 hono·

121 1346 352 1440 rihcabitur,
382 1350 420 1425 8(
450 1345 583 1424 anima
613 1344 752 1424 fratris
780 1344 938 1424 nullum
964 1343 1256 1428 detrimentum
1286 1349 1476 1455 patietur.
1534 1351 1737 1430 Praesumo
1763 1351 1912 1430 enimn
2004 1433 2009 1436 ,
2045 1347 2051 1358 ’

121 1456 341 1568 praeteritis,
371 1483 461 1566 quae
496 1456 540 1535 in
581 1485 633 1536 eo
674 1457 876 1553 enutriui,
911 1463 950 1537 8(
986 1458 1123 1537 multis
1150 1455 1278 1539 didici
1307 1461 1575 1569 argumentis,
1608 1458 1723 1570 quod
1745 1460 1912 1565 incom-

14 1653 15 1668 Ν
121 1571 228 1650 misso
269 1565 400 1647 iidelis
433 1567 531 1663 erit,
565 1575 609 1649 &
643 1596 666 1646 a
701 1567 863 1648 tramite
897 1567 993 1649 fidei
1025 1570 1144 1652 nullo
1181 1571 1348 1652 incursu
1378 1571 1667 1674 exorbitabit,¹
1693 1571 1914 1684 potiusque

121 1679 224 1761 dabit
251 1679 509 1787 sanguinem,
535 1707 676 1790 quamx
689 1679 901 1759 imminuat
930 1678 1069 1761 fidem·
1116 1683 1188 1762 Ait
1214 1683 1454 1794 Apostolus:
1483 1685 1681 1796 Spiritum
1706 1683 1916 1766 caldaeam

14 1863 15 1882 t
120 1803 310 1900 tinguere,
346 1795 385 1869 8(
423 1788 631 1870 lucernam
657 1791 797 1869 iamin
825 1789 962 1871 modio
976 1820 1186 1874 accensam
1201 1794 1468 1906 amplioribus
1479 1794 1706 1878 suffusoriis
1724 1791 1914 1876 accendi-

14 1913 15 1924 '
120 1922 173 1984 te:
205 1905 302 2014 quia
336 1899 422 1980 haec
457 1916 518 1980 est
554 1900 684 2011 gloria
720 1907 760 1982 8(
791 1927 946 1982 corona
980 1920 1133 1999 vestra,
1162 1907 1198 1984 si
1223 1933 1399 2014 granum
1425 1907 1619 1990 frumenti
1645 1934 1722 2018 per
1750 1933 1915 1989 manum
2003 1952 2007 1958 ·

14 2067 15 2080 ι
120 2031 284 2096 vestram
319 2012 364 2092 in
392 2027 544 2092 terram
572 2011 719 2094 cadens
747 2011 921 2092 multum
948 2013 1128 2097 fructum
1154 2017 1352 2100 attulerit.

60 2423 204 2543 aa.
607 2325 696 2571 ἱ.
819 2325 1259 2552 1169-1-11178.
1628 2337 1631 2346 ¹

189 2627 317 2690 Summe
337 2625 446 2690 Abbot
471 2627 590 2690 Persas
612 2627 799 2712 ytterligare
822 2630 986 2695 sirifvelse
1009 2635 1060 2696 till
1082 2632 1202 2698 Patren
1224 2633 1236 2696 i
1257 2653 1377 2696 semma
1397 2640 1496 2696 mnne.

1444 2745 1484 2804 K.
1502 2747 1531 2803 h.
1547 2762 1576 2807 Aa:
1594 2747 1653 2821 587.
1670 2763 1719 2804 nto
1735 2751 1780 2820 95.

272 2829 449 2966 Domino
479 2888 519 2964 8(
539 2886 661 2992 patri
678 2885 917 2968 Alexandro
944 2913 1096 2969 summo
1123 2885 1333 2996 Pontifici,
1360 2887 1513 2972 Petrus
1537 2860 1827 2978 Abbassanoti
1838 2889 1916 2968 rte-

321 2995 443 3103 migij
487 2996 676 3104 quicquid
690 2997 811 3101 filius
831 3003 961 3110 patri.

273 3140 407 3222 Nvllis
435 3140 546 3220 bona
573 3138 764 3240 voluntas
793 3169 816 3220 a
841 3142 996 3224 Sancto
1022 3141 1184 3249 ,Spiritu
1211 3141 1381 3221 incitata
1406 3141 1635 3227 co'e'rcenda
1647 3160 1717 3229 est·
1730 3143 1914 3240 habenis,

14 3263 16 3340 l
111 3247 231 3328 nullis
266 3279 292 3331 a
330 3253 543 3362 proposito
579 3251 826 3338 retardanda
857 3253 1262 3336 dissimulationibus.
1323 3255 1393 3335 Sic
1408 3254 1751 3339 enimiamtotius
1765 3272 1916 3338 nostrae

14 3359 16 3406 ³
114 3359 431 3443 Christianitatis
460 3363 604 3471 religio
631 3363 829 3472 intepuit,
859 3383 903 3444 vt
931 3366 1000 3444 vix
1029 3366 1074 3444 in
1101 3381 1191 3445 toto
1218 3391 1341 3475 grege
1370 3366 1593 3449 Christiani
1620 3366 1766 3480 populi
1785 3368 1915 3477 aliqui
1947 3387 1959 3398 ·

14 3479 16 3494 ¹
111 3471 395 3575 inundantur,
424 3477 607 3585 quinon
636 3475 779 3556 malint
803 3475 883 3556 sub
913 3477 993 3560 ficu
1021 3484 1060 3556 8(
1085 3477 1198 3558 oliua
1227 3477 1380 3556 terreni
1408 3478 1576 3560 honoris
1608 3483 1649 3559 8(
1676 3477 1915 3562 delectatio·

14 3617 15 3674 ?
111 3583 171 3662 nis
198 3583 460 3682 delitescere,
490 3615 613 3698 quam
640 3585 786 3694 procul
815 3585 990 3668 odorare
1020 3587 1191 3683 bellom,
1221 3595 1260 3669 &
1284 3586 1483 3670 audacter
1508 3616 1726 3674 occurrere
1762 3592 1806 3674 in
1847 3591 1916 3670 oc'·

110 3721 273 3778 cursum
303 3728 398 3780 eum
426 3699 519 3778 liliis
548 3697 775 3794 Beniamin,
800 3705 842 3779 8(
868 3697 1035 3781 dimidia
1062 3698 1180 3782 trihu
1208 3699 1408 3797 manasse,
1434 3699 1617 3810 expediti
1643 3703 1811 3784 armatis
1839 3701 1916 3779 ini-

111 3807 221 3889 micis
236 3809 404 3893 Christi.
441 3809 507 3890 Ad
543 3836 616 3888 uos
650 3811 807 3921 itaque,
836 3813 957 3890 Pater
982 3812 1250 3908 sanctissime,
1277 3811 1352 3920 qui
1381 3813 1475 3892 estis
1504 3814 1749 3921 incorpore
1778 3811 1915 3891 Eccle-

14 3937 15 3970 ³
113 3920 178 3997 siae
209 3939 362 4031 caput,
399 3919 450 4003 de
482 3948 570 4031 quo
603 3919 739 4002 oleum
774 3949 860 4002 non
894 3920 1052 4018 delicit,
1080 3929 1120 4004 8(
1149 3925 1221 4032 qui
1249 3923 1438 4005 Australe
1449 3923 1724 4008 sufflatorium
1737 3923 1914 4015 habetis,

112 4033 279 4144 respicit
308 4033 469 4119 desides
494 4033 695 4130 excitare,
721 4033 920 4116 excitatos
949 4061 1047 4115 vero
1077 4031 1128 4117 ad
1155 4033 1324 4118 meliora
1359 4040 1398 4114 8(
1426 4036 1625 4118 viciniora
1635 4035 1759 4118 saluti
1775 4035 1915 4112 iuuare

116 4143 402 4254 &impellere
463 4147 684 4257 Nunquam
710 4169 812 4254 ergo
838 4145 958 4230 ¹robis
986 4143 1200 4228 molestum
1229 4141 1351 4225 debet
1378 4173 1484 4242 esse,
1512 4146 1679 4258 quoda
1706 4144 1825 4226 uobis
1839 4171 1914 4254 po-

14 4339 15 4368 p
115 4253 292 4336 stulatur
327 4259 372 4338 in
404 4255 561 4335 auxilio
590 4253 873 4366 vpropagandae
912 4255 1136 4340 Catholicae
1178 4255 1290 4336 fidei:
1330 4258 1428 4365 quia
1467 4263 1510 4337 8(
1553 4257 1628 4337 Dei
1667 4263 1709 4337 8(
1749 4256 1915 4338 Domini

116 4369 243 4446 nostri
261 4370 357 4452 Iesu
372 4368 524 4449 Christi
539 4367 628 4450 laus
654 4365 754 4450 inde
780 4381 1079 4482 augmentatur,
1108 4370 1296 4451 meritum
1331 4385 1508 4448 vestrum
1534 4367 1780 4466 cumulatur,
1805 4366 1917 4447 salus

14 4497 16 4534 ³
113 4472 268 4562 infideli
306 4478 462 4588 populo
492 4478 732 4592 acquiritur.
790 4478 975 4559 Proinde.
997 4481 1214 4588 petitiones
1244 4481 1434 4588 pauperis
1462 4479 1571 4562 illius
1600 4480 1792 4589 Episcopi
1819 4478 1917 4560 Ful-

113 4589 246 4688 conis,
279 4593 359 4704 qui
394 4591 473 4671 hoc
505 4617 619 4674 anno
644 4590 803 4673 curiam
831 4591 1030 4689 uisitauit,
1074 4597 1113 4672 8(
1140 4590 1263 4671 modo
1291 4590 1503 4674 nobiscum
1530 4590 1778 4700 hospitatur,
1804 4587 1920 4698 apud

113 4716 292 4784 vestram
333 4703 594 4785 sanctitatem
633 4701 985 4801 commendamus,
1023 4703 1200 4785 scientes
1243 4709 1282 4784 8(
1316 4719 1552 4810 pensantes,
1573 4701 1678 4813 'quia
1706 4702 1777 4782 vbi
1805 4700 1921 4780 nulla

14 4909 15 4918 ἵ
113 4827 183 4890 out
211 4816 322 4898 rara
340 4813 436 4894 lidei
464 4812 731 4925 supellectilia
743 4831 862 4911 sunt,
876 4813 1076 4924 suffragio
1097 4815 1324 4923 copiosiore
1344 4812 1563 4922 indigetur.
1621 4811 1920 4924 Indulgendum

14 4999 15 5008 ,
112 4939 174 5003 est
211 4932 318 5034 ergo
353 4923 412 5005 illi
440 4927 483 5006 in
513 4925 669 5022 multis,
697 4927 771 5040 qui
798 4927 989 5009 omnibus
1019 4926 1186 5036 indiget.
1244 4926 1312 5007 Sic
1340 4926 1531 5035 magister
1558 4931 1597 5008 8(
1626 4927 1824 5008 Dominus
1852 4951 1922 5006 ve-

14 5045 16 5076 *
259 5068 312 5124 εν.
329 5043 410 5138 upa
497 5077 500 5084 ⁴
1343 5051 1347 5061 '
1695 5061 1732 5137 9-
