4362 5946
168 1611 176 1625 ‹
297 1563 351 1646 ali

979 449 1395 532 -3321-

288 659 380 764 'nnn
406 669 573 756 endum
586 665 997 776 radpersonamortis
1011 684 1194 778 tempore
1222 661 1496 779 possederunt,
1526 667 1578 748 Jn
1591 668 1681 750 aliis
1694 686 1830 752 autam
1851 673 2049 786 honhquir

296 784 554 874 munierunt
580 779 755 878 ecelesia,
769 806 854 862 non
880 779 974 890 licet
1000 781 1057 862 eis
1086 780 1221 908 aliqua
1249 781 1409 861 racione
1437 780 1587 860 testari.
1638 783 1766 862 Porro
1794 781 1920 864 bonos
1944 814 2049 868 moer

295 893 410 984 dotet
437 893 512 1002 qui
537 891 693 1001 meque
719 891 913 974 uxoribus
943 896 991 973 δι.
1011 891 1186 998 publicu
1213 919 1285 972 seu
1310 889 1637 973 cohabitantibus
1674 891 1909 976 concubinis
1935 897 2051 980 uolue-

295 1007 380 1091 rint
411 1029 660 1115 permanere,
701 1004 961 1111 prerogatiua
998 1001 1236 1098 dilectionis,
1265 1007 1305 1082 8r
1346 999 1488 1082 fauore
1535 1001 1728 1099 heniuolo
1779 1023 2053 1116 prosequentes,

288 1117 348 1202 ¹dc
376 1114 546 1198 consilio
574 1119 615 1196 a
643 1139 843 1194 consensu
869 1114 1160 1223 archiepiscopi
1188 1119 1228 1194 a
1255 1111 1604 1221 suffraganeorum
1633 1113 1719 1192 eius
1760 1121 1801 1194 &
1843 1119 2054 1199 mmmritata

325 1255 378 1310 ua
406 1225 610 1337 fungimur
638 1223 873 1332 apostolica,
893 1224 1082 1306 duximus
1109 1222 1375 1306 statuendum.
1405 1221 1517 1334 quod
1545 1224 1790 1333 quicumque
1818 1224 1993 1308 decatero
2022 1229 2056 1310 in

296 1259 490 1424 domibus
513 1363 653 1418 eorum
680 1338 924 1444 &precipue
939 1334 1110 1418 fratrum
1127 1335 1426 1444 predicatorum
1442 1333 1880 1434 uiolenciamiecerint,
1892 1355 2058 1445 pretextu

296 1449 590 1558 hospitalitatis,
603 1447 672 1527 uel
685 1473 738 1526 ex
763 1447 841 1526 alia
856 1473 988 1542 causa,
1005 1445 1230 1556 frangendo
1246 1473 1386 1526 eorum
1400 1444 1540 1526 domos
1556 1445 1622 1526 uel
1641 1445 1781 1526 hostia.
1797 1474 1865 1527 seu
1888 1449 2059 1530 uiolenter

382 1558 452 1642 uid
479 1557 688 1670 rapiendo.
716 1585 788 1638 seu
816 1559 861 1640 in
886 1556 1114 1640 sacerdotes
1149 1558 1214 1638 uel
1250 1556 1488 1638 domesticos
1528 1584 1669 1636 eorum
1702 1585 1848 1638 manus
1873 1558 2058 1638 iniciam

296 1591 512 1768 uidlentas,
540 1671 715 1778 exceptis
744 1670 927 1777 personis
954 1666 1107 1749 domini
1136 1669 1323 1777 Regis&
1352 1666 1475 1764 ducis,
1506 1668 1749 1748 sentenciam
1765 1671 2061 1752 excommunica·
2151 1765 2152 1768 p

210 1881 215 1891 Ι
297 1783 660 1866 cionisineurrant.
691 1781 901 1887 Episccpis
915 1807 1080 1889 quoque
1095 1778 1260 1890 quando
1275 1779 1527 1859 uisitauerint
1542 1807 1610 1858 eos
1625 1780 1666 1879 in
1682 1779 1833 1860 uirtnu
1849 1779 2060 1860 obediencie
2151 1789 2152 1798 ’

271 1892 564 2004 ‘precipiendo
591 1888 838 1986 mandamus,
867 1918 919 1970 ne
948 1890 1103 1998 aliquid
1130 1889 1183 1970 ah
1211 1891 1267 1970 eis
1282 1907 1419 1997 preter
1434 1883 1559 1970 solam
1575 1891 1907 1996 procuracionem
1922 1892 2062 1996 exigant

297 2005 366 2085 ael
394 2001 574 2086 oblatum
588 2002 797 2110 recipiant.
827 2001 1018 2082 Ministris
1031 2029 1197 2110 quoque
1211 2003 1494 2108 episcoporum
1515 1999 1643 2080 silicet
1657 1999 1907 2080 marschalco
1921 2006 1960 2079 8r
1973 2025 2063 2080 senc·

297 2114 459 2198 schalco
472 2119 518 2196 8r
531 2114 618 2194 aliis
647 2111 833 2192 omnibus
861 2113 933 2220 qui
961 2129 1189 2221 sequuntur
1216 2113 1450 2219 episcopum
1478 2110 1656 2192 districte
1673 2113 1946 2219 precipimus,
1973 2109 2064 2220 quod

298 2242 480 2334 tempore
495 2225 742 2306 uisitacionis
756 2222 880 2302 nichil
909 2224 1075 2302 omnino
1103 2224 1266 2331 exigant
1295 2251 1318 2300 a
1347 2220 1624 2302 sacerdotibus
1652 2221 1719 2301 uel
1746 2221 1800 2300 ‘ah
1824 2222 1913 2302 aliis
1939 2223 2065 2330 prceis

297 2362 372 2444 per
400 2363 448 2418 se
470 2335 538 2416 uel
566 2363 639 2443 per
667 2333 778 2415 alios.
808 2337 848 2412 8t
877 2331 1012 2444 siquid
1040 2335 1249 2440 exegerint
1278 2349 1414 2441 preter
1449 2331 1640 2413 uictuelia
1675 2346 1766 2440 que.
1797 2331 1849 2413 ad
1894 2359 2064 2440 procura·

298 2447 455 2528 cionem
489 2450 707 2554 pertinent,
734 2444 800 2524 uel
829 2442 1013 2525 oblatum
1039 2445 1290 2552 acceperint*
1313 2462 1357 2523 ut
1384 2443 1661 2551 supradictum
1690 2461 1748 2522 est
1777 2444 1984 2524 uinculum
2009 2469 2063 2522 ex-

298 2557 673 2640 communicacionis
706 2558 928 2635 incurrant
964 2556 1211 2662 Precipimus
1238 2581 1403 2664 quoque
1433 2554 1510 2634 sub
1540 2581 1643 2660 pena
1660 2554 2065 2636 excommunicacionis

297 2689 351 2748 ne
366 2667 503 2775 ¹aliqui
531 2685 667 2774 preter
680 2691 774 2744 suos
800 2664 1057 2774 hospitentur
1085 2694 1177 2745 cum
1205 2669 1395 2774 episcopo
1410 2662 1521 2773 apud
1534 2663 1763 2744 sacerdotes
1778 2667 1820 2744 in
1836 2664 1979 2744 diebus
1992 2665 2068 2743 uisi·

298 2777 481 2869 tacionis,
494 2779 572 2856 nisi
599 2776 839 2856 nominatim
867 2805 891 2856 a
918 2776 1126 2857 sacerdote
1154 2777 1225 2887 qui
1254 2795 1446 2884 procurat
1480 2781 1728 2884 episcopum,
1744 2773 1899 2854 fuerint
1916 2774 2069 2856 inuitati.

296 2891 350 2968 Jn
406 2888 556 2970 diocesi
605 2888 815 2996 Vpsalensi
870 2889 1154 2994 strengenensi.
1199 2887 1393 2966 arusiensi
1434 2886 1613 2967 skarcnsi
1655 2886 1713 2966 ita
1752 2885 2000 2982 ordinamus,
2036 2901 2071 2964 ut

297 2999 372 3081 ubi
397 2999 500 3082 solet
527 3001 740 3106 episcopus
767 2997 974 3104 hospitari.
1008 2999 1146 3096 llll:or
1174 2997 1317 3079 diebus
1345 3025 1464 3078 causa
1493 2998 1754 3091 uisitacionis,
1770 2999 1995 3105 hospitetur
2013 2995 2071 3073 tri·

297 3109 386 3189 bus.
422 3113 475 3188 Et
503 3108 575 3188 ubi
603 3108 705 3190 solet
732 3109 875 3203 tribus,
903 3108 1047 3188 haheat
1074 3109 1260 3190 sacerdos
1289 3111 1502 3216 opcionem
1530 3107 1595 3188 uel
1611 3106 1807 3186 redimere
1822 3137 1916 3188 curn
1932 3106 2069 3186 marcha

299 3219 458 3326 argenti
473 3223 516 3298 a
526 3218 777 3316 dimidia,ucl
792 3245 1014 3327 procurare
1028 3248 1131 3298 cum.
1147 3221 1237 3302 XX.
1252 3235 1411 3299 tantum
1426 3218 1677 3326 equitaturis.
1707 3218 1790 3297 Vbi
1807 3247 1910 3298 uero
1919 3217 2069 3308 duabus,

297 3329 448 3412 haheat
460 3337 673 3439 opcionem
685 3331 752 3411 uel
765 3328 960 3409 redimere
977 3357 1068 3410 cum
1085 3330 1244 3409 marcha
1262 3331 1429 3437 argenti.
1441 3327 1509 3408 uel
1525 3356 1627 3407 cum.
1643 3329 1732 3408 XX.
1743 3330 1987 3438 equitaturis
2000 3347 2071 3406 tan·

253 3505 257 3512 .
298 3441 508 3521 tummodu
536 3470 767 3551 procurare.
794 3440 846 3518 Jn
873 3441 1147 3548 strengenensi
1180 3442 1379 3520 tamensi
1407 3438 1741 3544 redemerircum
1763 3442 2070 3546 marchaargen

298 3552 349 3646 ti,
392 3549 540 3632 adiciat
580 3553 681 3632 duas
721 3565 909 3630 metretas
951 3551 1089 3632 mellis.
1159 3552 1212 3631 Jn
1240 3552 1402 3659 regione
1439 3568 1572 3630 autem
1602 3549 1881 3647 vesterdalum,
1914 3550 2072 3630 arusien-

299 3663 352 3744 sit
380 3659 572 3759 diocesis,
584 3663 653 3742 fiat
667 3658 719 3740 de
731 3661 809 3740 hiis
823 3660 1070 3741 sicutiuerat
1085 3662 1279 3742 hactenus
1296 3658 1564 3742 obseruatum.
1593 3662 1647 3740 ln
1660 3660 1886 3768 lincopensi
1902 3661 2074 3740 autem&

298 3773 535 3854 uexionensi
554 3771 704 3852 diocesi
725 3771 889 3852 diruisse
898 3774 949 3850 sit
962 3772 1042 3852 diei
1056 3775 1179 3852 tercie
1194 3800 1342 3854 mensa.
1386 3774 1445 3850 De
1459 3770 1623 3850 duobus
1635 3786 1770 3850 autem
1783 3771 1932 3853 diebus
1947 3770 2076 3852 habeat
2103 3851 2107 3877 ἢ

299 3885 511 3990 opcionem
539 3882 819 3964 sacerdcsffuel
846 3881 1041 3962 redimere
1070 3887 1400 3991 procuracionem
1430 3911 1521 3963 cum
1564 3884 1724 3962 marcha
1767 3885 1931 3991 argenti
1960 3888 1997 3960 8<
2022 3879 2072 3963 di·
2106 3882 2115 3926 '¹‘

186 4036 190 4042 ·
299 3992 422 4074 midia
449 4000 501 4074 dr.
528 3995 668 4074 Illlzor
696 3995 871 4073 metretis
899 3993 1025 4072 mellis
1054 3993 1118 4073 uel
1142 4021 1243 4072 cum.
1286 3993 1374 4072 XX.
1404 4010 1570 4072 tantum
1585 3993 1835 4101 equitaturis,
1858 3996 2077 4102 episcopum

300 4132 531 4212 procurare.
574 4107 678 4184 Jtem
705 4106 915 4185 statuimus
945 4120 991 4182 ut
1019 4106 1052 4184 si
1082 4106 1296 4212 contigerit
1324 4107 1560 4212 episcopum
1590 4102 1793 4182 celebrare
1834 4105 1900 4184 uel
1937 4101 2077 4182 missam

300 4215 440 4296 audire
467 4219 511 4295 in
543 4216 723 4296 ccclesia
736 4214 957 4324 parochiali
998 4216 1041 4294 in
1077 4215 1141 4294 die
1170 4217 1366 4322 solempni
1395 4213 1560 4324 quando
1593 4213 1695 4293 solet
1722 4214 1902 4322 populus
1927 4231 2078 4324 genera·

297 4323 393 4405 liter
436 4325 586 4406 offerre
627 4326 846 4424 secundum
889 4325 1218 4405 consuetudinem
1261 4327 1445 4432 regionis.
1476 4328 1532 4404 sie
1569 4322 1828 4404 ,offertorium
1871 4325 2078 4409 diuidatur,

288 4449 347 4510 .ut
401 4437 514 4545 quod
555 4436 680 4517 offert
725 4440 949 4544 Episcopus
991 4435 1056 4514 uel
1100 4435 1167 4512 alii
1211 4439 1281 4544 qui
1324 4465 1415 4515 cum
1465 4463 1514 4515 eo
1554 4435 1620 4514 uel
1663 4451 1837 4544 propter·
1874 4465 1969 4515 eum
2022 4459 2080 4511 ue-

300 4563 467 4643 nerunt,
509 4547 686 4628 habeant
741 4547 936 4655 capellani
985 4544 1176 4626 eiusdem.
1244 4543 1368 4645 Quod
1415 4561 1549 4625 autern
1611 4548 1846 4654 parochiani
1898 4547 2080 4633 offerunt,

300 4654 356 4735 sit
381 4652 538 4764 integre
577 4655 813 4740 sacerdotia.⁴
848 4659 881 4736 si
909 4683 1010 4736 uero
1037 4655 1250 4762 contigerit
1279 4654 1464 4736 interdici
1492 4657 1698 4738 ecclesiam
1725 4686 1801 4766 pro
1832 4659 2000 4738 alicuius
2024 4653 2080 4733 de·

301 4764 420 4859 licto,
447 4793 524 4874 pro
551 4795 635 4876 quo
662 4770 874 4878 episcopus
902 4794 1047 4875 penam
1075 4765 1348 4877 pecuniariam
1386 4768 1598 4874 acceperit,
1617 4771 1660 4848 in
1690 4783 1848 4848 tantum
1878 4766 2082 4848 satisfaciat

302 4875 517 4984 episcopus
543 4879 753 4980 sacerdoti,
782 4881 824 4960 in
852 4893 1057 4988 quantum
1078 4876 1635 4986 dampnificatusappuruerit
1654 4907 1704 4960 ex
1718 4879 1951 4960 huiusmodi
1972 4881 2080 4957 inter

304 4983 426 5069 dicto,
452 4987 507 5068 Et
531 4986 605 5066 hec
631 4994 763 5072 omnia
790 4989 907 5072 bonis
935 4986 1209 5070 sacerdotibus
1237 5005 1331 5069 sunt
1362 5016 1558 5072 concessa.
1591 4992 1669 5072 Pro
1697 4991 1911 5072 immundis
1960 5005 2081 5082 autem
