4384 5946
285 685 430 768 affectu
460 683 647 777 zelantes,
677 681 728 760 ab
757 679 932 775 adversis
961 681 1055 761 hinc
1083 680 1177 783 inde
1205 681 1388 791 partibus
1415 679 1540 759 tutiu's
1554 678 1786 757 muniamus.
1818 675 1895 756 1Εῐ
1908 673 2064 784 quiete,

284 797 508 879 charissime
542 793 597 871 fili
625 793 812 898 Ansgari,
837 789 977 874 divina
1006 793 1212 872 clementia
1239 819 1346 872 nova
1372 792 1414 870 in
1443 787 1534 870 sede
1562 790 1736 896 primum
1763 769 1959 893 disposuit
1984 813 2063 868 esse
2101 815 2104 823 ’

283 903 658 1012 Archiepi'scopum,
689 929 843 1009 nosque
871 902 1035 1008 pallium
1064 905 1157 998 tibi,
1186 903 1236 984 ad
1265 895 1472 982 missarum
1493 902 1671 981 solennia
1699 896 1968 993 celebrandra,
1995 899 2064 978 tri·
2106 923 2111 934 ·

284 1019 460 1109 buimus,
489 1014 601 1122 quod
630 1013 703 1092 tihi
731 1013 773 1089 in
803 1011 942 1091 diebus
970 1016 1066 1109 tuis,
1095 1016 1155 1094 uti
1183 1021 1222 1094 &
1250 1013 1437 1093 Ecclesiae
1452 1031 1532 1093 tuae
1546 1027 1742 1120 perpetuo
1758 1025 1861 1089 statu
1876 1011 2065 1089 manenti-⁵
2104 1017 2108 1029 '

287 1128 363 1211 bus
391 1125 622 1234 privilegiis
651 1123 710 1200 uti
740 1121 942 1229 largimur,
998 1125 1154 1205 Idcirco
1183 1122 1232 1236 93)
1261 1123 1380 1230 huj-us
1408 1123 1629 1204 indumenti
1643 1123 1775 1201 honor
1790 1145 1946 1199 morum
1960 1121 2064 1199 viva·
2101 1209 2109 1229 ἱ

286 1240 404 1318 citata
440 1235 473 1344 *)
509 1231 727 1314 servandus
755 1250 824 1311 est.
882 1234 924 1312 Si
941 1260 1038 1342 ergo
1067 1253 1246 1344 pastores
1274 1238 1431 1332 ovium,
1460 1235 1543 1314 sole
1568 1234 1743 1340 geluque
1771 1257 1849 1338 pro
1864 1231 1994 1334 gregis
2008 1231 2065 1310 sui

284 1346 487 1443 custodia,
517 1373 567 1424 ne
596 1371 676 1453 qua
705 1371 753 1423 en
783 1345 838 1424 eis
867 1363 936 1424 aut
964 1347 1136 1428 errando
1164 1366 1341 1455 pereat,
1362 1363 1430 1427 aut
1471 1345 1607 1424 ferinis
1649 1341 1833 1445 lanienda
1873 1339 2067 1421 morsibus

281 1461 461 1566 rapiatur
488 1456 548 1568 94),
578 1455 703 1536 oculis
732 1482 886 1562 semper
915 1457 1171 1561 vigilantibus
1200 1461 1555 1564 circumspectans,
1575 1472 1727 1564 quanto
1739 1451 1886 1533 sudore
1901 1451 2093 1560 quanta-'J

315 1595 365 1649 ue
394 1597 489 1649 cura
518 1567 729 1647 debeamus
758 1563 840 1645 esse
869 1569 1081 1674 pervigiles
1108 1597 1201 1664 nos,
1217 1571 1481 1676 quiPastores
1499 1571 1719 1648 animarum
1741 1564 1929 1656 dicimur,
1944 1579 2090 1668 atten-¹

283 1599 499 1776 damus&
531 1706 580 1756 ne
608 1697 833 1784 susceptum
864 1677 1038 1757 officium
1068 1683 1110 1759 in
1139 1683 1307 1760 terrenis
1337 1679 1506 1785 negotiis
1536 1673 1741 1786 aliquanto
1770 1669 1973 1783 implicare
2000 1672 2072 1753 dc·⁴
2168 1693 2170 1696 ’

281 1792 377 1872 beas
412 1787 745 1899 ⁹⁵)admonemns.
804 1789 895 1867 Vita
922 1790 1057 1897 itaque
1086 1810 1154 1871 tua
1182 1792 1377 1870 filiis-tuis
1405 1793 1457 1870 sit
1484 1792 1566 1886 via,
1595 1791 1637 1868 in
1665 1787 1769 1895 ipsa,
1798 1786 1832 1865 si
1860 1784 2067 1892 qua'torti·

284 1899 465 2008 sudor)
494 1901 571 1980 illis
600 1902 711 1994 inest,
742 1900 934 2005 dirigant:
963 1901 1004 1977 in
1033 1929 1095 1998 ea,
1125 1902 1236 2009 quod
1266 1903 1487 1997 imitentur,
1516 1899 1756 2006 adspiciam,
1785 1897 1828 1976 in
1855 1897 1943 2003 ipsa
1970 1897 2066 1976 semi
2109 1907 2111 1912 '
2156 1935 2160 1946 ¹

196 2053 198 2058 ·
282 2005 359 2120 per
386 2010 436 2126 9⁷)
466 2007 780 2105 ¹considerand0,
810 2008 1039 2118 proficiant,
1067 2029 1113 2090 ut
1141 2029 1254 2091 tuum
1283 2025 1376 2119 post
1407 2013 1544 2090 -Deum
1573 2008 1756 2090 videatur
1771 2008 1943 2102 bonum,
1959 2003 2089 2114 quod¹
2169 2053 2170 2112 f

237 2153 243 2172 ¹
281 2123 468 2204 vinerint.
526 2123 607 2201 Cor
636 2148 733 2225 ergo
762 2139 875 2199 tuum
903 2147 1034 2228 neque
1062 2149 1274 2230 prospera,
1304 2149 1384 2231 que
1410 2121 1684 2244 temporaliter
1698 2117 1980 2216 blandiuntur,
2002 2135 2068 2196 exi
2169 2113 2170 2194 ἶ

283 2231 446 2343 tollant,
476 2259 607 2342 neque
636 2229 801 2310 adversa
828 2229 1036 2338 dejiciant:
1063 2233 1287 2314 districtum
1316 2234 1409 2312 mali
1438 2248 1698 2344 cognoscant,
1732 2231 1844 2337 pium
1887 2225 2067 2330 benevoli
2169 2229 2170 2316 ᾖ

171 2367 183 2384 ·
278 2346 468 2441 scotiam,
510 2345 707 2424 insontem
747 2341 855 2450 apud
898 2359 937 2420 te
975 2343 1260 2451 inculpabilem
1304 2345 1458 2424 malitia
1500 2345 1627 2423 aliena
1667 2368 1751 2420 non
1793 2340 1931 2436 faciat,
1958 2364 2067 2419 rcum
2168 2435 2170 2450 Ι

282 2456 412 2563 'giutia
453 2483 537 2534 non
566 2470 748 2550 excuset,
776 2452 907 2533 viduis
936 2479 982 2533 ac
1010 2456 1177 2562 pupillis
1206 2454 1351 2563 injuste
1370 2453 1580 2563 ¹oppressis
1609 2451 1791 2534 defensio
1823 2469 1894 2532 tua
1928 2451 2077 2562 subm-¹
2168 2487 2170 2528 v

282 2566 377 2652 niat.
434 2569 558 2662 Ecce,
587 2564 710 2643 frater
738 2563 983 2658 charissime,
1013 2567 1117 2644 inter
1145 2567 1269 2648 multa
1298 2567 1374 2645 alia
1403 2569 1477 2648 ista
1504 2583 1598 2646 sunt
1625 2561 1850 2656 sacerdotii,
1876 2565 1952 2644 ista
1979 2577 2066 2640 sunt

313 2675 413 2772 allii,
441 2703 522 2785 que
550 2681 583 2756 si
611 2671 786 2754 studiose
815 2676 1051 2769 servaveris,
1081 2675 1193 2783 quod
1222 2677 1319 2757 loris
1348 2669 1544 2781 accepisse
1572 2671 1812 2770 ostenderis,
1829 2675 1937 2754 intus
1951 2671 2067 2752 habe·

275 2705 356 2868 bis.
413 2788 684 2867 Veruntamen
712 2783 762 2895 **)
791 2788 868 2864 ista
896 2787 1029 2864 omnia
1057 2790 1240 2894 superius
1267 2813 1422 2867 annexa
1450 2786 1501 2866 ab
1529 2782 1762 2892 Apostolica
1789 2783 1881 2866 sede
1899 2785 2068 2863 Beatitu·

281 2897 368 2978 dini
396 2917 464 2979 tue
492 2897 649 2978 indulta
678 2923 873 3003 cognosce
900 2894 970 3004 ⁹⁸),
999 2897 1032 2974 si
1061 2924 1084 2975 a
1113 2897 1190 2978 lide
1217 2904 1257 2977 8<
1285 2897 1454 2979 decretis
1482 2915 1616 2977 sancte
1644 2893 1848 2976 Catholice
1884 2899 1926 2973 8<
1961 2894 2069 3001 Apo·
2166 2895 2170 2914 ⁴

279 3009 420 3090 stolice
463 3010 641 3090 Romane
686 3006 860 3087 Ecclesie
895 3008 937 3085 in
965 3008 1076 3089 nullo
1105 3012 1264 3117 penitus
1293 3008 1514 3091 deviaveris
1541 3004 1602 3117 99).
1661 3004 1786 3108 Quod
1814 3005 1847 3085 si
1875 3032 1900 3082 a
1928 3003 2005 3088 lide
2031 3009 2068 3084 &
2167 3073 2168 3076 a

280 3121 475 3200 institutis
504 3139 573 3201 ant
599 3119 870 3201 sanctionibus
900 3133 938 3195 te
966 3135 1078 3198 tanto
1115 3121 1365 3203 sublimitatis
1405 3119 1469 3232 100)
1497 3120 1653 3198 honore
1689 3114 1798 3232 'sedis
1839 3115 2068 3222 Apostolica
2167 3173 2169 3186 .

281 3228 482 3310 declinare
511 3231 685 3313 studiose
714 3230 997 3339 presumseris,
1025 3230 1087 3310 his
1115 3233 1262 3311 nostris
1291 3232 1367 3311 tibi
1398 3231 1552 3314 collatis
1567 3225 1701 3309 careas
1715 3227 1928 3307 beneficiis
1972 3230 2067 3307 Por*

195 3445 198 3452 γ
280 3337 399 3422 rote
427 3343 549 3449 pallio
578 3346 657 3438 uti,
685 3371 769 3423 non
796 3341 872 3420 nisi
901 3368 1011 3421 more
1040 3341 1145 3422 sedis
1173 3341 1428 3422 concedimus
1457 3341 1707 3449 Apostolioe‚
1722 3340 1890 3432 scilicet,
1919 3354 1966 3416 ut
1981 3365 2066 3418 snc-

283 3477 463 3532 ccssores
489 3455 566 3549 tui,
595 3481 669 3560 per
697 3454 930 3559 semetipsos
958 3451 1022 3531 vel
1051 3480 1125 3558 per
1152 3453 1323 3559 Legatos
1351 3481 1445 3534 suos
1473 3459 1513 3532 8(
1539 3452 1733 3558 scriptum
1781 3446 1822 3559 ¹),
1851 3447 1973 3530 iidem
1996 3475 2067 3532 no·

280 3561 438 3657 hiscum
475 3581 626 3661 tencre,
669 3593 714 3643 ac
757 3580 910 3644 sanctas
939 3589 1008 3642 sex
1037 3561 1223 3670 Synodos
1251 3566 1444 3672 recipere,
1473 3582 1593 3672 atque
1622 3559 1780 3641 decreta
1794 3563 1974 3641 omnium
1989 3560 2066 3638 Ro·

150 3675 155 3686 '
281 3699 396 3752 mane
431 3673 535 3755 sedis
563 3674 789 3770 Presulum,
824 3679 863 3755 Sc
890 3675 1095 3781 epistolas,
1124 3701 1204 3785 que
1232 3677 1308 3756 sibi
1333 3675 1465 3757 delata
1493 3673 1660 3768 fuerint,
1688 3671 1975 3751 venerabiliter
1997 3671 2067 3750 ob-

279 3811 438 3865 servare
474 3803 593 3894 atque
628 3787 817 3893 perlicere
866 3784 1052 3864 omnibus
1095 3785 1234 3868 diebus
1271 3787 1354 3865 suis
1380 3791 1531 3896 scripto
1560 3813 1601 3866 se
1629 3789 1668 3862 &
1695 3779 1918 3887 juramento
1947 3780 2067 3892 proli·
2108 3879 2110 3888 ,

272 3911 435 3975 arama·
495 3896 697 4004 Scriptum
726 3925 801 4004 per
835 3923 995 3975 manum
1025 3895 1212 3976 Zacharie
1258 3895 1293 4007 Β)
1319 3895 1474 3977 Notarii
1503 3898 1644 3976 Sancte
1672 3894 1862 3973 Romane
1878 3894 2066 3981 Ecclesie,

282 4005 328 4084 in
355 4033 488 4086 mense
518 4005 641 4114 majo,
671 4007 888 4088 indictione
914 4008 973 4086 VI
1018 4003 1062 4118 ³).
1119 4009 1224 4088 Bene
1252 4007 1388 4088 valete.
1447 4009 1547 4089 Date
1575 4005 1710 4114 pridie
1734 4003 1928 4086 calendas
1962 4001 2067 4083 Junii

281 4143 359 4222 per
385 4145 547 4197 manum
575 4119 728 4198 Tiberii
754 4120 973 4198 Primicerii
1001 4136 1134 4199 sancte
1162 4119 1268 4200 sedis
1294 4119 1525 4228 Apostolice
1546 4177 1551 4182 -
1570 4115 1614 4228 l).

250 4349 255 4376 ¹
363 4360 416 4441 93)
438 4363 621 4440 Quocirca.
665 4363 688 4438 *)
709 4362 959 4432 venerabilitate.
1000 4362 1052 4449 96)
1073 4363 1157 4426 deest
1176 4365 1328 4448 rapiatur.
1371 4362 1424 4448 95)
1447 4365 1625 4428 debeamus
1677 4360 1731 4448 96)
1753 4360 1913 4426 fortitudo.
1964 4363 2017 4444 97)
2036 4377 2069 4418 se

362 4448 493 4536 semper.
534 4445 573 4520 **)
595 4447 663 4542 lta.¹
692 4444 784 4544 98an
825 4467 908 4544 osce..
944 4448 1002 4531 99)
1026 4449 1173 4524 declines,
1219 4452 1289 4524 roo)
1307 4447 1500 4512 sublimanti.
1547 4447 1842 4528 r)deestscriptum.
1866 4449 1895 4524 a)
1934 4443 2066 4506 'Zacha·
2150 4435 2155 4455 ‘

364 4544 413 4584 rre
435 4529 565 4624 Notas-11,
588 4528 764 4624 Regionarn
842 4529 1013 4591 Scriniarii.
1054 4531 1084 4608 3)
1116 4532 1192 4592 alias
1224 4533 1281 4592 xl.
1303 4533 1372 4593 ΧΠ.
1396 4529 1453 4592 sed
1471 4534 1516 4591 ita
1537 4532 1664 4610 corrigit
1696 4530 1872 4590 Lantbecius
1892 4528 1939 4591 ΙΙ.
1973 4523 2068 4588 MSS.

361 4603 632 4770 ltbltlfdssl·
646 4609 1554 4778 ,drttttlt‚ltttttlfilttdttttallttt
1575 4637 1595 4676 ⁸
1613 4614 1682 4678 ¹³⁰⁰
1701 4623 1846 4678 ΨΜ
1873 4632 1986 4702 m⁸⁸⁰⁰
2006 4610 2071 4737 ³⁸²?
2167 4617 2168 4624 Ν
