4362 5946
977 517 1033 538 -
1144 469 1223 556 aas
1334 423 1515 537 -”’

295 668 427 818 322.¹
639 747 673 794 ι
917 705 1064 828 1245
1112 701 1160 806 d.
1209 741 1278 844 27
1328 702 1464 806 Juul.
1569 725 1616 841 J
1885 689 2066 848 ‘Lyon

372 927 463 992 Pifv.
485 925 679 988 ltnocmnts
702 915 773 983 ths
793 919 1036 982 Tillstrlndsbres
1052 923 1102 982 stu·
1122 923 1277 983 allmiinna
1299 921 1539 1007 Styresmaunen
1560 867 1621 980 oclr
1648 919 1813 981 Pn'orerne
1836 919 1872 978 af
1889 917 2070 980 Predikare·

397 1039 398 1044 ¹
424 1008 599 1085 Briiderne,
620 1015 666 1067 att
686 1004 757 1066 suin
777 1004 912 1086 lyr-kaus
932 1003 1016 1065 bann
1037 1004 1103 1066 ldsa
1134 1002 1195 1066 och
1219 1004 1318 1066 bland
1349 1007 1393 1088 sig
1424 1015 1561 1100 upptcga
1591 1003 1754 1086 bunnlyste
1775 1019 1938 1092 personet,
1969 1001 2076 1065 hulla

330 1089 335 1101 ’
423 1090 559 1156 iiuskade
580 1091 656 1164 atti
676 1086 778 1150 deuna
797 1087 905 1174 Orden
925 1085 1057 1150 intralda.
1756 1167 1783 1221 A
1854 1165 1877 1219 d*
1901 1165 1922 1219 3,
1989 1142 1993 1150 -

397 1187 400 1196 ,
660 1179 662 1186 ·
1784 1181 1835 1221 .ι.
1874 1203 1881 1219 .
1921 1182 1944 1219 ι.

457 1275 723 1355 Jnnoctnrttts
752 1271 965 1380 episcopus
994 1296 1133 1349 seruus
1162 1295 1373 1350 seruorum
1397 1269 1473 1353 dei'.
1503 1267 1776 1376 Dilecti'slilijs
1806 1329 1816 1348 .
1845 1329 1854 1348 .
1884 1267 2076 1376 Magistro·

195 1475 197 1484 ,
299 1403 342 1470 et
367 1445 379 1468 .
404 1445 415 1468 .
442 1383 650 1464 Prioribus
679 1380 833 1461 ordinis
862 1379 1034 1490 fratrum
1063 1378 1381 1478 Predicatorum,
1412 1380 1589 1464 Salutem
1618 1398 1659 1462 et
1673 1379 1933 1491 apostolicam
1949 1380 2066 1459 hene-

291 1493 521 1588 dictionem.
578 1493 744 1572 Celestis
772 1518 884 1571 amor
913 1491 1040 1600 patrie
1068 1507 1219 1571 mentes
1249 1510 1402 1572 uestras
1444 1493 1500 1573 sie
1529 1492 1709 1573 allexisse
1739 1491 1996 1598 perspicitur,
2025 1506 2067 1570 ut

289 1609 407 1721 quasi
434 1605 512 1688 hoc
540 1602 671 1682 solum
699 1601 1003 1683 delectationem
1031 1600 1150 1681 uobis
1177 1603 1333 1683 tribuat
1361 1603 1473 1715 quod
1502 1604 1641 1685 diuine
1670 1601 1870 1684 uoluntati
1897 1603 1949 1679 sit
1985 1598 2067 1706 pla·

198 1757 199 1760 ¹
282 1717 429 1820 citum
443 1732 485 1820 et
512 1711 677 1795 salutem
704 1712 894 1826 proferat·
914 1715 1147 1793 animarum.
1207 1714 1393 1796 Procedit
1420 1742 1471 1795 ex
1499 1715 1578 1795 hoc
1606 1713 1717 1826 quod
1746 1739 1822 1793 nos
1835 1714 1979 1792 uestris
1994 1709 2069 1818 pijs

320 1815 555 1910 etltionibus
583 1823 763 1905 fauorem
793 1824 932 1931 largiri
960 1823 1197 1903 beniuolum
1226 1823 1467 1906 delectantes
1497 1823 1667 1905 maxime
1695 1852 1787 1904 cum
1816 1851 1865 1903 ex
1908 1837 2068 1930 aposto·

287 1856 359 2022 lici
385 1945 483 2022 cura
511 1953 717 2016 teneamur
746 1933 872 2042 officij
901 1935 1007 2014 circa
1035 1934 1241 2043 religionis
1270 1954 1547 2044 augmentumv
1563 1935 1708 2042 attentj
1742 1953 1784 2016 et
1825 1934 1968 2042 uigiles
2011 1934 2067 2011 in·

287 2048 434 2146 ueniri,
462 2046 596 2158 uobis
613 2045 852 2127 auctoritate
880 2047 1126 2152 presentium
1152 2043 1407 2154 indulgemus
1436 2065 1481 2126 ut
1509 2046 1739 2128 uolentibus
1766 2061 1903 2126 uestro
1932 2069 2067 2153 aggre-

288 2160 377 2269 gari
411 2157 583 2265 collegio
623 2157 697 2267 qui
725 2157 997 2265 suspensionis
1026 2172 1104 2258 aut
1131 2154 1335 2246 interdicti
1378 2159 1443 2237 uel
1485 2157 1944 2238 excommunicationum
1986 2179 2070 2234 sen³

288 2269 427 2380 tentijs
454 2284 550 2349 sunt
579 2266 705 2376 ligati,
734 2268 996 2348 absolutionis
1026 2268 1263 2349 beneficium
1290 2269 1401 2347 iuxta
1429 2267 1599 2348 formam
1628 2267 1791 2347 ecclesie
1806 2263 2018 2377 impertiri,
2033 2280 2076 2344 et'

261 2401 264 2409 “
287 2381 398 2491 ipsos
425 2383 470 2459 ilr
498 2379 644 2458 fratres
672 2378 861 2488 reciperet
890 2407 935 2458 ac
964 2405 1031 2457 eos
1060 2378 1131 2490 qui
1161 2395 1252 2488 post
1280 2397 1535 2489 assumptum,
1553 2378 1735 2459 habitum
1757 2379 2003 2459 recoluerint
2030 2403 2068 2454 se

187 2561 190 2569 .
285 2489 437 2578 talibus
462 2491 507 2568 in
535 2489 672 2570 seculo
699 2487 820 2569 fuisse
848 2487 1057 2594 sententijs
1086 2490 1319 2588 innodatos,
1348 2489 1569 2570 secundum
1598 2487 1766 2568 formam
1796 2489 1925 2597 ipsam
1940 2485 2069 2569 absol·

208 2680 215 2696 ,
285 2629 382 2690 ,uere
409 2597 588 2684 ualeatis.
627 2603 690 2679 Jta
719 2619 851 2681 tamen
878 2598 990 2708 quod
1019 2599 1052 2677 si
1065 2600 1198 2711 ‘aliqui
1228 2631 1278 2682 ex
1305 2600 1450 2683 eisdem
1473 2597 1711 2680 *huiusmodi
1739 2599 1947 2707 sententijs
1976 2625 2069 2706 pro·

285 2727 379 2824 pter
407 2710 586 2792 debitum
614 2725 710 2791 sunt
746 2711 899 2790 astricti
940 2707 1187 2790 satisfaciant
1234 2727 1282 2790 ut
1324 2727 1514 2790 tenentur
1550 2711 1663 2790 Nulli
1692 2737 1790 2818 ergo
1818 2717 1890 2790 &c
1935 2725 2082 2790 nostre

286 2823 554 2909 concessionis
586 2828 659 2902 &c
688 2823 835 2901 Datum
864 2819 1057 2928 Lugduni
1086 2821 1228 2902 VKal.
1243 2820 1353 2930 Julij.
1370 2821 1629 2902 Pontificatus
1643 2823 1773 2905 nostri
1786 2825 1906 2902 Anno
1919 2819 2071 2900 Tertio.

759 2959 926 3044 Blybullan
947 2959 1063 3042 httnger
1083 2963 1094 3022 i
1115 2961 1192 3024 nida
1217 2961 1278 3024 och
1298 2962 1371 3044 gula
1383 2960 1595 3030 'silletuldan

289 3195 421 3306 823.
905 3183 1063 3323 12'45‘
1102 3195 1151 3301 dss
1201 3233 1271 3338 27
1321 3197 1458 3301 Juui.
1904 3199 2074 3344 Lyon.

363 3380 454 3446 Ptfv.
474 3381 669 3444 luxocxxxrus
691 3379 761 3442 lvts
782 3378 1045 3442 Tiltsunds-Bret
1059 3383 1109 3443 liir
1130 3381 1286 3444 allmssa'nna
1307 3381 1544 3464 Styx-esmanneu
1555 3379 1615 3442 och
1636 3381 1999 3464 preditam-nudem,
2026 3397 2076 3448 att

413 3465 480 3526 fn'n
499 3462 668 3549 uppehdlla
689 3463 734 3544 sig
754 3461 773 3522 d
794 3461 955 3546 bannlyste
975 3485 1135 3549 personers
1154 3464 1349 3546 egendomar.

1709 3544 1933 3602 'Anda

390 3731 392 3736 ,
446 3644 715 3728 Jnrtocsntws
735 3647 948 3754 episcopus
963 3675 1102 3730 seruus
1117 3675 1326 3728 seruorum
1344 3646 1409 3727 dei
1439 3649 1603 3751 Dilectis
1625 3647 1717 3754 filijs
1740 3709 1749 3727 .
1772 3709 1781 3729 .
1803 3647 1998 3755 Magistro
2030 3655 2075 3732 Sc

82 3793 89 3800 ·
177 3857 185 3868 .
280 3759 490 3840 Vniuersis
517 3753 711 3835 fratribus
739 3756 890 3836 ordinis
920 3756 1091 3838 fratrum
1120 3759 1419 3867 predicatorum
1436 3777 1641 3868 presentes
1656 3758 1809 3840 litteras
1824 3759 2075 3866 inspecturis

280 3868 462 3952 Salutem
490 3871 531 3946 ἃ
557 3866 818 3973 apostolicam
833 3867 1164 3949 benedictionem.
1195 3869 1322 3948 ¹Uobis
1336 3888 1553 3950 extremam
1575 3869 1820 3978 patientibus
1836 3896 1911 3977 pro
1927 3871 2077 3953 christi

279 3982 441 4063 nomine
469 3990 759 4088 paupertatem,
789 3976 908 4085 digne
935 3979 1169 4061 conceditur
1198 3979 1249 4058 ah
1279 3979 1499 4087 apostolice
1528 3980 1631 4060 sedis
1660 3981 1789 4087 gratia
1811 4009 1884 4088 per
1899 3979 2015 4092 quod
2032 3989 2078 4063 &

244 4159 247 4164 f
280 4091 503 4173 necessitati
531 4104 664 4168 uestre
697 4090 923 4168 consulitur
952 4095 991 4168 8c
1020 4090 1344 4170 henefixctoribus
1372 4093 1514 4172 uestris
1542 4091 1681 4171 salutis
1702 4093 1887 4171 meritum
1915 4122 2080 4200 procu-

277 4218 405 4284 ratur.
434 4202 540 4280 Hinc
569 4198 768 4308 estquod
796 4228 869 4280 nos
899 4229 1071 4308 quorum
1099 4200 1280 4308 deposcit
1309 4200 1483 4282 officium
1513 4204 1627 4283 iustis
1644 4229 1825 4282 annuere
1854 4202 2081 4314 desideriis

163 4343 173 4364 ¹
279 4312 536 4406 deuotorum‚
564 4327 698 4391 uestre
727 4311 915 4420 precibus
943 4313 1175 4392 humilitatis
1204 4311 1361 4393 inducti
1392 4330 1435 4393 ut
1462 4339 1537 4392 nos
1567 4314 1637 4422 qui
1666 4313 1956 4416 exhortationis
2003 4321 2081 4425 pie

278 4422 415 4503 studio
443 4421 572 4502 bonos
595 4420 649 4502 ad
677 4424 835 4529 potiora
866 4424 1036 4532 dirigitis
1065 4429 1104 4502 &
1132 4440 1309 4503 errantes
1336 4425 1379 4502 in
1408 4425 1658 4516 rectitudinis
1673 4425 1854 4505 semitam
1882 4425 2083 4512 laudabi-

281 4529 372 4611 liter
400 4535 599 4615 reuocatis
626 4533 670 4611 in
697 4537 1131 4616 excommunicatorum
1159 4533 1276 4611 terris
1314 4533 1438 4613 libere
1467 4536 1717 4614 commorari.
1747 4541 1785 4613 8<
1813 4535 1864 4614 ab
1880 4537 2086 4639 eis'tunc‚

279 4669 327 4723 ac
355 4645 476 4724 etiam
503 4643 671 4752 quando
701 4671 774 4723 uos
802 4673 876 4754 per
904 4647 1009 4752 ipsas
1037 4642 1216 4742 transire!
1237 4645 1457 4752 contingit,
1486 4647 1707 4728 necessaria
1734 4647 1818 4728 uite
1833 4645 2087 4755 deposcere.

279 4779 325 4834 ao
353 4755 532 4859 recipere
547 4753 722 4836 ualeatis.
750 4757 867 4844 uobis
883 4757 1122 4836 auctoritate
1138 4754 1383 4861 presentium
1406 4756 1659 4838 concedimus
1679 4754 1919 4839 facultatem.
1950 4761 2089 4844 Nulli

280 4890 380 4972 ergo
407 4867 482 4964 βω.
509 4883 642 4946 nostre
680 4867 946 4947 concessionis
975 4871 1048 4946 &o
1106 4867 1256 4945 Datum
1281 4864 1472 4974 Lugduni
1500 4867 1643 4950 V‘lxal.
1671 4867 1771 4976 Julij
1788 4869 2090 4954 'Pontificatus

279 4973 410 5084 nostrj
437 4979 559 5056 Anno
586 4975 737 5062 Tertio.
1704 4973 1706 4977 ’
1795 4967 1799 4980 ’

750 5074 923 5209 Blybullan
936 5118 1054 5205 httnger
1073 5119 1085 5184 i
1105 5117 1183 5186 idda
1202 5063 1264 5185 och
1289 5119 1362 5204 gula
1382 5115 1584 5185 silkexrtdar.
