4370 5950
792 531 850 556 -·
965 515 1056 602 ιιι,
1152 549 1205 571 .-

121 709 203 790 loco
228 722 451 816 parcentes,
480 730 556 785 nec
584 702 713 784 beatae
740 705 919 814 Virgini,
948 705 1085 815 alijsve
1114 707 1279 802 sanctis,
1308 707 1380 816 qui
1415 705 1472 786 ibi
1492 704 1785 815 requiescunt,
1827 730 1896 785 ve·

120 818 330 900 nerantiam
357 812 604 896 exhibentes.
635 813 818 897 Tandem
847 844 921 925 per
949 818 1025 897 Dei
1053 818 1223 926 gratiam
1243 811 1546 896 barbaries-illa
1568 817 1749 927 antiqua,
1777 813 1897 923 Chri7

118 932 237 1011 stiana
265 923 569 1007 mansuetudine
598 927 778 1036 mitigata
807 944 883 1024 est,
912 935 953 1012 8(
981 944 1154 1026 mutata,
1182 933 1223 1011 8(
1249 926 1564 1035 septentrionale
1594 926 1721 1035 frigus
1758 925 1897 1006 calore

87 1041 90 1046 ’
118 1039 202 1122 fidei
229 1037 505 1148 liquefactum,
535 1037 690 1118 reiectis
712 1037 830 1118 idolis
858 1055 1080 1120 creatorem
1108 1066 1223 1120 suum
1253 1040 1503 1146 recognouit‚
1532 1053 1771 1148 partemque
1801 1036 1897 1118 Gal·

116 1151 267 1244 liarum,
296 1175 386 1257 quae
414 1176 438 1226 a
465 1148 752 1255 septentrionis
778 1152 943 1230 nomine
973 1151 1222 1231 Normannia
1238 1147 1405 1244 dicitur,
1434 1149 1563 1227 Nores
1578 1153 1616 1228 8(
1633 1149 1738 1226 Dani
1765 1149 1899 1239 renati

116 1263 156 1341 in
188 1259 347 1339 Christo
375 1258 453 1339 sibi
481 1263 520 1338 8(
548 1260 720 1368 posteris
749 1259 830 1340 suis
859 1262 1047 1358 retinent,
1076 1260 1306 1341 inhabitant
1335 1265 1374 1339 8(
1402 1258 1552 1338 colunt.
1588 1259 1637 1337 In
1666 1258 1734 1337 illa
1761 1285 1900 1366 perse·

115 1371 266 1452 cutione
294 1371 468 1477 parietes
496 1369 685 1450 Ecclesiae
712 1386 859 1452 nostrae
886 1371 1087 1452 combusti
1116 1378 1154 1452 8(
1183 1370 1304 1466 exesi,
1340 1384 1539 1449 vetustate
1582 1370 1704 1448 nimia
1740 1373 1779 1447 8(
1807 1395 1898 1450 cor-

114 1483 291 1589 ruptione
334 1480 541 1560 minantur
583 1483 761 1576 ruinam,
795 1486 834 1562 8(
861 1483 1065 1590 suspirant
1094 1481 1229 1562 fulciri
1256 1478 1547 1574 sustentaculo,
1585 1486 1624 1559 8(
1652 1477 1898 1586 operiuntur

81 1636 85 1644 ·
115 1591 253 1699 operiri
290 1605 411 1672 tecto.
474 1591 716 1698 Comparate
751 1610 810 1676 est
844 1592 1045 1701 lignorum
1074 1593 1265 1673 maceries
1294 1588 1606 1699 superponenda
1636 1586 1797 1671 refectis
1825 1593 1899 1698 pa·

113 1704 280 1798 rictibus,
317 1700 549 1780 &laminis
613 1701 782 1781 lumbeis
817 1703 1096 1812 supponenda.
1155 1705 1371 1810 Speremus
1403 1703 1447 1780 in
1477 1703 1670 1796 Domino,
1700 1702 1796 1810 quia
1825 1702 1899 1811 qui

114 1813 227 1920 coepit
267 1812 450 1920 perficiet
492 1729 784 1920 solidbbitque,
826 1819 866 1894 8(
899 1830 1081 1922 sumptus
1124 1810 1358 1922 prouidcbit
1386 1813 1649 1906 necessarios,
1687 1812 1760 1920 qui
1789 1838 1895 1891 nun·

110 1951 221 2032 quam
248 1921 497 2031 derelinquit
524 1922 568 2002 in
595 1948 636 2001 se
666 1939 872 2029 sperantes
885 1926 888 1934 ’
901 1951 1040 2005 seruos
1068 1953 1173 2007 suos.
1229 1925 1283 2003 Et
1310 1922 1500 2033 quoniam
1530 1923 1574 2002 in
1602 1939 1718 2002 tanto
1756 1948 1899 2030 opere,
1946 1947 1963 1976 ·

110 2034 187 2113 siue
211 2061 355 2129 onere,
384 2033 528 2140 stipem
562 2029 788 2114 mendicare
824 2034 1103 2141 compellimur
1140 2035 1331 2130 alienam,
1366 2034 1611 2114 recurrimus
1639 2033 1690 2116 ad
1720 2032 1899 2113 liberali·

110 2158 221 2224 tatem
247 2158 441 2248 vestram,
468 2159 514 2223 vt
542 2143 615 2253 qui
643 2141 863 2253 aliquando
891 2147 1115 2226 Romanum
1144 2144 1408 2228 consueuistis
1437 2172 1569 2252 emere
1597 2144 1822 2253 plumbum,
1852 2144 1897 2224 in

109 2253 319 2335 coemendo
362 2252 530 2361 plumbo
578 2251 750 2361 Anglico
779 2261 819 2336 8(
853 2256 1094 2338 beneuolum
1137 2256 1325 2366 aperiatis
1367 2255 1563 2353 animum,
1608 2254 1898 2337 &beneficam

107 2363 214 2444 nobis
240 2362 470 2446 extendatis
513 2391 685 2446 manum.
696 2368 723 2473 ,J
742 2365 821 2447 Illo
863 2366 1033 2475 plumbo
1066 2367 1275 2449 nudantur
1318 2364 1525 2463 Ecclesiae,
1568 2381 1762 2474 teguntur
1805 2367 1895 2446 istc.

106 2475 308 2556 Dissimilis
338 2475 574 2583 negotiatiO,
603 2501 695 2554 eum
724 2476 769 2556 in
796 2477 864 2557 illa
893 2506 998 2588 saepe
1026 2494 1178 2559 mereat
1206 2492 1413 2584 acceptor,
1441 2477 1483 2556 in
1518 2479 1595 2559 ista
1624 2503 1780 2584 semper
1811 2504 1898 2557 me·

105 2602 233 2694 reatur
261 2587 442 2695 largitor.
461 2585 579 2666 :lllud
609 2582 786 2695 litigioso
816 2615 973 2698 semper
1001 2615 1102 2669 auro
1130 2588 1354 2683 redimitur,
1383 2585 1493 2667 istud
1507 2589 1698 2696 religioso
1726 2609 1896 2697 precum

103 2698 232 2806 precio
262 2713 535 2805 comparatur.
564 2695 749 2778 Fratrem
776 2715 963 2781 nostrum
992 2699 1040 2780 G.
1072 2699 1332 2808 praesentium
1358 2697 1531 2778 latorem
1551 2700 1741 2793 misimus,
1760 2700 1842 2808 ¹qui
1856 2704 1896 2780 8(

102 2807 319 2998 plmdenter
347 2808 511 2920 impleat
540 2805 775 2892 mandatum
802 2827 1006 2909 nostrum,
1035 2816 1075 2892 8(
1103 2809 1275 2893 fideliter
1304 2811 1423 2891 nobis
1444 2826 1626 2920 reportet
1656 2808 1920 2910 beneficium¹

136 2946 278 3001 renum.

102 3309 184 3418 88.
573 3321 633 3382 .·
720 3277 723 3286 Α
789 3233 1207 3464 (ηδ-(196.

170 3535 732 3680 Bisk138rmaarsiTournaiBrel'
747 3539 800 3603 till
820 3537 1001 3604 triental.
1024 3541 1197 3605 Αιειιοιιί
1225 3539 1320 3604 Lund
1351 3540 1401 3602 so‘r
1433 3513 1593 3618 Sitones,
1628 3531 1893 3624 brie-Biskopem

220 3639 234 3678 s
316 3639 384 3680 ne.

247 3627 314 3701 Ψ
336 3639 356 3700 g
1398 3739 1433 3792 K.
1452 3739 1480 3794 h.
1501 3752 1527 3793 a:
1546 3739 1606 3806 527.
1629 3753 1675 3792 nto
1697 3739 1757 3790 108.

221 3870 428 3952 Londensi
453 3872 779 3984 Arcdiepr'scopo,
810 3877 980 3956 saltuem
1006 3878 1261 3985 temporalem
1281 3881 1447 3986 pariter
1474 3880 1513 3955 8(
1542 3891 1747 3954 aeternam.

252 4012 399 4094 Foclix
427 4041 552 4122 opera
582 4021 622 4096 8(
651 4015 850 4126 impensa,
880 4021 995 4098 cuius
1024 4019 1290 4099 intentionem
1311 4017 1552 4100 ¹fructuosus
1583 4019 1694 4097 sinus
1722 4012 1892 4121 excipit,

94 4118 337 4204 desiderium
363 4124 539 4234 complet
567 4126 717 4224 exitus,
746 4129 831 4236 spei
860 4127 1007 4210 liducia
1035 4158 1110 4211 nec
1146 4131 1323 4225 tollitur,
1352 4158 1431 4210 nec
1463 4129 1668 4210 mentitur.
1725 4125 1893 4203 Haecin

90 4229 305 4315 Salomone
332 4251 469 4316 vestro
498 4263 593 4317 vere
620 4237 756 4318 verbis
784 4245 824 4320 8(
852 4241 1044 4348 operibus
1072 4240 1241 4350 pacifico
1277 4267 1362 4322 non
1395 4241 1569 4320 inuitum
1603 4264 1675 4317 vos
1719 4234 1897 4313 inuitare

90 4338 260 4443 debent,
291 4363 336 4427 vt
364 4347 476 4456 quod
508 4347 551 4428 in
579 4374 629 4427 eo
657 4347 858 4430 beneuole
888 4351 1085 4460 coepistis,
1115 4351 1293 4432 benefice
1315 4353 1570 4459 compleatis,
1600 4353 1892 4456 prosequentes

33 4529 34 4534 Ν
87 4449 235 4534 bonam
280 4457 437 4538 iuuenis
475 4457 669 4555 indolem,
697 4463 784 4570 ‘qui
817 4463 874 4541 sic
909 4461 1133 4543 litterarum
1163 4459 1311 4568 studijs
1345 4457 1532 4557 intendit,
1561 4473 1658 4540 vta
1692 4455 1893 4536 virtutum

34 4595 35 4602 ¹
86 4565 235 4645 semitis
266 4594 353 4647 non
381 4568 557 4650 recedat.
586 4569 728 4650 Planta
757 4589 818 4651 est
847 4601 938 4683 quae
966 4601 1039 4679 per
1068 4574 1143 4655 Dei
1170 4574 1341 4682 gratiam
1356 4579 1395 4655 8(
1411 4571 1686 4678 irrigationem
1716 4583 1891 4646 vestram
2028 4569 2032 4576 ‘

35 4679 42 4690 '
89 4669 326 4758 foecundam
353 4678 549 4760 coalescet
577 4680 620 4758 in
649 4681 849 4780 arborem,
879 4684 994 4765 cuius
1023 4690 1062 4766 8(
1089 4683 1232 4765 lolium
1247 4684 1327 4765 cito
1355 4710 1440 4763 non
1455 4679 1623 4776 defluet,
1651 4684 1691 4760 8(
1719 4674 1894 4757 fructum

36 4825 39 4904 p
82 4807 198 4869 suum
229 4787 349 4869 dabit
377 4791 419 4871 in
447 4806 628 4899 tempore
657 4818 740 4874 suo.
798 4792 1093 4876 Testimonium
1121 4795 1159 4877 ei
1186 4793 1445 4904 perhibemus
1473 4789 1739 4873 commoranti
1754 4787 1890 4870 nohis-

37 4913 40 5006 ι
84 4920 171 4977 cum
200 4899 249 4977 in
279 4914 431 4998 mente,
460 4903 555 5012 quia
584 4902 629 4982 in
656 4903 808 4986 scholis
838 4905 1039 5005 assiduus,
1066 4905 1260 4988 honestus
1287 4905 1332 4984 in
1359 4903 1557 5014 hospitio,
1581 4930 1658 4986 nec
1672 4897 1831 4983 effusus
1852 4898 1895 4976 in

38 5009 40 5026 '
85 5007 324 5116 superfluis,
352 5037 428 5095 nec
456 5012 501 5095 in
528 5015 763 5124 necessarijs
790 5029 853 5098 est
881 5035 1085 5127 angustus.
1136 5017 1347 5100 Sociorum
1374 5013 1698 5102 beneuolentiam
1726 5011 1785 5097 sic
1811 5035 1894 5093 me·
