4370 5950
948 389 1028 474 ·.·-'-
1131 395 1216 475 <156
1328 451 1384 478 ..-

272 591 638 725 asiiduc,·zlqussru's'
656 612 711 692 in
727 612 805 693 hoc
832 603 1168 724 mundi-vespere
1197 617 1288 724 plus
1310 616 1436 699 :solito
1467 615 1665 732 angimur,
1694 635 1735 698 et
1762 593 2036 728 fortiusquam

271 723 464 811 hactenus
494 737 756 834 'aggravamur
785 723 864 804 illis
899 728 1148 807 committere
1177 731 1281 810 vices
1310 746 1480 823 nostras,
1510 730 1594 837 qui*
1611 756 1701 808 eum
1728 731 1819 810 sint·
1836 731 1878 808 in
1901 746 2039 836 partem

72 916 76 924 .
212 859 410 920 rnostre
436 834 716 918 sollicitudinis
745 835 901 916 evocati
929 837 1122 916 talentum
1151 839 1242 919 sibi.
1257 837 1455 918 creditum
1486 867 1567 920 non
1596 839 1723 946 ligant
1749 840 1790 918 in
1811 839 1967 937 sudario
1981 840 2043 922 sed
2162 857 2164 864 '

273 965 442 1058 erogant
455 947 590 1056 potius
606 947 657 1027 ad
674 974 833 1044 usuras,
846 965 886 1026 et
900 948 943 1026 in
957 976 1218 1056 quorumore
1242 977 1332 1028 non
1361 968 1421 1028 est
1449 951 1618 1032 verbum
1644 951 1807 1029 Domini
1836 949 2042 1057 alligatum,

273 1060 342 1141 sed
362 1051 592 1139 'eructuare
622 1075 775 1140 norunt
803 1058 938 1165 potius
966 1059 1135 1138 verbum
1165 1060 1335 1156 bonum,
1366 1076 1405 1139 et
1435 1055 1485 1138 de
1514 1060 1701 1140 thesauro
1730 1058 1864 1141 cordis
1892 1062 1951 1140 sui
1974 1067 2049 1152 tam,

249 1181 406 1266 'vetera
442 1198 565 1279 quam
600 1197 705 1248 nova
740 1168 933 1276 proferre.
963 1171 1214 1250 nescientia
1243 1172 1366 1276 igitur
1393 1186 1435 1248 et
1471 1169 1709 1250 discretione
1738 1188 1808 1250 tua
1834 1187 1949 1251 tanto
1974 1198 2046 1256 am·

273 1281 381 1390 plius
423 1279 667 1360 confidentes
707 1297 864 1386 quanto
899 1295 993 1389 ‚eam
1029 1278 1278 1375 familiarius,
1321 1297 1361 1360 et
1397 1279 1647 1391 frequentius
1688 1283 1731 1359 in
1760 1282 1896 1360 multis
1923 1309 2048 1361 sumus

274 1409 314 1472 et
343 1392 495 1498 magnis
522 1390 689 1499 experti,
718 1392 795 1470 toti
822 1389 1028 1469 Lundensi
1057 1393 1264 1497 provincie
1293 1391 1401 1472 inte
1430 1389 1623 1471 duximus·
1646 1390 1935 1471 consulendum
1964 1419 2046 1500 pre·

275 1499 377 1584 senti
420 1501 494 1582 tibi
538 1501 685 1609 pagina
727 1499 1001 1609 indulgentes,
1021 1503 1229 1610 quatinus
1271 1502 1508 1581 anctoritate
1539 1505 1636 1580 'non
1683 1517 1766 1580 tam
1809 1517 1899 1598 tua,
1941 1531 2049 1612 quam

274 1628 412 1694 nostra
441 1613 519 1719 ipsi
547 1612 752 1718 provincie
782 1609 960 1691 oflicium
975 1613 1212 1693 visitationis
1238 1611 1457 1718 impendas,
1473 1613 1690 1719 corrigens,
1720 1639 1802 1721 que
1824 1611 2052 1720 corrigenda

239 1723 546 1831 ‘cognoverim'
562 1739 604 1801 et
633 1737 810 1826 statuens
839 1749 920 1831 que
948 1717 1098 1804 videris
1126 1722 1351 1803 statuenda,
1409 1725 1593 1830 Cumque
1622 1751 1740 1802 nemo
1769 1741 1938 1830 cogatur
1979 1724 2049 1803 suis

168 1822 175 1838 ⁸
275 1832 486 1941 stipendiis
514 1831 703 1927 militare,
731 1859 807 1911 nec
837 1861 881 1914 os
910 1834 961 1924 sit
987 1834 1085 1914 bovi
1113 1834 1324 1913 trituranti
1353 1831 1614 1928 claudendus,
1633 1835 1939 1940 procurationes
1960 1837 2050 1913 acci·

275 1947 361 2063 pias
390 1944 616 2024 moderatas
645 1959 684 2021 et
717 1942 909 2023 beneficia
942 1971 1022 2052 que
1058 1960 1174 2023 tanto
1218 1961 1398 2050 tempore
1435 1945 1477 2021 in
1512 1943 1700 2046 Ecclesiis
1742 1943 1925 2050 ejusdem
1966 1973 2051 2050 pro·
2150 1941 2153 1946 ‘

129 2132 137 2143 ,
274 2079 407 2135 rmore
434 2067 577 2134 vacare
607 2053 841 2160 contigerit,
871 2052 983 2163 quod
1000 2053 1065 2136 ad
1093 2082 1168 2134 nos
1196 2049 1722 2135 secundumLateranensia
1737 2071 1887 2136 statuta
1902 2054 2054 2138 concilii

275 2193 417 2247 eorum
436 2162 610 2244 ‘donatio
639 2162 890 2270 devolvatur,
920 2181 1069 2274 etque
1099 2166 1181 2272 jam
1210 2161 1364 2245 tamdiu
1397 2183 1647 2245 vacaverunt
1680 2163 1837 2244 idoneis
1881 2165 2054 2275 personis

275 2277 471 2382 assignes,
500 2275 800 2358 examinaturus
829 2301 965 2354 causas
993 2304 1073 2385 que
1090 2274 1156 2356 »ad
1184 2292 1292 2356 tuam
1335 2272 1577 2354 audientiam
1620 2275 1870 2373 deferentur,
1918 2295 1959 2356 et
1986 2275 2055 2356 fine
2163 2321 2164 2326 Ν

275 2388 471 2468 canonico
500 2383 717 2465 decisurus.
747 2384 789 2464 Si
817 2383 984 2494 quando
1013 2401 1111 2467 v'ero
1141 2407 1164 2465 a
1193 2401 1234 2465 te
1264 2383 1384 2467 fuerit
1405 2383 1651 2494 appellatum
1672 2402 1970 2494 competentem,
1983 2405 2056 2466 ter·

274 2500 427 2578 minum
454 2511 606 2583 statuas
635 2493 873 2602 appellanti,
897 2494 956 2576 ad
983 2519 1104 2604 quem
1120 2497 1197 2577 nisi
1212 2495 1518 2603 appellationem
1534 2498 1815 2603 interpositam
1828 2496 1955 2578 fuerit
1970 2523 2056 2605 pro·
2163 2549 2164 2552 κ

208 2632 210 2638 ·
275 2611 451 2703 secutus,
481 2634 531 2688 ex
559 2625 656 2687 tunc
684 2606 728 2684 in
756 2606 846 2712 ipso
874 2609 1038 2714 negotio
1067 2633 1151 2688 non
1180 2607 1366 2687 obstante
1391 2605 1624 2688 huiusmodi
1666 2607 1942 2717 appellatione
1970 2633 2058 2715 pro·
2163 2623 2164 2638 ¹

138 2725 142 2732 ’
232 2770 239 2796 Ὶι
275 2717 405 2802 cedas.
437 2719 517 2797 Eos
538 2733 679 2796 'autem
709 2717 782 2824 qui
809 2731 980 2824 propter
1009 2717 1242 2823 sacrilegam
1271 2744 1463 2796 manuum
1496 2717 1752 2824 injectionem
1788 2719 1831 2798 in
1869 2745 2057 2798 canonem

134 2907 137 2914 .
274 2829 494 2912 inciderint
527 2827 720 2928 sententie
747 2826 1019 2934 promulgate,
1048 2845 1120 2908 ant
1139 2827 1257 2909 etiam
1273 2824 1521 2925 inciderunt,
1550 2828 1771 2911 secundum
1786 2830 1966 2910 Ecclesie
1983 2828 2058 2910 for-¹

273 2967 379 3021 marn
407 2937 649 3019 auctoritate
677 2954 815 3016 nostra
844 2935 970 3020 fretus
992 2939 1202 3035 absolvas,
1233 2939 1309 3017 nisi
1338 2937 1476 3018 forsan
1504 2966 1644 3020 eorum
1672 2967 1860 3021 excessus
1874 2957 1961 3021 tam
1975 2966 2060 3048 gra·

273 3051 333 3131 vis
361 3046 424 3130 vel
453 3051 626 3128 enormis
653 3047 857 3144 existeret,
886 3065 931 3128 ut
960 3077 1029 3130 eos
1058 3051 1202 3132 merito
1230 3046 1413 3130 crederes
1435 3049 1487 3131 ad
1504 3048 1648 3131 Sedem
1663 3051 1929 3157 apostolicam
1946 3052 2061 3132 desti·
2163 3119 2164 3122 i

142 3253 147 3267 Ι
273 3160 441 3241 nandos.
471 3161 554 3241 Nos
582 3173 716 3238 autem
745 3159 1011 3256 Sententiam,
1041 3187 1162 3270 quam
1189 3158 1489 3244 rationabiliter
1513 3161 1654 3242 tuleris
1677 3161 1720 3239 in
1734 3161 1927 3258 rebelles,
1943 3177 2063 3242 ratam

210 3309 212 3314 ’
273 3270 415 3350 haberi
443 3271 627 3351 volumus
656 3284 697 3348 et
724 3269 968 3378 precipimus
996 3270 1284 3352 inviolabiliter
1326 3271 1543 3354 observari.
1602 3273 1751 3352 Datum
1778 3268 1857 3352 XV
1894 3267 2062 3356 Kalend.

274 3379 483 3488 Februarij
512 3376 648 3490 (Anno
676 3377 800 3489 VIII).
1325 3402 1329 3408 ·
1869 3423 1870 3426 ,
1987 3417 1989 3425 ι

177 3626 206 3712 Ῠ
287 3647 411 3752 131.
642 3610 658 3628 .
935 3649 1084 3754 1206
1131 3649 1497 3756 droMars.
1602 3603 1608 3610 Ι
1910 3653 2067 3802 Rom.

359 3867 451 3931 Ptfv.
480 3867 679 3929 latrocinatos
700 3863 769 3930 lus
791 3863 941 3944 befallnin
983 3868 1034 3930 till
1055 3867 1234 3930 trke-Btst
1259 3870 1270 3928 i
1292 3867 1412 3948 Upsala
1432 3868 1490 3930 ocb
1512 3869 1589 3932 hans
1610 3868 1864 3952 Lyd-Biskopar,
1886 3881 1939 3932 att
1962 3891 2069 3954 &nom

406 3949 543 4032 kyrkans
564 3950 654 4012 malt
674 3950 787 4012 bindra
809 3960 855 4011 ett
876 3949 914 4010 af
960 3969 1061 4032 onuog
1083 3951 1226 4014 Svaasan
1243 3949 1300 4010 bos
1319 3948 1439 4012 Pifven
1461 3952 1599 4014 anmtldt
1619 3952 1717 4029 bruk,
1738 3959 1785 4014 att
1806 3953 1918 4016 Rikets
1941 3954 2072 4037 Lagslii-

285 4067 290 4074 ·
406 4054 498 4117 pare,
518 4031 572 4094 vid
594 4033 650 4094 det
669 4034 751 4094 inlb'r
772 4033 869 4094 folket
890 4032 1008 4112 firligen
1030 4031 1161 4094 skeende
1182 4028 1397 4112 lnngdrendet
1418 4035 1455 4095 af
1471 4035 1541 4116 laga
1565 4035 1738 4118 pltgseder‚
1761 4033 1987 4119 blanddylila
2002 4036 2070 4098 rtk·

405 4126 461 4177 nat
492 4115 545 4178 det
576 4117 667 4197 ingen
698 4115 801 4177 kunde
828 4117 906 4195 giira
933 4124 1135 4176 testamenten
1163 4125 1239 4174 utan
1267 4113 1369 4174 arfvin
1392 4136 1442 4176 ars
1466 4127 1607 4182 ,ntrvaro
1625 4119 1703 4180 eller
1727 4117 1836 4196 bifall,
1856 4131 1945 4184 samt
1967 4129 2017 4182 att
2035 4117 2071 4178 de

407 4199 558 4281 Andelige
579 4197 677 4262 borde
699 4200 747 4259 uti
769 4217 848 4279 egna
861 4197 965 4258 saber
978 4215 1071 4258 svare
1090 4198 1172 4258 inl'or
1194 4194 1346 4278 verldslig
1366 4133 1522 4262 dometol..

519 4395 523 4403 g
1732 4313 1762 4368 B.
1781 4315 1811 4368 δε
1836 4333 1879 4386 ²9·
1899 4315 1938 4385 ⁶)

284 4491 290 4506 ‹
420 4445 709 4529 ⁴Ituvoomvvttts,
748 4444 964 4552 episcopus
1003 4469 1144 4524 seruus
1173 4473 1381 4526 seruorum
1425 4439 1491 4525 dei
1531 4447 1827 4531 venerabilibus
1859 4423 2074 4535 ¹fratribus

108 4593 112 4602 1
151 4594 153 4599 .
277 4549 580 4661 archiepiscopo
608 4555 808 4660 vpsalensi
835 4570 876 4634 et
910 4555 995 4640 eius
1024 4555 1286 4664 suffraganeis
1315 4555 1484 4636 salutem
1513 4575 1554 4640 et
1582 4559 1842 4667 apostolicam
1870 4566 2071 4649 benedic·

359 4725 383 4800 ‘l
414 4724 526 4821 ¹llullan
556 4737 591 4791 tr
611 4728 751 4794 bevarad
772 4733 820 4793 uti
841 4751 879 4793 en
900 4732 937 4792 af
955 4709 1089 4813 Konung
1109 4732 1244 4802 Muenna
1267 4731 1452 4796 Bmosnsson
1472 4733 1503 4795 d.
1532 4754 1570 4796 ro
1590 4737 1675 4798 Mars
1700 4733 1793 4821 1281,
1815 4739 2005 4808 vidimerad
2027 4741 2076 4806 af-
2154 4801 2158 4819 ,

268 4849 272 4854 -
334 4805 466 4883 ⁴skrnt,
498 4808 578 4890 tayo
611 4811 776 4878 bevittned
810 4813 839 4877 d.
873 4813 914 4908 ab
943 4815 1006 4898 Maj
1043 4813 1122 4894 1384
1153 4817 1190 4880 af
1205 4816 1352 4882 Abboten
1375 4819 1385 4879 i
1408 4817 1568 4882 Alwastra
1590 4811 1740 4892 Tanaitis,
