4398 5958
791 363 884 484 -J
961 404 1041 508 ⁵³9
1149 378 1200 484 ς-

103 646 185 724 tom
212 654 328 713 suum
358 623 532 715 Ecclesia
561 621 673 732 apud
701 638 890 713 unastum
930 619 1116 733 predium
1162 620 1309 706 habeat
1351 619 1652 734 sarpradietum.
1689 621 1891 712 Ceterum

104 765 243 822 omnes
277 739 491 846 utriusque
525 761 644 818 sextu
671 734 771 814 mihi
797 732 934 816 seruili
963 733 1205 818 condicione
1228 759 1403 843 prorsus.
1423 739 1605 823 astrictos
1632 729 1675 823 iu
1701 735 1898 828 mnibus

103 849 389 936 mansionibus
405 847 506 930 meis
531 861 613 926 tam
641 845 787 954 legatis
815 873 893 954 pro
933 846 1063 929 anima
1104 871 1193 926 mea
1233 873 1358 956 quam
1383 846 1472 932 aliis
1498 874 1523 928 a
1549 846 1654 954 iugo·
1686 847 1903 946 cercinitis,

102 964 277 1050 eximens
305 974 596 1070 postmortem
624 983 753 1036 meam
781 955 959 1038 asscribe
1002 956 1181 1064 plenarie
1225 955 1416 1044 libertati.
1471 959 1575 1043 Jtcm
1601 951 1756 1052 dilecta·
1775 961 1898 1044 cxori·

102 1099 189 1155 mee
221 1071 352 1180 haelgo
380 1072 541 1152 racione
569 1066 805 1152 donacionis
832 1093 912 1176 que
940 1066 1086 1151 dicitur
1113 1064 1397 1176 hindaerdaghs
1410 1067 1504 1177 gisi.
1534 1067 1782 1156 mansionem
1799 1070 1897 1158 stas·

102 1181 172 1284 bi.
201 1187 241 1262 u
268 1183 448 1291 quinque
481 1176 632 1260 solidos
659 1195 767 1260 terre
794 1178 837 1260 in
865 1177 1010 1286 ingibir
1037 1205 1129 1262 cum
1163 1177 1360 1262 omnibus
1390 1175 1612 1268 eorundem
1653 1181 1902 1272 attinenciia.

103 1297 209 1382 Jtem
237 1319 315 1402 pro
342 1292 464 1378 tercia
493 1305 608 1398 parte
638 1281 848 1370 mobilium
874 1316 957 1399 que
984 1286 1114 1371 eidem
1141 1289 1186 1370 in
1212 1290 1400 1372 omnibus
1428 1289 1547 1375 bonis
1574 1293 1725 1374 nostris
1752 1319 1902 1390 secum
2047 1389 2049 1396 y

104 1403 201 1487 dum
229 1403 335 1512 leges
363 1421 470 1484 terre
498 1396 671 1484 debetur
699 1403 945 1481 mansionem
986 1401 1125 1512 giriste
1154 1398 1427 1484 &dimidiam
1468 1400 1678 1487 marcham.
1713 1418 1821 1498 terre
1849 1407 1901 1494 ia

103 1532 263 1598 rremrn
283 1517 330 1596 ’δι
357 1512 497 1594 Illlzor
524 1510 675 1595 solidos
703 1527 810 1592 terre
841 1511 893 1592 'in-
915 1508 1083 1611 akraebir
1121 1511 1373 1618 integraliter
1414 1540 1506 1594 cum
1542 1510 1737 1597 ommibus
1756 1513 1898 1623 predi».
1956 1547 1961 1556 ·

105 1641 262 1712 ctarmn
296 1624 544 1703 mansionum
573 1628 614 1702 a
643 1621 875 1732 prediorum
903 1623 1132 1704 attinenciis
1160 1621 1328 1714 confero
1348 1626 1499 1730 pariter
1527 1624 1765 1732 &anigno
1797 1629 1895 1720 reti·

103 1734 242 1822 nendo
271 1734 368 1816 mibi
396 1763 480 1844 quo
508 1732 560 1814 ad
588 1733 714 1818 uitam
742 1760 869 1820 meam
889 1737 1068 1840 omnium
1089 1734 1385 1842 premissorum.
1413 1735 1649 1843 prediorum
1662 1733 1895 1831 reddituum

104 1855 146 1931 a
173 1847 343 1928 alliorum
356 1915 358 1920 .
371 1847 575 1926 bonorum
595 1841 820 1926 usufructu.
861 1842 1000 1924 volens
1041 1849 1114 1927 &c
1144 1849 1277 1926 sobam
1300 1843 1382 1935 Nm
1409 1845 1501 1927 615.
1517 1849 1586 1928 call·
1608 1859 1791 1955 pctentes
1819 1837 1894 1929 hu·

103 1957 252 2040 militer
280 1971 327 2037 ut
353 1957 449 2036 huic
478 1955 612 2036 littere
639 1955 683 2034 in
711 1953 831 2034 huius
859 1956 918 2034 rei
946 1957 1217 2036 testimoninm
1245 1953 1378 2061 sigillo
1405 1982 1493 2036 meo
1522 1957 1686 2066 signate.
1719 1957 1895 2066 sigillum

104 2066 260 2151 domini
287 2067 365 2147 mei
393 2067 510 2173 regis.
540 2067 580 2143 u
608 2063 737 2172 sigilla
766 2063 921 2144 domini
954 2065 1246 2173 archiepiscopi
1276 2069 1315 2144 &
1343 2063 1691 2173 suffraganeorum
1732 2071 1838 2151 eius·
1856 2073 1897 2150 8(

1 2254 2 2258 a
104 2177 260 2262 domini
287 2176 377 2274 Phir
406 2173 566 2282 legiferi
590 2175 1321 2286 aliorumquemeorumcognatorum
1349 2193 1619 2285 apponantur.
1650 2179 1899 2286 Datumffls

103 2285 277 2371 sahraerh
304 2313 413 2366 anno
442 2285 595 2367 domini
621 2282 1029 2367 u·.cc·.txx·1x0.·
1047 2271 1126 2368 aa*
1141 2267 1251 2366 teni
1278 2284 1394 2366 ausu
1423 2287 1609 2367 Martiis.
1773 2271 1807 2308 ·²

347 2425 487 2510 sigillent
507 2427 548 2491 dc
567 2427 589 2506 4
608 2427 711 2491 forata
725 2435 780 2489 dra
801 2428 978 2514 Bislopliga
999 2427 1060 2491 och
1081 2428 1120 2492 de
1141 2449 1160 2496 2
1182 2430 1252 2492 aaa
1272 2423 1410 2512 adaugo,
1430 2425 1494 2493 alla
1514 2425 1658 2492 deusde.

110 2789 242 2901 sao.
730 2831 881 2944 1279
928 2775 976 2900 a
1033 2794 1098 2938 1⁸6
1145 2791 1293 2899 rear.
1491 2713 1898 2906 cranam.

117 3047 121 3054 ·
188 3017 390 3096 Lngmannsn
409 3017 420 3076 i
440 3011 555 3077 Nerihe
575 3011 682 3078 Prmrr
701 3011 910 3078 tusum„
932 3013 993 3076 och
1013 3015 1166 3081 Wimoe
1175 3017 1315 3078 uuam
1332 3013 1527 3078 Testamenta
1548 3016 1586 3078 al
1601 3015 1679 3097 gods
1696 3017 1746 3081 till
1767 3016 1897 3098 Stena-

159 3129 163 3142 ·
240 3096 505 3182 niisDomlyrkn
609 3093 613 3102 ’
1082 3159 1094 3168 ,
1472 3163 1477 3172 ,
1553 3177 1756 3250 ΛΜΗ
1836 3153 1840 3162 .

118 3379 121 3385 .
173 3343 177 3358 ’
274 3315 481 3404 Uniuersis
509 3331 593 3398 tam
619 3315 875 3424 presentibus
902 3342 1024 3424 quam
1039 3314 1198 3400 futuris.
1226 3311 1455 3421 Phillippus
1474 3312 1676 3406 Thcrneri
1691 3314 1898 3425 quondam

107 3425 213 3511 lilius
241 3423 373 3509 dictus
401 3422 540 3534 legifer
568 3426 766 3514 Noerichie
794 3431 837 3504 &
863 3425 1081 3532 Wihlogus
1110 3425 1307 3523 Nicholai
1340 3424 1546 3533 quondam
1574 3426 1689 3509 lilius.
1719 3428 1909 3528 Salutem*

107 3539 151 3618 in
179 3536 245 3619 dei
272 3535 356 3616 filio
383 3539 675 3646 sempiternam.
704 3537 767 3618 Ne
795 3563 887 3615 cum
916 3537 1215 3648 racionabiliter
1242 3552 1377 3627 actum
1405 3551 1464 3616 est
1507 3553 1689 3646 proptea
1714 3538 1906 3646 fragilem·

108 3649 317 3731 hominum
346 3651 579 3731 memoriam
607 3647 804 3742 obliuioni
833 3645 954 3726 detur
984 3651 1023 3726 &
1051 3646 1352 3753 calumpniandi
1380 3648 1549 3736 materia
1586 3645 1909 3744 maliciosisada
1971 3639 1976 3648 ⁶

109 3760 371 3846 ministretur.
402 3761 493 3845 Nos·
513 3777 654 3848 tenore
682 3757 933 3863 presencium
947 3775 1028 3838 tam
1043 3757 1299 3865 presentibus
1327 3779 1447 3866 quam
1476 3756 1625 3840 futuris
1641 3759 1807 3868 liquido·
1822 3757 1898 3839 de·

108 3871 307 3952 claramus
334 3868 446 3980 quod
474 3869 528 3950 ad
552 3872 750 3954 honorem
792 3869 1079 3978 omnipotentis
1107 3866 1171 3950 dei
1201 3867 1442 3975 &gloriose
1488 3869 1672 3975 virginis¹
1692 3869 1760 3950 dei
1785 3870 1897 3977 geni·

107 3982 219 4064 tric'u
247 3983 369 4062 marie
400 3986 439 4064 δι
466 3979 678 4064 beatorum
703 3978 982 4092 'apostolorum
1011 3979 1077 4060 dei
1098 3980 1205 4062 Petri
1232 3984 1273 4058 &
1300 3972 1414 4088 Pauli
1441 3979 1483 4058 in
1511 3979 1788 4061 remissionem·
1803 4006 1898 4086 pec·-

108 4105 290 4173 catorum
318 4106 550 4176 nostrorum
579 4107 626 4172 ac
655 4107 867 4200 parentum
895 4090 1129 4174 nostrornm
1157 4118 1205 4170 ex
1241 4087 1410 4172 consilio
1439 4094 1702 4170 &consensu
1732 4085 1895 4171 venerass

109 4201 202 4285 bilis
234 4203 361 4310 patris
389 4199 541 4288 domiui
568 4197 733 4288 Anundi
759 4202 1030 4310 strengncnsis
1058 4200 1249 4310 Episcopi
1278 4200 1385 4280 bona
1414 4197 1691 4312 quadamque
1751 4201 1896 4307 ropriis

108 4311 315 4398 vocabulis
343 4314 612 4422 exprimemus
639 4309 829 4398 duximus
870 4311 1044 4394 ecclesie·
1074 4310 1329 4419 strangnensi
1371 4307 1590 4398 liberaliter
1632 4230 1896 4404 cenlbrendas,

108 4419 297 4511 videlicet
323 4449 397 4506 nos
431 4422 657 4533 Phillippus
684 4420 942 4508 'mansionem
970 4423 1221 4516 sncteberhae
1250 4425 1288 4502 8ι
1317 4421 1562 4506 mansionem
1610 4419 1776 4501 Runder
1803 4447 1897 4502 cum

108 4530 370 4630 molendinis,
399 4536 523 4643 agris,
551 4535 690 4643 pratis,
719 4535 1014 4645 piscacionibus
1042 4540 1082 4614 81
1109 4530 1296 4619 omnibus
1314 4531 1541 4612 attinenciis
1569 4531 1769 4620 dictarum
1784 4559 1898 4614 man·
1947 4535 1954 4550 “

108 4645 267 4726 sianum
295 4660 378 4726 tam
406 4644 623 4735 mobilibus
650 4672 773 4754 quarn
801 4643 1073 4729 im'mobllibus
1101 4639 1333 4752 supradicte
1360 4643 1540 4732 ecclesie
1558 4640 1769 4725 beatorum
1797 4669 1899 4751 apo·

109 4756 306 4838 stolorum
334 4755 442 4834 Petri
469 4758 510 4844 ,δι
536 4754 769 4846 Pauli·iure
796 4757 1057 4866 proprietatis
1091 4750 1358 4862 possidendas·
1379 4756 1423 4833 in
1451 4753 1699 4862 perpetuum·
1719 4755 1895 4862 assigna-

109 4877 219 4950 mus.'
239 4866 325 4948 Nos·
351 4881 484 4948 autem
511 4864 743 4972 Wihlogus
770 4867 1017 4949 mansionem
1044 4883 1225 4954 nostram
1246 4880 1374 4958 sdraer.
1396 4864 1666 4960 &dimidiam
1693 4863 1904 4960 marcham,
1934 4944 1936 4950 s

108 4993 219 5062 terre
244 4979 288 5060 in
315 4995 535 5062 vammum·
563 4971 697 5058 eidem
745 4976 910 5062 ecclesie
944 4973 1208 5075 conferimus,
1234 5001 1327 5063 cum
1355 4974 1545 5068 ominbus
1583 4973 1809 5086 attinenciis
1835 4973 1905 5060 dt
