4368 5950
988 447 1049 482 ..ε
1160 438 1251 522 172·
1345 457 1402 480 .-

306 630 503 724 stuiantes
530 631 617 717 viee
644 619 795 717 Christi
824 661 901 742 pro
930 621 1094 718 Christo
1121 635 1174 716 ab
1197 623 1538 743 archiepiscopis,
1554 652 1594 714 et
1608 623 1835 742 Episcopis,
1852 629 2085 738 Abbatibus,

307 749 350 832 et
372 743 601 840 Prioribus,
630 755 671 827 et
688 751 778 824 ‘tam
805 743 1124 844 Cathedralium,
1154 775 1274 856 quam
1293 745 1325 856 ¹)
1339 744 1678 826 Conventualium
1694 743 1963 823 Ecclesiamm
1978 743 2085 850 Capi·

307 859 422 954 tulis,
451 873 492 936 et
515 856 686 936 Clericis
712 857 938 952 Vniversis,
963 873 1040 936 nec
1070 885 1154 938 non
1182 855 1444 951 Civitatibus,
1459 855 1589 949 Villis,
1620 870 1660 934 et
1675 852 1850 962 Oppidis
1865 868 2087 961 competen-

306 982 389 1049 tem
416 993 628 1048 numerum
653 967 895 1047 bellatorum
916 989 1016 1047 ‘cum
1042 969 1229 1075 expensis
1264 967 1317 1048 ad
1353 966 1573 1046 triennium
1607 964 1838 1044 necessariis
1874 961 2085 1044 secundum

306 1078 495 1188 proprias
522 1077 744 1158 facultates.
775 1079 828 1158 Et
854 1078 888 1157 si
917 1076 970 1161 ad
997 1080 1075 1159 hoc
1104 1102 1243 1174 unum,
1266 1075 1487 1186 quodlicet
1502 1075 1535 1188 ²)
1550 1074 1856 1188 nonsuffecerit
1871 1069 2088 1182 pluracon'·

308 1192 532 1296 iungantur
573 1190 616 1266 in
657 1215 786 1268 unum
815 1189 912 1296 quia
941 1214 1018 1297 pro
1047 1204 1160 1268 certo
1189 1213 1412 1296 speramus,
1440 1185 1552 1294 quod
1582 1197 1756 1294 persone
1792 1213 1877 1266 non
1905 1185 2090 1280 deerunt,

308 1301 343 1380 si
385 1324 560 1404 expense
602 1323 688 1376 non
729 1298 878 1392 desint,
922 1299 1173 1406 postulantes
1221 1297 1300 1377 hoc
1333 1299 1466 1405 ipsum
1502 1295 1730 1404 aRegibus
1757 1312 1799 1375 et
1827 1293 2088 1402 Principibus,

311 1408 558 1503 Comitibus,
586 1423 628 1487 et
656 1409 899 1505 Beronibus,
927 1410 1098 1517 aliisque
1125 1407 1398 1517 magnatibus,
1427 1408 1499 1515 qui
1529 1405 1667 1486 forsan
1695 1433 1770 1513 per
1784 1407 1933 1513 seipsos
1962 1433 2093 1512 perso-

310 1519 456 1598 naliter
483 1545 568 1599 non
595 1520 836 1600 accesserint
863 1519 914 1599 ad
943 1519 1182 1628 obsequium
1208 1516 1422 1615 Crucifixi3
1450 1518 1486 1594 A
1514 1515 1754 1596 Civitatibus
1790 1543 1888 1627 vero
1928 1516 2092 1622 maritti-

291 1629 385 1710 ·mis
414 1627 554 1707 navale
581 1626 802 1709 subsidium
830 1631 1089 1736 postulamus.
1115 1631 1172 1709 ¹Et
1199 1655 1250 1707 ne
1274 1627 1361 1706 aliis
1393 1653 1517 1706 onera
1560 1629 1716 1732 gravia,
1760 1642 1801 1704 et
1829 1626 2100 1732 importabilia

310 1739 518 1846 imponere
544 1735 771 1835 videamur,
800 1767 881 1849 que
908 1738 1037 1846 digito
1065 1756 1205 1846 nostro
1247 1763 1409 1817 movere
1437 1736 1625 1832 nolimus,
1656 1739 1927 1844 protestamur
1948 1738 2094 1815 veraci·

311 1867 373 1932 ter
401 1876 536 1928 coram
568 1849 673 1945 Deo,
701 1849 797 1959 quia
823 1849 937 1960 quod
966 1851 1017 1930 ab
1046 1848 1135 1928 aliis
1177 1849 1372 1954 exigimus
1401 1845 1649 1941 faciendum,
1677 1847 1755 1926 hoc
1806 1847 1882 1954 ipsi
1911 1862 2096 1954 prompto

312 1962 449 2040 animo
476 1956 677 2044 faciemus.
704 1960 870 2040 Clericis
898 1976 1032 2058 autem
1061 1956 1113 2037 ad
1142 1957 1221 2037 hoc
1254 1957 1460 2062 negotium
1497 1957 1729 2038 necessariis
1763 1956 2013 2062 providimus
2039 1957 2097 2034 in·

311 2067 570 2177 dulgendum,
600 2086 647 2148 ut
675 2072 787 2148 omni
815 2068 1107 2149 contraditione
1136 2083 1313 2147 cessante
1342 2065 1629 2148 beneficiorum
1671 2092 1836 2146 suorum
1879 2081 2097 2174 proventus

311 2195 482 2289 propter
510 2177 589 2258 hoe
615 2178 777 2257 valeant
790 2207 918 2288 usque
934 2178 986 2259 ad
1015 2177 1237 2257 triennium
1266 2179 1431 2286 pignori
1460 2175 1651 2285 obligare.
1710 2177 1815 2279 Quia
1846 2204 1944 2257 vero
1973 2175 2097 2256 subsi-

312 2289 425 2372 dium
453 2305 561 2368 terre
591 2289 736 2368 Sancte
769 2289 939 2370 multum
973 2287 1178 2396 impediri,
1217 2287 1281 2366 vel
1317 2286 1515 2367 retardari
1549 2289 1802 2395 contingeret
1837 2289 1889 2378 si,
1907 2305 2002 2367 ante
2036 2315 2097 2366 su·
2178 2295 2179 2304 ’

311 2402 559 2508 scaptionem
586 2401 715 2478 crucis
744 2400 964 2481 examinari
991 2397 1215 2509 quemlibet
1245 2413 1471 2506 oporteret,
1507 2425 1560 2476 an
1591 2407 1694 2478 esset
1728 2394 1896 2477 idoneus
1925 2414 1966 2476 et
1994 2395 2098 2476 sulli-

311 2511 420 2590 oiens
435 2507 488 2589 ad
502 2508 733 2589 huiusmodi
761 2528 901 2590 votum
927 2509 1193 2617 personaliter
1222 2507 1548 2616 prosequendum
1577 2505 1854 2606 concedimus,
1883 2526 1930 2587 ut
1939 2505 2099 2616 regula·

311 2620 425 2701 ribus
453 2621 635 2727 personis
664 2621 842 2726 exceptis
871 2620 1092 2727 suscipiant
1121 2618 1368 2729 quicumque
1395 2617 1601 2698 voluerint
1656 2619 1823 2724 Signum
1856 2617 2018 2712 Crucis,
2047 2620 2101 2697 ita

342 2728 425 2810 nod
454 2755 545 2808 cum
574 2755 722 2835 urgens
749 2731 975 2826 necessitas,
1006 2745 1075 2808 aut
1111 2726 1276 2833 evidens
1311 2727 1465 2809 utilitas
1499 2729 1766 2836 postulaverit
1797 2744 1938 2807 votum
1972 2729 2101 2834 ipsum

312 2759 570 2921 demandato
585 2837 806 2946 apostolico
834 2841 961 2946 possit
989 2839 1241 2935 commutari,
1271 2857 1341 2920 aut
1372 2839 1535 2935 redimi,
1564 2840 1627 2920 vel
1656 2838 1827 2919 differri.
1866 2841 1918 2917 Et
1933 2853 2101 2946 propter

300 2949 484 3030 ¹eandem
512 2974 672 3030 causam
700 2950 1042 3046 remissiones,‘et
1072 2946 1344 3057 indulgentias
1371 2951 1566 3030 hactenus
1593 2978 1616 3028 a
1644 2950 1762 3029 nobis
1784 2975 1993 3029 concessas
2008 2975 2102 3056 pro·

312 3057 548 3139 cedentibus
576 3060 619 3136 in
647 3060 867 3167 Yspaniam
901 3077 1042 3140 contra
1079 3060 1257 3156 Mauros,
1292 3060 1356 3138 vel
1392 3077 1532 3139 contra
1558 3057 1754 3139 hereticos
1779 3061 1824 3137 in
1853 3060 2103 3166 provinciam

313 3193 566 3264 revocamus,
594 3169 763 3248 maxime
789 3197 882 3249 cum
913 3167 992 3248 illis
1019 3194 1207 3248 concesse
1235 3169 1387 3250 fuerint
1415 3168 1467 3251 ad
1496 3186 1673 3277 tempus,
1701 3169 1814 3277 quod
1827 3168 1910 3276 jam
1937 3197 1987 3249 cx
2014 3185 2102 3248 toto

315 3277 515 3388 preteriit,
544 3292 584 3359 et
612 3281 695 3358 istis
725 3277 780 3359 ob
810 3305 988 3372 causam,
1019 3307 1098 3387 que
1127 3277 1208 3384 jam
1233 3306 1283 3361 ex
1311 3279 1452 3386 majori
1480 3296 1595 3386 parte
1623 3281 1792 3361 cessavit
1828 3297 2005 3389 utroque
2034 3306 2104 3378 ne·

315 3389 426 3496 gotio
441 3416 514 3495 per
528 3388 603 3466 Dei
631 3390 800 3494 gratiam
830 3387 931 3469 adeo
959 3388 1142 3497 prolecto
1161 3387 1204 3499 ³),
1220 3407 1266 3470 ut
1281 3392 1556 3470 vehementem
1571 3391 1799 3470 instantiam
1814 3417 1897 3468 non
1911 3391 2104 3498 requirat,

314 3515 355 3578 et
382 3499 415 3576 si
444 3497 548 3577 forte
574 3499 800 3605 requireret
828 3527 901 3579 nos
918 3500 1132 3607 *ingruenti
1159 3500 1387 3582 necessitati
1415 3502 1610 3606 respicere
1627 3499 1660 3612 ⁴)
1675 3527 1917 3581 curaremus.
1948 3502 2103 3579 Conce-

316 3607 445 3688 dimus
473 3624 623 3702 tamen,
652 3626 698 3687 ut
723 3605 951 3690 huiusmodi
980 3611 1229 3694 remissiones
1258 3629 1299 3692 et
1335 3609 1585 3716 indulgentie
1606 3611 1718 3718 apud
1746 3609 2014 3720 provinciales
2042 3637 2104 3690 re·

314 3736 502 3798 maneant
516 3736 555 3797 et
569 3745 754 3824 yspanos.
782 3722 970 3800 Ceterum
1004 3722 1100 3829 quia
1129 3722 1326 3831 Cursarij,
1355 3739 1395 3802 et
1422 3723 1553 3829 pirate
1573 3723 1692 3802 nimis
1720 3719 1947 3828 impediunt
1976 3720 2104 3801 subsi-

316 3829 426 3910 dium
457 3845 565 3907 terre
594 3828 738 3907 Sancte
770 3829 969 3937 capiendo
997 3845 1038 3908 ct
1066 3833 1279 3937 spoliando
1307 3848 1561 3911 transeuntes
1590 3833 1640 3914 ad
1668 3831 1799 3926 illam,
1829 3849 1869 3911 et
1897 3835 2102 3913 reverten-

315 3957 374 4020 tes
403 3939 454 4018 ab
484 3938 571 4032 illa,
600 3965 674 4018 nos
702 3965 769 4018 eos
802 3957 842 4019 et
902 3939 1116 4046 rincipales
1144 3943 1364 4034 adiutores,
1392 3960 1432 4021 et
1474 3941 1650 4023 fautores
1684 3969 1824 4021 eorum
1870 3969 2101 4023 excommu-

314 4051 527 4130 nicationis
559 4048 721 4128 vinculo
749 3969 987 4130 innodiimus
1002 4053 1077 4132 sub
1096 4050 1347 4132 intimatione
1366 4046 1398 4163 ⁵)
1416 4053 1678 4132 anathematis
1693 4052 1931 4149 inhibentes,
1946 4081 1999 4132 ne
2015 4054 2102 4163 quis

315 4177 410 4239 cum
440 4162 495 4240 eis
524 4159 694 4239 scienter
721 4164 987 4241 communicet
1015 4163 1057 4240 in
1087 4163 1222 4271 aliquo
1251 4163 1515 4258 venditionis,
1544 4163 1608 4241 vel
1629 4165 1842 4269 emptionis
1875 4177 2100 4245 contractu.

316 4271 368 4349 Et
397 4270 654 4376 iniungentes
682 4271 923 4376 Rectoribus
945 4272 1165 4351 Civitatum
1192 4289 1233 4352 et
1262 4272 1442 4354 locorum
1472 4301 1653 4369 suorum,
1690 4291 1736 4352 ut
1765 4303 1832 4354 eos
1855 4275 1907 4354 ab
1935 4276 2012 4355 hac
2027 4277 2099 4355 ini·

315 4381 468 4566 <putate
496 4396 703 4475 revocent,
733 4397 774 4458 et
802 4398 1071 4488 compescant.
1102 4384 1293 4493 Alioquin
1322 4389 1418 4494 quia
1434 4385 1800 4492 nolleperturbare
1814 4413 2028 4492 perversos
2042 4385 2100 4463 ni·

315 4511 337 4563 c
368 4489 395 4566 il
424 4507 483 4569 est
512 4489 623 4570 aliud
652 4515 774 4598 quam
803 4491 959 4586 fovere,
976 4489 1063 4571 'nec
1093 4513 1201 4574 caret
1227 4496 1419 4603 scrupulo
1449 4497 1646 4576 societatis
1675 4496 1852 4590 occulte,
1881 4499 1955 4605 qni
1976 4495 2100 4574 mani-

315 4592 418 4675 festo
447 4598 617 4681 facinori
645 4599 791 4680 desinit
820 4601 1001 4698 obviare,
1031 4632 1102 4684 nec
1133 4603 1166 4718 ⁶)
1183 4605 1225 4684 in
1253 4633 1465 4713 personas,
1494 4622 1535 4687 et
1552 4623 1680 4687 terras
1695 4634 1835 4686 eorum
1849 4609 2117 4687 severitatem

315 4704 615 4790 ecclesiasticam
658 4713 888 4794 curabimus
931 4741 1135 4814 exercere,
1179 4745 1271 4796 cum
1306 4718 1404 4797 tales
1446 4745 1530 4798 non
1571 4719 1702 4805 minus
1730 4745 1853 4826 quam
1888 4716 2098 4798 Sarraceni

317 4815 579 4896 adversentur
606 4826 757 4902 nomini
787 4823 1025 4905 Christiano.
1058 4827 1302 4910 lnno'vamus
1331 4845 1515 4938 preterea
1557 4830 1983 4911 excommunicationis
2009 4854 2099 4908 sen-

400 4957 433 5035 ι)
450 4955 603 5056 ‘Aliarum
624 4963 762 5027 tillst'ttes
781 4967 797 5029 a·
815 4966 854 5029 Κ.
875 4985 915 5030 ιιι.
959 4958 996 5047 a)'
1009 4970 1175 5052 quodlibet
1195 4973 1235 5036 K.
1256 4993 1298 5036 m.
1342 4972 1372 5052 3)
1390 4959 1573 5058 prosperato
1594 4971 1635 5040 Κ.
1656 4959 1696 5036 m.
1739 4969 1771 5054 4)
1791 4973 1967 5058 prospicere
1987 4971 2030 5034 Κ.
2054 4987 2098 5031 ut·

397 5039 428 5120 5)
448 5047 693 5110 interminatione
715 5049 755 5110 Κ.
778 5073 820 5116 m·
861 5049 893 5132 6)
915 5074 968 5116 nos
989 5052 1030 5116 K.
1054 5075 1095 5116 m.
