4370 5950
799 491 857 525 -.·
923 395 1052 551 ¹95·
1134 492 1193 512 -

120 687 199 830 69.
602 597 607 613 *
779 677 1217 823 1167—1199.

186 903 253 966 lion
336 897 445 964 Katre
467 897 641 980 Belallning
661 896 714 960 till
738 894 1044 982 Elnartebyboame
1066 907 1113 959 att
1132 905 1247 980 ersdtta
1267 896 1311 960 all
1332 891 1393 961 den
1422 898 1519 962 skada
1537 920 1603 964 som
1625 898 1901 984 degjortplstnc'

234 981 606 1131 ieiunirarieEiihlleeid'
627 980 702 1044 dem
720 979 910 1064 Kooungen,
935 980 1033 1063 enligt
1050 979 1138 1044 hrad
1159 980 1246 1104 ldpgt
1266 979 1352 1044 ldmt
1363 1002 1421 1045 var
1431 981 1503 1045 dem
1515 981 1772 1066 tillktma'gifvet,
1783 983 1892 1046 sktnkt

1544 1180 1579 1233 A.
1599 1179 1624 1233 3.
1642 1178 1670 1234 h.
1691 1195 1716 1230 r:
1735 1181 1760 1235 8.

264 1317 317 1394 Κ.
354 1312 420 1393 dei
450 1314 589 1420 ‘gracia
618 1340 690 1393 rex
725 1340 944 1393 suueorum
980 1313 1168 1394 omnibus
1203 1311 1528 1393 inhabitantibus
1561 1311 1891 1420 heluacharlahy.

11 1503 13 1510 Α
112 1427 269 1508 salutem
298 1431 339 1504 8r
366 1451 505 1532 pacem
534 1423 596 1502 his
631 1426 703 1534 qui
732 1451 816 1502 non
845 1423 1022 1504 oderunt
1050 1453 1201 1534 pacem.
1233 1425 1312 1502 Diu
1341 1441 1401 1504 est
1430 1439 1644 1534 postquam
1674 1423 1791 1504 uobis
1819 1452 1894 1504 no·
2011 1475 2014 1480 -

110 1555 190 1618 tum
229 1536 397 1615 fecimus
440 1532 554 1644 quod
596 1535 679 1615 duo
716 1532 858 1642 predia
893 1533 944 1614 de
971 1533 1291 1632 heluacharlabir
1319 1562 1412 1614 curn
1440 1533 1521 1614 suis
1551 1531 1802 1643 appendicijs
1830 1535 1895 1614 in·

110 1650 211 1728 tuitu
239 1645 402 1755 pietatis
431 1643 624 1726 fratribus
652 1645 801 1725 nostris
828 1646 1034 1727 monachis
1062 1646 1339 1738 concessimus.
1370 1645 1512 1726 dantes
1541 1649 1662 1726 etiam
1691 1645 1787 1754 ipsis
1808 1643 1893 1754 ple-

110 1760 253 1840 nariam
292 1770 531 1863 potestatem
565 1752 838 1837 statuendi&
865 1752 1084 1836 ordinandi
1113 1755 1271 1862 prefata
1298 1754 1441 1863 predia
1469 1783 1547 1864 pro
1565 1772 1621 1836 ut
1652 1784 1725 1836 nos
1754 1773 1893 1836 nostra

11 1899 13 1910 ’
107 1873 144 1950 Er
181 1866 509 1975 archiepiscopus
550 1893 633 1945 sua.
706 1867 860 1947 Verum
902 1868 945 1946 in
979 1895 1082 1978 quos
1110 1882 1250 1947 nostra
1280 1894 1421 1947 manus
1450 1865 1528 1947 fuit
1556 1867 1731 1974 benigna
1761 1882 1897 1950 uestra

108 1981 203 2059 seuit
246 1975 455 2062 uiolentia.
486 1974 588 2057 adeo
630 1977 742 2087 quod
786 2004 859 2086 per
902 2005 977 2056 uos
1019 1978 1128 2085 passi
1168 1993 1274 2056 sunt.
1310 1977 1399 2056 XX.
1431 2005 1656 2057 marcarum
1685 1979 1895 2058 iacturam.
1978 1995 1982 2003 “

107 2089 219 2190 Vnde
260 2088 365 2167 haut
406 2085 610 2192 modicum
652 2086 836 2169 dolentes
872 2087 1109 2168 mandamus
1144 2103 1266 2198 atque
1301 2087 1533 2169 mandando
1563 2089 1819 2198 precipimus.
1850 2107 1897 2174 ut

106 2198 234 2279 ablata
263 2198 321 2278 in⁷
339 2198 542 2305 integrum
572 2225 701 2308 usque
732 2198 784 2280 ad
799 2198 985 2280 ultimum
1002 2198 1269 2309 quadrantem
1284 2200 1514 2280 restituatis.
1537 2204 1576 2279 8r
1605 2198 1696 2279 illos
1711 2199 1897 2282 offende-
1959 2233 1966 2252 ⁸

106 2337 147 2389 re
177 2307 378 2416 deinceps
400 2337 486 2389 nou
515 2309 764 2417 presumatis.
823 2307 894 2410 Sui
922 2327 1056 2390 autem
1085 2309 1289 2391 obstinata
1319 2326 1451 2390 mente
1481 2308 1701 2420 dampnum
1729 2313 1899 2393 resarci-

104 2447 159 2500 re.
189 2417 458 2501 donationem
498 2436 679 2500 nostram
713 2437 843 2502 ratam
877 2447 962 2501 esse
990 2420 1209 2530 prohibere
1238 2419 1494 2502 contenditis.
1525 2439 1638 2502 certo
1666 2423 1815 2503 certius
1838 2439 1899 2504 te·

106 2527 239 2610 neatis.
284 2556 494 2612 excessum
536 2548 716 2611 uestrum
758 2530 1037 2614 detestabilem
1079 2559 1153 2641 per
1194 2559 1270 2611 nos
1312 2532 1369 2613 sic
1404 2529 1657 2642 puniendum
1683 2531 1796 2643 quod
1825 2534 1895 2616 fiet

98 2640 225 2722 'metus
255 2641 492 2720 multorum.
522 2640 662 2722 valete.
1629 2671 1632 2681 ¹

177 2782 317 2868 sigillet,
340 2785 353 2847 i
374 2784 444 2867 golt
463 2803 538 2864 vax,
556 2783 651 2870 ulgot
669 2782 812 2866 skadadt,
832 2784 950 2870 hingo
972 2787 1015 2873 pt
1034 2808 1072 2852 en
1093 2795 1399 2874 pergamentsremsa.
1440 2785 1532 2852 tent
1563 2785 1644 2852 Tm
1666 2803 1695 2848 α.
1718 2801 1770 2852 nto
1793 2805 1822 2850 2.

81 3186 190 3320 ¹70.
797 3112 1269 3299 1167-1199.

176 3369 321 3456 Konrmg
347 3369 441 3434 tum
468 3365 632 3454 Emessam
657 3371 848 3436 mamaeae
876 3373 928 3436 lb'r
948 3373 1073 3459 Nydala
1093 3372 1220 3438 Kloster
1240 3367 1281 3456 pl
1302 3370 1422 3435 llsketi
1445 3371 1543 3455 Sken,
1564 3393 1631 3438 som
1651 3375 1689 3438 at
1703 3373 1823 3439 nonan
1838 3395 1898 3440 rar
1985 3348 1995 3370 .

227 3455 346 3554 inhiipt
366 3455 417 3518 stt
437 3455 457 3518 3
478 3453 568 3526 mart
588 3453 674 3537 gold.

1425 3527 1428 3534 ¹
1551 3537 1673 3596 Lux.
1696 3553 1719 3593 r:
1744 3552 1772 3622 r.

203 3671 259 3750 K.
308 3668 376 3752 dei
418 3669 554 3777 gracia
596 3693 799 3751 sweorum
834 3697 916 3750 rex.
952 3669 1058 3751 lilius
1086 3670 1237 3781 herjcjs
1266 3669 1405 3779 itjdem
1433 3673 1549 3782 regis.
1579 3672 1835 3783 principibus
1863 3677 1904 3754 a

92 3781 382 3890 optimatibus.
420 3806 560 3887 pacem
595 3779 757 3861 bonam.
794 3787 833 3860 8r
869 3780 1037 3862 salutem
1065 3784 1109 3861 in
1134 3781 1315 3876 domino.
1373 3783 1481 3885 Quia
1508 3782 1791 3892 religiosorum
1821 3780 1902 3864 frc-

93 3918 223 4000 quens
240 3987 245 3995 ¹
261 3891 537 3974 numerositas
566 3889 677 3998 apud
707 3919 782 3974 nos
812 3889 863 3971 dc
892 3890 958 3972 die
986 3894 1029 3972 in
1052 3893 1162 4002 diem
1192 3907 1479 4001 augmentatur
1508 3911 1667 4002 gratum
1696 3894 1813 3975 nobis
1841 3918 1903 3972 es·

91 4029 132 4082 se
147 4002 287 4085 debet.
316 4009 357 4082 &
386 3998 578 4108 optabile.
636 4000 740 4084 Jnde
768 4015 829 4081 cst
858 4002 1166 4114 quodquidam
1194 4004 1276 4112 uirj
1304 4002 1486 4085 sollertes
1515 4002 1565 4084 dc
1586 4004 1759 4087 cenobio
1774 4027 1902 4084 noue·

91 4113 210 4194 uallis
247 4111 509 4221 temporibus
538 4108 699 4191 abbatis
740 4113 916 4221 regn'erj.
954 4115 1239 4223 sustentatjoni
1266 4141 1407 4196 eorum
1436 4114 1620 4197 consulte
1649 4113 1903 4225 prospicjen·
1944 4112 1949 4121 '

91 4239 162 4304 tes.
200 4223 385 4331 tercjam
418 4236 576 4331 partem
604 4222 838 4328 piscationis
867 4250 947 4335 que
976 4243 1147 4306 uocatur
1176 4225 1294 4308 skent
1322 4226 1454 4306 tribus
1482 4225 1625 4334 marcjs
1655 4226 1746 4334 aurj
1775 4254 1798 4305 a
1827 4249 1902 4305 no-

89 4331 155 4416 bis
188 4336 367 4446 publice
402 4347 589 4440 emptam.
616 4359 691 4414 suo
720 4333 911 4446 deinceps
940 4333 1120 4417 dominio
1149 4338 1329 4418 omniurn
1355 4334 1511 4445 iudicjo
1540 4335 1722 4447 legaliter
1749 4334 1903 4444 manaj-

90 4463 319 4552 pauerunt
363 4436 505 4551 'sgitur
536 4441 642 4525 banc
670 4445 924 4553 sententjarn.
955 4464 1094 4528 nostre
1123 4447 1378 4557 auctoritatjs
1406 4449 1570 4557 scripto.
1601 4454 1640 4527 &
1660 4446 1792 4557 sigillo
1805 4469 1905 4528 con'·

86 4553 300 4638 firmatam
320 4553 591 4661 ,uniuersitatj
620 4569 754 4637 uestre
783 4556 1061 4666 sollempniter
1103 4559 1367 4642 notificamus.
1398 4558 1504 4639 hanc
1532 4557 1778 4667 cmptjonem
1799 4557 1905 4638 mul·

86 4667 142 4776 tjs
164 4666 354 4776 testjbus
381 4664 700 4751 corroboratam.
730 4665 941 4750 affirmant.
971 4671 1185 4779 episcopus
1214 4671 1316 4752 colo.
1374 4669 1456 4768 Bir
1483 4695 1509 4748 ο
1537 4696 1740 4750 sweorum
1755 4675 1794 4750 8r
1808 4685 1903 4778 gut·

83 4791 231 4860 torum
271 4775 364 4858 dux
399 4773 576 4882 inclitus.
607 4775 816 4888 philippus
844 4777 972 4860 frater
1000 4809 1124 4867 meus.
1182 4781 1364 4892 Magnus.
1392 4787 1432 4861 8(
1456 4699 1625 4862 {erolus
1653 4779 1800 4862 fratres
1828 4778 1905 4861 dn·

85 4887 155 4998 cjs
188 4883 417 4989 finwidus
444 4885 596 4986 strich.
653 4887 850 4974 Monachi.
867 4893 1009 5003 petrus
1022 4894 1327 5002 ncruegirensis.
1343 4889 1378 5004 *)
1411 4888 1642 4978 Thoraldus
1656 4891 1901 4978 cellararius.

169 5130 201 5212 *J
223 5125 480 5200 attenuans
500 5133 615 5202 Petrus
636 5127 736 5196 albus.
