4362 5946
915 420 1411 540 2352-

312 635 593 748 perloquitur
619 637 801 719 ueritate.
831 638 1389 747 specialiterconfirmentur.
1425 638 1627 720 Omnibus
1654 640 1780 746 igitur
1807 656 2000 748 presentes
2016 642 2065 724 lit·

310 769 417 833 teras
445 747 686 855 inspecturis
707 749 963 830 manifestum
979 749 1151 830 facimus.
1181 766 1263 832 tam
1292 749 1545 858 presentibus
1573 774 1695 858 quam
1723 749 1882 830 futuris.
1910 752 2065 834 Nobilem

309 885 358 940 ac
385 857 585 965 jllustrem
608 857 813 968 Reginam.
841 860 1053 941 dominam.
1081 862 1328 942 Katerinam.
1356 888 1477 968 super
1491 863 1608 942 bonis
1636 863 1719 940 suis
1746 860 1799 940 ad
1827 861 1988 942 eandem
2001 867 2066 946 iure

309 967 557 1052 hereditario
572 971 880 1076 pertinentibus.
904 973 1007 1051 Cum
1021 999 1219 1052 consensu
1235 977 1275 1051 &
1290 998 1464 1050 assensu.
1495 973 1677 1053 Domine.
1707 971 1930 1052 Benedicte.
1946 978 2067 1056 sororis

312 1079 409 1162 eim.
426 1108 472 1160 ac
485 1079 698 1187 predileetj
726 1082 864 1189 patruj
894 1083 958 1160 sui
992 1082 1146 1163 domini
1175 1082 1396 1190 Hulmgeri.
1427 1083 1479 1160 Jn
1507 1083 1713 1190 presencia
1741 1080 1939 1190 karissimj
1967 1086 2067 1190 patris

311 1191 441 1274 nostri
455 1190 620 1298 Dominj
648 1191 816 1299 Birgerj
845 1192 969 1273 ducis.
999 1193 1258 1301 omniumque
1281 1196 1476 1273 maiorum
1505 1221 1550 1273 ac
1579 1192 1843 1273 discretorum
1871 1194 1983 1300 regnj
2012 1221 2068 1273 no·

309 1299 412 1408 strj.
426 1300 746 1425 renunciatosde
774 1318 919 1382 cetero.
957 1305 1181 1385 Cuiuslibet
1209 1304 1483 1410 calumpniose
1518 1303 1757 1384 cassationis
1785 1303 1999 1384 obstaculo.
2022 1321 2069 1384 ta·

221 1454 224 1460 v
310 1413 390 1491 lem
418 1411 668 1492 diuisionem.
699 1413 1025 1496 irreuocabiliter.
1054 1415 1234 1506 Jniuisse.
1250 1413 1486 1493 vtclaustro
1515 1411 1565 1494 de
1581 1413 1760 1495 Guthem
1776 1415 1818 1493 in
1846 1441 1930 1522 quo
1962 1413 2067 1494 domi·

309 1549 365 1604 na
391 1523 545 1629 Regina
574 1523 660 1601 Jam
689 1522 870 1630 predicta
899 1524 1104 1630 religionis
1138 1525 1321 1604 habitum
1344 1524 1545 1629 suscipere
1574 1524 1765 1606 decreuit.
1787 1526 1872 1604 Jsta
1901 1551 1977 1632 que
1994 1524 2069 1603 sub·

309 1649 538 1742 sequuntur
566 1635 766 1712 attineant
794 1637 836 1715 in
864 1652 1108 1741 perpetuum
1137 1633 1377 1743 possidenda
1406 1634 1534 1713 silicet
1562 1633 1725 1714 withem
1748 1662 1838 1714 oum
1894 1634 1973 1712 suis
1998 1636 2070 1715 atti·

311 1745 477 1824 nemciis
493 1743 681 1849 Lyndh5a.
698 1771 776 1822 vna
806 1742 983 1825 dimidia.
1013 1745 1139 1827 altera
1169 1772 1266 1825 vero
1296 1760 1392 1824 tota.
1422 1743 1542 1823 Slaka
1571 1772 1663 1824 cum
1690 1759 1798 1823 terra
1826 1747 1869 1824 in
1899 1743 2071 1841 kindNi·

312 1855 430 1960 copia
457 1859 497 1937 δι
523 1851 624 1961 quid
655 1851 727 1932 uid
740 1853 820 1961 sibj
835 1856 977 1934 attinet
992 1855 1152 1936 ibidem.
1180 1855 1282 1934 Cum
1298 1854 1527 1933 testimonio
1543 1841 1808 1934 discretorum
1843 1855 1895 1932 Et
1925 1855 1965 1932 in
1979 1881 2071 1933 was·
2148 1927 2150 1942 ,

309 1954 427 2072 gocia
455 1883 654 2076 quicquid
683 1965 726 2046 in
753 1964 972 2045 mobilibus
1008 1965 1074 2045 uel
1103 1967 1147 2045 in
1174 1963 1446 2045 immobilibus
1475 1965 1655 2043 noscitur
1726 1962 1913 2043 ossidere.
1957 1990 2071 2042 sorore

309 2099 383 2154 sua
411 2071 830 2187 recompensacionem
865 2077 1042 2154 Jstornm
1071 2077 1114 2154 in
1142 2075 1304 2184 osgocia
1338 2075 1568 2182 recipiente.
1617 2073 1680 2154 Ad
1712 2101 1782 2153 ens
1812 2075 1977 2181 insuper
2013 2075 2071 2152 hac
2149 2147 2150 2181 p

309 2183 549 2265 condicione
577 2209 715 2263 omnes
743 2188 1010 2292 possessiones
1039 2183 1092 2266 ad
1122 2187 1247 2294 ipsam
1276 2188 1319 2266 in
1348 2184 1463 2264 dacia
1490 2187 1746 2292 pertinentes.
1782 2199 1826 2263 vt
1868 2200 2071 2292 prouentus
2149 2188 2150 2220 ²

308 2321 360 2377 ex
387 2293 466 2372 illis
492 2295 780 2404 prouenientes
807 2294 849 2373 in
885 2294 1194 2376 edificacionem.
1230 2296 1392 2375 claustri
1421 2300 1459 2375 &
1488 2293 1721 2401 monasterij
1749 2294 1976 2401 specialiter
2001 2321 2072 2373 ero-

308 2419 464 2515 gemtor.
499 2408 696 2513 utigitur
730 2405 803 2487 hec
845 2408 979 2486 omnia
1021 2405 1252 2516 supradicta
1294 2406 1476 2486 stabilem
1504 2432 1551 2484 ac
1579 2403 1854 2484 inuiolabilem
1898 2404 2072 2514 consequj

307 2515 470 2596 ualeant
498 2517 736 2596 firmitatem.
764 2517 877 2596 Hanc
905 2544 1015 2596 suam
1031 2517 1308 2598 donacionem.
1337 2515 1458 2624 sigillj
1487 2514 1616 2621 nostrj
1651 2515 1881 2596 munimine.
1914 2518 1972 2594 Ac
1998 2541 2072 2622 pre·

308 2626 447 2734 dilectj
462 2627 588 2736 patris
603 2626 744 2734 nostrj.
774 2625 984 2740 &dominj
999 2628 1220 2736 Hulmgerj.
1250 2631 1290 2704 &
1318 2629 1502 2705 Domine.
1533 2623 1756 2705 Benedicta.
1786 2625 1947 2706 Sororis
1961 2651 2071 2705 sueac

310 2739 475 2817 Domini
488 2737 803 2852 Archiepiscopi.
837 2738 870 2818 J.
898 2739 1119 2852 upsalensis
1134 2765 1379 2848 suorumque
1393 2735 1753 2842 suffraganeorum.
1774 2736 1938 2814 Domini
1958 2733 2072 2841 Magnj

309 2847 474 2958 legiferi.
504 2846 556 2926 de
569 2847 756 2956 {Dsgocia
784 2854 823 2928 8<
851 2849 1028 2956 Dominj.
1059 2849 1166 2933 Petri
1176 2848 1331 2955 legiferi
1346 2847 1582 2955 Waesgocie.
1618 2846 1891 2954 Omniumque
1908 2844 2072 2954 legifero

306 2985 399 3039 rum
427 2987 473 3040 ac
487 2956 753 3039 discretorum
770 2959 1032 3045 Dominorum
1047 2960 1178 3070 Regnj
1193 2959 1333 3067 nostrj.
1350 2958 1570 3066 priuilegiis
1591 2955 1779 3038 duximus
1794 2955 2070 3038 Roborandan.

310 3071 555 3177 Quicunque
590 3095 687 3149 vero
716 3067 821 3150 hanc
861 3069 1131 3152 donacionem
1174 3097 1286 3148 suam
1327 3097 1396 3148 seu
1439 3067 1675 3148 diuisionem
1718 3093 1875 3146 cassare
1914 3093 2071 3174 presum-

307 3180 434 3288 pserit
460 3180 527 3259 uel
555 3181 597 3259 in
612 3181 771 3260 irritum
787 3183 1004 3261 Reuocare.
1019 3180 1213 3260 offensam
1230 3178 1297 3288 dej
1311 3180 1451 3287 patris
1480 3179 1767 3285 omnipotentis
1796 3205 1842 3255 ac
1864 3175 1984 3258 beate
2008 3179 2073 3255 vir-

294 3289 422 3398 ginis.
461 3290 730 3398 Omniumque
758 3306 991 3371 sanctorum
1020 3293 1070 3373 Se
1098 3292 1271 3380 Nouerit
1289 3291 1548 3376 incursurum,
1585 3289 1734 3367 Datum
1748 3285 1944 3368 Wallum.
1973 3289 2072 3365 Anno

311 3398 501 3506 Dominj..
516 3401 768 3483 M⁰.CG⁰.L.I.
802 3405 923 3480 Anno
939 3418 1072 3481 autem
1087 3400 1230 3516 Regnj.
1245 3401 1384 3507 nostrj.
1401 3401 1542 3508 primo.
1558 3395 1955 3505 Kalendfebruarij.
1982 3397 2072 3476 XVl.

308 3533 419 3606 Under
438 3537 562 3604 brefvet
579 3539 776 3621 halvahvarit
796 3539 968 3622 suffigiit,
979 3537 1276 3612 hvarelterblottde
1284 3537 1364 3609 reida
1374 3537 1618 3617 sistemadarne,
1629 3540 1640 3598 i
1650 3534 1757 3598 hvilka
1774 3535 1813 3597 de
1824 3534 1932 3618 bangt,
1943 3543 2073 3617 lroqru.

2146 3733 2148 3825 l

173 3835 176 3842 Ι
309 3905 443 4017 388,
854 3956 857 3962 ·
939 3907 1086 4016 1251
1139 3903 1187 4006 d.
1234 3919 1307 4030 ad
1355 3841 1481 4051 Apr.
1780 3895 2075 4042 Linkdping.
2146 3835 2148 3928 ἦ

374 4103 523 4208 ΔΚοιιιιιις
562 4125 763 4188 wat-omns
794 4126 897 4208 dppna
929 4124 1007 4184 Brel
1028 4121 1187 4203 anglende
1218 4121 1346 4198 Satura,
1378 4141 1421 4181 m.
1449 4139 1503 4197 m.‚
1528 4137 1597 4178 som
1627 4115 1668 4198 pa
1699 4113 1959 4216 liudoingsdagen
1988 4111 2072 4175 tillils

436 4210 572 4380 pffinen
587 4206 671 4290 gard
691 4208 701 4267 i
723 4207 898 4292 Linkdping
915 4206 1022 4276 blutit
1042 4207 1138 4288 gifvet
1159 4205 1207 4266 till
1229 4214 1270 4265 ett
1298 4203 1487 4270 Kanonilats
1505 4198 1677 4268 inrfittande
1698 4197 1751 4258 vid
1773 4199 1966 4282 Lmlopmgs
1992 4199 2075 4258 Dom·
2145 4281 2147 4337 ss

1801 4357 1834 4414 B.
1855 4361 1880 4414 δι
1901 4361 1960 4416 123.

470 4479 622 4558 Littera
647 4505 764 4587 super
785 4477 898 4556 bonis
921 4475 1118 4585 prebende
1145 4472 1383 4551 canonicalis
1412 4485 1587 4548 scetaaae.
2144 4487 2146 4596 p

329 4607 362 4722 ,¹
472 4620 678 4701 Uniuersis
703 4617 846 4700 christi
874 4608 1060 4700 fidelibus
1090 4626 1295 4721 presentes
1325 4610 1476 4693 litteras
1515 4604 1715 4691 audituris
1742 4601 1809 4682 uel
1838 4604 1994 4682 visuris.
2021 4599 2075 4680 W.
2144 4599 2146 4628 ¹

306 4723 374 4808 dei
402 4729 537 4835 gracia
564 4733 650 4810 Rex
678 4727 1060 4826 sweorumsalutem
1088 4725 1131 4803 in
1159 4719 1371 4801 benedicto
1387 4717 1552 4827 virginis
1575 4716 1658 4796 filio
1678 4715 1792 4799 ihesu
1807 4715 1960 4792 christo
1988 4713 2075 4792 Cum

255 4887 258 4896 ·
306 4851 418 4945 gesta
444 4837 634 4922 memoria
663 4867 853 4950 processu
876 4837 1065 4944 temporis
1094 4831 1144 4912 de
1173 4829 1281 4938 facilj
1309 4844 1485 4907 transeat
1512 4857 1535 4907 a
1562 4825 1754 4911 memoria
1781 4823 1859 4902 nisi
1887 4826 2074 4931 scripture

305 4947 564 5029 confirmetur
592 4953 821 5033 testimonio
849 4973 929 5060 que
957 4945 1007 5026 de
1036 4960 1262 5050 temporum
1304 4938 1564 5021 varietatibus
1606 4963 1728 5126 supep
1768 4925 2075 5062 incommutabili

1723 5061 1889 5158 oqurtur

2142 5201 2145 5260 l
