4382 5964
838 531 1443 642 ·'-632-

205 771 210 778 ’
331 779 427 863 chas
441 773 701 862 denariorum
714 776 848 861 tribus
862 779 1171 890 consanguineis
1185 781 1282 862 meis
1297 775 1540 863 monialibus
1549 775 1700 863 ibidem
1708 777 1893 861 videlicet
1903 765 2079 890 Margana

331 910 436 973 touae
451 905 492 971 et
507 889 611 973 lucie
626 919 696 973 sex
710 887 893 973 marchas
906 888 1167 973 denariorum
1181 890 1425 972 Monaste'rio
1440 893 1620 972 omnium
1635 907 1867 973 sanctorum
1879 889 2000 972 lundis
2011 891 2078 977 duas

183 1021 187 1028 '
329 1001 513 1083 marchas
540 1001 631 1084 den.
664 998 867 1113 Hospitali
894 1000 1146 1083 infirmorum
1170 1001 1307 1084 lundis
1335 999 1436 1082 duas
1478 1001 1662 1082 marchas
1692 999 1783 1085 den.
1812 1002 1998 1110 Hospitali
2016 1031 2077 1084 san·

330 1113 387 1194 cti
416 1113 583 1222 spiritus
612 1113 763 1196 ibidem
798 1111 949 1195 curiam
984 1141 1108 1224 quam
1158 1111 1289 1195 habeo
1317 1115 1366 1211 in
1390 1112 1604 1220 parrochia
1633 1115 1761 1194 sancti
1794 1113 1971 1221 stephani
1996 1129 2029 1194 ct
2043 1115 2078 1195 le·

328 1239 443 1306 ctum-
467 1219 601 1304 mcu'm
636 1225 679 1304 in
720 1251 805 1334 quo
846 1224 974 1305 iacere
1010 1225 1203 1307 consueni
1239 1253 1332 1307 cnm
1359 1225 1443 1304 suis
1479 1226 1738 1332 pertinenciis
1780 1223 1952 1334 Singulis
1976 1251 2079 1334 pano

286 1377 288 1380 ·
326 1332 525 1416 chialibus
559 1335 732 1416 ecclesiis
763 1331 899 1416 lundis
928 1333 1028 1416 duas
1064 1363 1155 1422 oras
1183 1333 1274 1417 den.
1324 1333 1561 1445 presbiteris
1595 1333 1819 1418 earundem
1858 1350 2006 1415 tantum
2031 1334 2079 1414 lli·

325 1447 548 1530 nistrorum
582 1446 748 1528 cuilibet
777 1473 889 1528 oram
918 1445 1009 1528 den.
1059 1448 1164 1528 ltem
1204 1445 1374 1529 Nicolao
1423 1447 1590 1557 scaning
1632 1445 1775 1557 nepoti
1818 1472 1916 1530 meo.
1957 1439 2078 1554 pratun

324 1555 438 1674 quod
465 1556 617 1638 dicitur
644 1557 826 1668 hestaeng
859 1555 974 1670 quod
1003 1561 1081 1640 emi
1123 1555 1174 1638 de
1202 1559 1339 1640 ernlrae
1384 1558 1475 1639 ciue
1504 1558 1691 1643 lundensi
1719 1575 1760 1640 et
1787 1582 1911 1639 vnum
1950 1553 2078 1638 hamath

194 1701 197 1715 ·
322 1667 467 1748 melius
494 1667 609 1781 quod
635 1665 770 1750 habeo
798 1669 903 1753 ltem
931 1685 1050 1780 petro
1078 1668 1156 1779 hyr
1184 1671 1336 1751 curiam
1367 1695 1488 1751 vnam
1531 1671 1574 1750 in
1615 1667 1764 1780 ertyfte
1883 1695 1922 1748 m
1959 1669 2026 1748 emi
2045 1665 2078 1747 de

246 1860 250 1866 ,
322 1777 456 1860 alsone
485 1780 606 1889 wipae
633 1781 739 1860 ltcm
774 1779 942 1863 domino
970 1779 1179 1863 laurencio
1211 1779 1422 1863 sacerdoti.
1451 1778 1552 1862 duas
1580 1779 1764 1862 marchas
1792 1697 2033 1862 &ariorum
2052 1793 2078 1856 ct
2136 1787 2138 1844 ῑ

291 1887 545 1980 collobium
578 1919 668 1974 curn
699 1890 874 2002 pellibus
898 1893 1128 1974 martirinis.
1193 1891 1298 1974 Jtem
1326 1890 1492 1975 domino
1521 1909 1639 2002 petro
1667 1888 1720 1973 ad
1748 1889 1875 1973 altare
1896 1890 2002 1972 beate
2023 1889 2076 1970 tir
2137 1917 2138 2000 3

322 2002 439 2112 ginis.
479 2019 656 2113 quatuor
686 2031 839 2086 marcas
867 2004 959 2095 den.
988 2021 1030 2094 et
1057 2000 1278 2097 collobium
1307 2001 1491 2092 blauium
1519 2031 1611 2085 cum
1640 2003 1769 2090 scrico
1800 2001 1998 2084 forratum,
2019 1999 2077 2078 sine
2137 2087 2138 2116 ἰ

319 2111 528 2222 polidrum
556 2111 607 2195 de
636 2115 797 2226 equicio
825 2142 915 2202 meo
949 2129 1129 2228 quatuor
1168 2117 1349 2198 marchas
1394 2111 1594 2197 valentem
1629 2113 1809 2224 Singulis
1837 2110 1987 2195 famulis
2009 2107 2077 2190 neit
2137 2175 2138 2178 a

200 2237 203 2248 '
318 2249 478 2314 mecum
505 2227 688 2348 equitare
701 2227 904 2320 consuetis
919 2225 1124 2336 polidrum
1145 2242 1228 2310 tres
1242 2224 1425 2311 marchas
1440 2223 1533 2307 dan.
1548 2222 1600 2308 ad
1615 2227 1750 2308 minus
1775 2223 1981 2306 valentem
2004 2221 2077 2302 Jten

320 2335 478 2424 famulis
506 2337 604 2419 meis
631 2337 674 2417 in
701 2339 813 2420 curia
828 2364 916 2430 mea
932 2338 1067 2422 lundis
1089 2337 1190 2433 duas
1205 2365 1359 2421 marcas
1388 2335 1648 2420 denariorum
1677 2337 1785 2418 inter
1804 2332 1867 2418 se'
1883 2330 2077 2416 diuidenda

319 2443 508 2534 Gerardo
523 2445 727 2557 godefridi
750 2451 893 2532 lllltor
907 2450 1089 2534 marchas
1116 2451 1181 2532 vel
1210 2448 1415 2562 polidrum
1444 2449 1743 2560 equiualentem
1760 2448 1936 2530 Domino
1949 2442 2075 2554 johanni
2137 2459 2138 2496 ³

317 2557 564 2668 parrochiali
605 2558 807 2643 sacerdoti
847 2577 949 2645 meo.
999 2560 1216 2670 polidrum'
1250 2562 1301 2643 de
1333 2561 1516 2670 equlcio.
1547 2559 1608 2642 III
1636 2558 1819 2642 marchas
1863 2556 2076 2639 denariorum
2137 2643 2138 2646 a

318 2671 519 2751 valentem
567 2668 713 2753 Thord
758 2699 911 2764 aesesrm
952 2669 1158 2782 polidrum
1204 2699 1331 2755 vnum
1365 2673 1470 2752 Jtom
1513 2697 1590 2753 asae
1631 2685 1845 2756 matertera
1892 2693 1976 2750 mee
2009 2664 2077 2748 duas

318 2779 502 2862 marchas
530 2777 790 2874 denariorum
804 2799 846 2866 et
862 2811 982 2878 ¹vnam
995 2809 1157 2884 vaccam
1172 2783 1320 2886 Marde
1334 2784 1604 2894 procuratrici
1618 2809 1716 2864 mcc.
1732 2804 1903 2866 *vaccam
1929 2805 2030 2860 rnan
2049 2777 2075 2852 in

318 2892 432 2982 curia
459 2918 549 2974 mea
576 2893 711 2992 lundis
738 2896 946 2997 meliorem
973 2893 1120 2978 Viduis
1148 2912 1189 2978 ct
1217 2895 1411 3008 orphanis
1439 2907 1480 2974 ct
1509 2895 1597 2976 aliis
1619 2892 1873 3004 pauperihus
1902 2893 1941 2972 in
1968 2884 2076 2993 enyfc

317 3001 418 3085 duas
446 3030 540 3084 oras
566 3032 728 3100 annone
754 3007 861 3104 inter
888 3035 932 3089 se
961 3005 1260 3106 distribuendas
1287 3009 1393 3110 Jtem
1421 3004 1583 3088 nicolao
1603 3003 1787 3088 hnutsun
1813 2999 2091 3086 fratruelium·

222 3161 224 3166 ·
317 3115 472 3195 curiam
507 3141 636 3212 meam
663 3117 709 3210 in
736 3115 895 3210 othelei
924 3146 1015 3201 cum
1058 3121 1314 3202 estimacione
1357 3136 1397 3199 at
1439 3117 1557 3200 terris
1590 3115 1643 3198 ad
1669 3117 1799 3227 ipsam
1843 3109 2074 3227 spectantibus

317 3225 423 3304 Jtem
450 3228 581 3307 sorori
609 3255 680 3310 sue
707 3231 861 3312 curiam
888 3257 1010 3312 unam
1039 3229 1083 3312 in
1117 3231 1273 3341 grytbt'r
1313 3227 1519 3310 meliorem
1563 3231 1612 3310 in
1652 3256 1735 3340 qua
1778 3227 1930 3310 residet
1974 3235 2074 3334 petru

216 3445 228 3452 ³
317 3339 442 3445 quam
469 3335 565 3418 volo
592 3339 670 3421 sub
697 3337 959 3423 ordinacione
986 3340 1140 3438 domini
1167 3341 1262 3426 tord
1290 3340 1403 3423 thaat
1432 3365 1665 3450 permanere
1706 3337 1853 3427 donec·
1885 3335 2003 3427 einen
2023 3357 2073 3440 PU·

311 3445 393 3528 elle
428 3451 558 3542 sorori
598 3476 681 3532 sue.
723 3450 775 3533 dc
803 3453 894 3536 viro
933 3451 1133 3563 legittimo
1167 3456 1220 3536 sit
1269 3453 1479 3566 prouisum
1506 3451 1611 3535 Jtcm
1638 3449 1787 3560 jacobo
1832 3449 1976 3535 clerico
2004 3466 2072 3524 neo.

316 3557 565 3644 breuiarium
593 3587 726 3643 meum
753 3578 794 3644 et
821 3562 973 3646 librum
1000 3591 1138 3648 vnum.
1167 3565 1273 3676 leges
1301 3565 1430 3674 patrie
1459 3566 1732 3646 continentem
1759 3563 1868 3644 Jtem
1897 3560 1947 3643 ad
1975 3577 2071 3640 cnm·

316 3667 413 3750 dnm
440 3668 591 3763 librum
632 3671 830 3770 missalem
871 3673 922 3758 de
964 3701 1049 3788 quo
1090 3681 1276 3787 superius
1317 3675 1550 3758 memoraui.
1592 3671 1758 3784 procidi
1800 3675 1885 3756 XII
1931 3665 2079 3752 marathov

172 3792 178 3800 '
208 3813 211 3820 ·
320 3779 579 3864 denariorum
608 3809 809 3884 nouorum
837 3800 879 3868 et
907 3785 1112 3894 legalium,
1141 3785 1419 3872 conferendas.
1449 3787 1720 3896 Exsequtores
1748 3772 2073 3868 huiustcstauenti

315 3893 520 3975 constituo
547 3892 733 3978 dominos
747 3895 959 3982 Nicolaum
979 3889 1219 3982 bassaebaech
1233 3915 1273 4000 et
1292 3915 1453 4009 petrum
1480 3898 1647 4007 tmgoti.
1676 3893 1847 3981 dilectos
1866 3887 2073 3980 concanoni·

242 4035 247 4042 ·
316 4030 385 4085 cos
429 4030 549 4088 meos.
577 4023 618 4088 et
647 4003 854 4106 dominum
888 4004 983 4089 tord
1017 4007 1131 4090 thaat
1171 4010 1516 4119 consanguineum
1555 4033 1689 4088 mcum
1731 4005 2004 4119 supradictum
2036 3997 2074 4074 Vl

199 4157 203 4169 x
315 4131 450 4197 autem
479 4117 670 4225 premissa
705 4122 843 4202 omnia
871 4135 913 4201 et
940 4118 1161 4230 quodlibet,
1197 4123 1482 4232 premissorum
1522 4119 1651 4202 robur
1691 4117 1906 4202 obtineant
1945 4112 2075 4195 firma·

315 4225 369 4308 tis
402 4229 583 4337 presenti
611 4228 765 4338 scripto
806 4230 983 4342 sigillum
1012 4257 1145 4312 meum
1176 4231 1361 4344 apposui.
1411 4227 1526 4342 quod
1554 4233 1679 4311 mium
1720 4230 1864 4340 sigillis
1907 4219 2075 4308 lundensis

314 4335 493 4446 Capituli
519 4353 562 4419 et
589 4338 789 4423 dictorum
817 4339 1075 4443 dominorum
1103 4344 1182 4425 mei
1208 4343 1435 4425 testamenti
1463 4357 1750 4451 exsequtornm
1779 4342 1887 4451 pecii
1914 4336 2074 4454 roboras-3

316 4442 414 4529 dum
447 4447 500 4532 ad
540 4450 738 4534 cautelam
765 4470 808 4537 et
847 4449 1098 4535 euidenciam
1139 4452 1373 4564 ampliorem
1429 4455 1576 4554 Actum
1617 4448 1754 4547 lundis
1803 4477 1915 4550 anno
1957 4443 2074 4530 donn

315 4553 641 4657 MCGLXXXIII
667 4560 715 4672 J'n
739 4561 792 4648 cd
820 4563 983 4667 vincula
1010 4563 1137 4663 sancti
1164 4566 1283 4698 petri,
1472 4587 1477 4594 ’
1719 4575 1727 4588 “
2080 4571 2082 4578 ’
