4382 5964
1023 327 1083 462 -ζ
1184 361 1272 479 'sss
1386 437 1444 462 .-

346 603 526 776 778.ι
747 644 752 658 ’
897 570 1515 742 .1283d.ooNov.

421 845 502 912 Bibl.
523 843 623 944 Cam
644 845 655 908 l
675 845 834 944 wentae&
853 843 1046 912 Vidimation
1057 847 1095 910 af
1109 843 1187 911 Ptfl.
1207 845 1485 931 110ssmeoe
1495 849 1574 918 Boel
1584 847 1720 914 rbmde
1729 846 2077 916 Kmiktmuuislus

599 993 601 998 ·
1815 963 1986 1038 Qut&

505 1098 716 1180 Uniuersis
745 1096 895 1179 Christi
923 1095 1111 1179 fidelibus
1140 1117 1347 1206 presentes
1379 1101 1514 1182 literas
1543 1103 1785 1212 inspecturis
1814 1102 1866 1183 K.
1894 1101 1961 1182 Dei
1985 1108 2078 1212 gracia

338 1211 564 1320 Episcopus
590 1211 815 1291 Arosiensis
844 1209 1021 1290 Salutem
1050 1211 1093 1288 in
1122 1209 1298 1292 Domino
1326 1211 1448 1294 lhesu
1476 1211 1650 1295 Christo.
1710 1213 1965 1294 Vniuersitati
1988 1232 2079 1295 vestre

280 1316 285 1330 ’
336 1335 479 1403 notum
507 1315 676 1401 facimus
703 1337 844 1401 tenore
872 1321 1142 1430 presencium,
1172 1323 1256 1403 Nos
1285 1323 1421 1405 literas
1450 1325 1690 1408 venerabilis
1705 1325 1834 1436 patris
1851 1323 1992 1404 domini
2014 1325 2078 1405 Gn'·

336 1435 454 1518 donis
481 1429 687 1544 quondam
716 1431 844 1512 Tituli
873 1431 1010 1530 Sancti
1039 1433 1256 1514 Laurencii
1284 1435 1327 1514 in
1356 1436 1510 1516 Lucina
1539 1437 1755 1546 presbiteri
1790 1434 1993 1517 cardinalis
2016 1463 2079 1545 apo

294 1593 320 1644 ι,
336 1545 475 1629 stolice
505 1543 619 1626 Sedis
648 1543 771 1652 legati
798 1541 875 1623 sub
904 1571 1002 1624 vero
1029 1542 1171 1651 Sigillo
1200 1571 1284 1625 non
1312 1547 1553 1628 cancellatas
1582 1573 1667 1628 non
1692 1545 1883 1644 abolitas,
1910 1573 1986 1625 non
2008 1575 2079 1627 rasas

335 1685 411 1738 nec
440 1658 482 1736 in
510 1653 646 1765 aliqua
673 1657 736 1735 sui
764 1664 879 1766 parte
907 1655 1073 1734 violatas
1101 1655 1320 1764 inspexisse
1348 1660 1388 1736 8(
1416 1657 1587 1740 fideliter
1616 1659 1830 1768 perlegisse
1847 1659 1889 1737 in
1903 1657 1971 1736 hec
1994 1657 2079 1736 verba

307 1767 479 1848 ·Frater
505 1765 666 1847 'Guido
708 1771 782 1848 &c
837 1767 888 1846 Se
917 1768 998 1847 Νιο
1029 1767 1120 1870 517.
1173 1768 1224 1846 Jn
1252 1771 1367 1848 cuius
1407 1771 1466 1850 rei
1507 1771 1779 1853 testimonium
1808 1767 1861 1848 ad
1889 1769 2079 1878 peticionem

291 1960 293 1967 A
333 1880 459 1988 ipsius
488 1874 640 1958 domini
668 1876 864 1958 lobannis
901 1905 1009 1956 nune
1035 1876 1333 1986 Archidyaconi
1362 1881 1592 1990 Vpsalensis
1610 1886 1650 1962 8(
1677 1878 1859 1962 eiusdem
1874 1879 2018 1961 ecclesie
2029 1877 2079 1957 cle

334 1991 390 2070 cti
418 2005 624 2097 presentes
652 1989 807 2070 litteras
835 1987 966 2097 sigillo
996 2004 1136 2067 nostro
1165 1989 1330 2074 fecimus
1358 1995 1608 2076 communiri.
1639 1995 1788 2074 Datum
1818 1995 1940 2073 Anno
1962 1991 2079 2068 Domini

333 2100 787 2184 M⁰.CC⁰.LXXX⁰.Ill⁰.
817 2099 896 2179 ΧΠ
924 2099 1014 2180 Kal.
1044 2099 1288 2181 Decembris.
1357 2117 1359 2124 '
1829 2135 1834 2143 ·

1075 2239 1194 2321 Sigillet
1214 2243 1382 2306 bortfallet

260 2551 263 2568 1
339 2646 470 2754 779·
555 2540 560 2550 ¹
965 2541 1116 2712 1283
1163 2603 1211 2710 d.
1260 2605 1334 2712 30
1380 2607 1509 2714 Nov.
1973 2605 2078 2709 Rom,

413 2825 502 2890 Palu.
524 2827 685 2889 Mssrmus
708 2821 780 2890 [Vas
801 2823 976 2910 Refallning
1002 2827 1050 2894 till
1082 2826 1271 2912 Biskopame
1293 2827 1303 2888 i
1325 2827 1424 2892 Siara
1457 2827 1517 2891 och
1550 2827 1714 2909 Strengntls
1734 2835 1779 2887 att
1810 2826 1960 2889 aterkalla
1977 2825 2009 2886 de
2026 2822 2077 2882 isar

463 2908 702 2996 Riskopsborclet
723 2910 733 2970 i
755 2899 822 2974 albo
842 2909 1027 2973 efsbndrade
1048 2909 1132 2993 gods
1859 2990 1882 3048 B
1908 2991 1932 3044 ⁵·
1949 2993 1979 3046 36

412 3179 415 3184 ·
495 3133 743 3209 Reuoeentur
765 3130 912 3240 predia
939 3134 1068 3211 mimas
1085 3132 1201 3238 juste
1228 3161 1409 3230 concesso
1423 3133 1504 3212 uel·
1514 3134 1692 3215 alienato
1705 3133 1754 3212 de
1768 3159 1905 3231 mmo
1927 3125 2076 3236 Episcopi.

433 3255 437 3266 ’
494 3271 706 3353 Mammas
735 3271 948 3380 episeopus
976 3298 1119 3358 seruus
1148 3300 1357 3366 seruorum
1387 3271 1453 3383 dej
1483 3273 1795 3357 venerabilibus
1809 3269 1995 3352 fratribus
2017 3265 2077 3345 Sca·

328 3384 436 3492 censi
464 3398 504 3464 et
529 3382 824 3490 strangiancnsi
866 3384 1076 3492 Episcopis
1119 3383 1298 3464 Salutem
1326 3401 1367 3465 et
1395 3386 1657 3492 apostolicam
1699 3379 2009 3466 benedictionem
2038 3371 2077 3452 ld

328 3493 576 3578 audienciam
605 3511 783 3574 nostram
813 3495 998 3602 peruenit
1040 3492 1151 3603 quod
1181 3511 1263 3575 tam
1291 3489 1533 3577 venerabilis
1566 3495 1690 3578 frater
1733 3511 1872 3576 noster
1902 3491 2078 3599 Episcopus

329 3607 516 3696 aboensjis
545 3631 665 3716 quam
719 3601 990 3686 redeeessores
1019 3607 1080 3686 sni
1109 3608 1289 3716 episcopi
1318 3608 1510 3688 aboenses
1539 3611 1611 3718 qui
1640 3605 1806 3687 fuerunt
1836 3630 1916 3716 pro
1942 3617 2077 3706 tenpore

329 3717 502 3800 decimas
525 3735 652 3804 terras
682 3633 823 3798 lomos
852 3715 988 3797 vineas
1016 3735 1134 3825 prata
1152 3746 1311 3827 ‚pascua
1340 3743 1503 3798 nemora
1531 3709 1540 3791 .’
1547 3717 1776 3800 molendina
1812 3718 1904 3796 iura
1941 3707 2078 3792 iurisdic-

245 3880 256 3912 ·
327 3832 464 3910 ciones
490 3835 532 3914 ,sc
560 3823 742 3938 quedam
761 3825 837 3906 alia
867 3826 974 3906 bona
1001 3827 1053 3908 ad
1081 3854 1256 3908 mensam
1290 3855 1402 3909 suem
1450 3829 1722 3940 episcopalem
1764 3825 1986 3940 spectantia
2009 3815 2079 3940 datis

326 3969 449 4047 super
476 3941 555 4020 hoc
591 3937 732 4018 litteris
774 3935 889 4018 sactis
930 3938 1310 4019 renunciacionibus
1353 3941 1585 4020 iuramentis
1634 3940 1886 4048 interpositis
1927 3941 1963 4014 &
1999 3951 2080 4052 pent

183 4067 192 4080 '
327 4050 493 4133 adiectis
524 4053 566 4131 in
593 4077 756 4159 grauem
788 4047 966 4130 eiusdem
995 4075 1131 4129 mense
1159 4049 1348 4130 lesionem
1391 4051 1599 4131 nonnullis
1641 4049 1797 4140 clericis
1842 4055 1883 4130 sc
1912 4045 2011 4127 laicis
2032 4038 2080 4120 alr·

325 4162 477 4272 quibus
506 4187 646 4243 eorum
675 4161 727 4242 ad
758 4162 880 4242 vitam
909 4157 1152 4272 quibusdam
1195 4191 1293 4243 vero
1323 4161 1377 4244 ad
1417 4189 1520 4266 nou·
1542 4162 1746 4244 modicum
1778 4180 1939 4270 tempus
1964 4171 1999 4240 st
2021 4149 2080 4229 allis
2135 4221 2137 4266 3

327 4267 530 4384 perpetuo
557 4269 608 4352 ad
639 4272 792 4352 firmam
822 4270 886 4350 uel
917 4272 993 4354 sub
1012 4299 1144 4372 ,censu
1174 4301 1309 4354 annuo
1334 4291 1622 4354 concesserunt
1647 4301 1825 4384 quorum
1845 4271 2082 4383 aliquisne
2135 4267 2137 4290 ⁴

249 4410 280 4461 ’,
324 4385 402 4466 hiis
430 4385 583 4469 litteras
611 4384 930 4464 confirmacionis
959 4386 1001 4464 in
1015 4382 1143 4466 forma
1166 4387 1373 4480 ¹communi
1403 4383 1596 4464 dicuntur
1626 4413 1649 4463 a
1678 4382 1772 4466 sede
1797 4378 2010 4492 apostolica
2034 4375 2082 4452 im·

326 4511 503 4602 petresse
532 4493 628 4607 quia
655 4521 753 4575 vero
781 4511 920 4575 nostra
954 4497 1119 4576 interest
1149 4522 1270 4604 super
1298 4495 1376 4576 hoc
1398 4493 1451 4575 de
1484 4496 1641 4604 optimo
1683 4495 1861 4577 remedio
1904 4483 2081 4601 prouidere

263 4600 267 4608 ’
324 4605 566 4689 fraternitati
593 4623 725 4686 vestre
752 4632 827 4714 per
849 4605 1075 4714 ¹apostolica
1109 4609 1259 4716 scripta
1295 4605 1528 4703 mandamus
1552 4621 1757 4717 ¹quatenus
1784 4633 1831 4686 ea
1857 4631 1940 4715 que
1966 4596 2081 4719 debu

313 4720 386 4798 'nis
415 4717 467 4798 a'd
494 4745 669 4800 mensam
698 4715 919 4825 predictam
951 4719 1256 4827 spectantibus.
1280 4719 1611 4824 ..concessionis
1638 4716 1763 4826 hujus
1778 4717 1951 4798 alienata
1976 4707 2080 4789 illicita

233 5035 235 5046 Ι
364 4967 390 5040 *)
413 4962 493 5025 Med
511 4959 733 5044 anteclningen
754 4913 874 5023 att-dd
895 4968 932 5021 tir
952 4961 1035 5042 ψει·
1056 4961 1143 5043 orig.
1163 4961 1295 5024 membr.
1309 4962 1349 5022 .in
1371 4961 1450 5025 Bibl.
1471 4959 1545 5045 Vps
1571 4957 1655 5041 1767.
