<?xml version="1.0" encoding="UTF-8"?>
<!DOCTYPE html PUBLIC "-//W3C//DTD XHTML 1.0 Transitional//EN"
    "http://www.w3.org/TR/xhtml1/DTD/xhtml1-transitional.dtd">
<html xmlns="http://www.w3.org/1999/xhtml" xml:lang="en" lang="en">
 <head>
  <title>
</title>
<meta http-equiv="Content-Type" content="text/html;charset=utf-8" />
  <meta name='ocr-system' content='tesseract 3.04.00' />
  <meta name='ocr-capabilities' content='ocr_page ocr_carea ocr_par ocr_line ocrx_word'/>
</head>
<body>
  <div class='ocr_page' id='page_1' title='image "./svensktdiplomat00swegoog_0093.png"; bbox 0 0 4384 5946; ppageno 0'>
   <div class='ocr_carea' id='block_1_1' title="bbox 802 497 1222 646">
    <p class='ocr_par' dir='ltr' id='par_1_1' title="bbox 802 497 1222 646">
     <span class='ocr_line' id='line_1_1' title="bbox 802 497 1222 646; baseline -0.01 -41"><span class='ocrx_word' id='word_1_1' title='bbox 802 543 867 646; x_wconf 83' lang='lat'><strong>.·&#39;</strong></span> <span class='ocrx_word' id='word_1_2' title='bbox 976 497 1030 604; x_wconf 68' lang='lat' dir='ltr'><strong>aa</strong></span> <span class='ocrx_word' id='word_1_3' title='bbox 1139 541 1222 601; x_wconf 79' lang='lat'><strong>·-.</strong></span> 
     </span>
    </p>
   </div>
   <div class='ocr_carea' id='block_1_2' title="bbox 13 681 1891 826">
    <p class='ocr_par' dir='ltr' id='par_1_2' title="bbox 13 681 1891 826">
     <span class='ocr_line' id='line_1_2' title="bbox 13 681 1891 826; baseline -0.002 -21"><span class='ocrx_word' id='word_1_4' title='bbox 13 681 15 704; x_wconf 26' lang='grc' dir='ltr'><strong><em>Ἡ</em></strong></span> <span class='ocrx_word' id='word_1_5' title='bbox 123 693 440 805; x_wconf 80' lang='lat' dir='ltr'><strong>tribulacionibus</strong></span> <span class='ocrx_word' id='word_1_6' title='bbox 483 723 523 798; x_wconf 86' lang='grc'><strong>81</strong></span> <span class='ocrx_word' id='word_1_7' title='bbox 565 717 757 824; x_wconf 85' lang='lat' dir='ltr'><strong>angustiis</strong></span> <span class='ocrx_word' id='word_1_8' title='bbox 794 719 932 799; x_wconf 90' lang='lat' dir='ltr'><strong>aDeo</strong></span> <span class='ocrx_word' id='word_1_9' title='bbox 968 717 1135 798; x_wconf 88' lang='lat' dir='ltr'><strong>liberati.</strong></span> <span class='ocrx_word' id='word_1_10' title='bbox 1164 702 1370 823; x_wconf 81' lang='lat' dir='ltr'><strong>magnifice</strong></span> <span class='ocrx_word' id='word_1_11' title='bbox 1396 717 1542 824; x_wconf 82' lang='lat' dir='ltr'><strong>gratias</strong></span> <span class='ocrx_word' id='word_1_12' title='bbox 1570 713 1658 826; x_wconf 91' lang='lat' dir='ltr'><strong>ipsi.</strong></span> <span class='ocrx_word' id='word_1_13' title='bbox 1675 716 1891 802; x_wconf 75' lang='lat' dir='ltr'><strong>referimus.</strong></span> 
     </span>
    </p>
   </div>
   <div class='ocr_carea' id='block_1_3' title="bbox 121 827 2033 944">
    <p class='ocr_par' dir='ltr' id='par_1_3' title="bbox 121 827 2033 944">
     <span class='ocr_line' id='line_1_3' title="bbox 121 827 2033 944; baseline -0.002 -32"><span class='ocrx_word' id='word_1_14' title='bbox 121 834 206 944; x_wconf 92' lang='lat' dir='ltr'><strong>quia</strong></span> <span class='ocrx_word' id='word_1_15' title='bbox 240 829 435 940; x_wconf 87' lang='lat' dir='ltr'><strong>populum</strong></span> <span class='ocrx_word' id='word_1_16' title='bbox 472 856 588 908; x_wconf 90' lang='lat' dir='ltr'><strong>suum</strong></span> <span class='ocrx_word' id='word_1_17' title='bbox 625 827 818 908; x_wconf 89' lang='lat' dir='ltr'><strong>liberauit.</strong></span> <span class='ocrx_word' id='word_1_18' title='bbox 856 831 952 938; x_wconf 91' lang='lat' dir='ltr'><strong>quia</strong></span> <span class='ocrx_word' id='word_1_19' title='bbox 995 829 1114 908; x_wconf 91' lang='lat' dir='ltr'><strong>nobis</strong></span> <span class='ocrx_word' id='word_1_20' title='bbox 1155 840 1327 934; x_wconf 85' lang='lat' dir='ltr'><strong>regnum</strong></span> <span class='ocrx_word' id='word_1_21' title='bbox 1355 833 1394 907; x_wconf 87' lang='lat'>&amp;</span> <span class='ocrx_word' id='word_1_22' title='bbox 1421 828 1890 924; x_wconf 80' lang='lat' dir='ltr'><strong>hereditatemrestituit.</strong></span> <span class='ocrx_word' id='word_1_23' title='bbox 2027 871 2033 892; x_wconf 79' lang='lat'>=</span> 
     </span>
    </p>
   </div>
   <div class='ocr_carea' id='block_1_4' title="bbox 120 937 1901 1050">
    <p class='ocr_par' dir='ltr' id='par_1_4' title="bbox 120 937 1901 1050">
     <span class='ocr_line' id='line_1_4' title="bbox 120 937 1901 1050; baseline -0.002 -28"><span class='ocrx_word' id='word_1_24' title='bbox 120 963 155 1024; x_wconf 90' lang='lat' dir='ltr'><strong>et</strong></span> <span class='ocrx_word' id='word_1_25' title='bbox 184 946 371 1050; x_wconf 87' lang='lat' dir='ltr'><strong>meipsum</strong></span> <span class='ocrx_word' id='word_1_26' title='bbox 409 941 452 1019; x_wconf 91' lang='lat' dir='ltr'><strong>in</strong></span> <span class='ocrx_word' id='word_1_27' title='bbox 489 939 590 1019; x_wconf 88' lang='lat' dir='ltr'><strong>solio</strong></span> <span class='ocrx_word' id='word_1_28' title='bbox 627 957 787 1047; x_wconf 91' lang='lat' dir='ltr'><strong>patrum</strong></span> <span class='ocrx_word' id='word_1_29' title='bbox 816 967 996 1021; x_wconf 86' lang='lat' dir='ltr'><strong>meorum</strong></span> <span class='ocrx_word' id='word_1_30' title='bbox 1026 939 1248 1020; x_wconf 86' lang='lat' dir='ltr'><strong>collocauit.</strong></span> <span class='ocrx_word' id='word_1_31' title='bbox 1304 938 1356 1017; x_wconf 90' lang='lat' dir='ltr'><strong>Jn</strong></span> <span class='ocrx_word' id='word_1_32' title='bbox 1384 937 1587 1018; x_wconf 88' lang='lat' dir='ltr'><strong>reddenda</strong></span> <span class='ocrx_word' id='word_1_33' title='bbox 1615 941 1737 1048; x_wconf 85' lang='lat' dir='ltr'><strong>igitur</strong></span> <span class='ocrx_word' id='word_1_34' title='bbox 1764 942 1901 1049; x_wconf 72' lang='lat' dir='ltr'><strong>&#39;gram-¹</strong></span> 
     </span>
    </p>
   </div>
   <div class='ocr_carea' id='block_1_5' title="bbox 13 1047 1894 1144">
    <p class='ocr_par' dir='ltr' id='par_1_5' title="bbox 13 1047 1894 1144">
     <span class='ocr_line' id='line_1_5' title="bbox 13 1047 1894 1144; baseline -0.001 -10"><span class='ocrx_word' id='word_1_35' title='bbox 13 1113 15 1144; x_wconf 86' lang='grc'>,</span> <span class='ocrx_word' id='word_1_36' title='bbox 121 1081 223 1134; x_wconf 85' lang='lat' dir='ltr'><strong>arum</strong></span> <span class='ocrx_word' id='word_1_37' title='bbox 253 1053 413 1133; x_wconf 82' lang='lat' dir='ltr'>accione</span> <span class='ocrx_word' id='word_1_38' title='bbox 441 1051 488 1132; x_wconf 90' lang='lat' dir='ltr'><strong>ei.</strong></span> <span class='ocrx_word' id='word_1_39' title='bbox 518 1051 638 1130; x_wconf 88' lang='lat' dir='ltr'><strong>euius</strong></span> <span class='ocrx_word' id='word_1_40' title='bbox 662 1052 807 1130; x_wconf 90' lang='lat' dir='ltr'><strong>sanctis</strong></span> <span class='ocrx_word' id='word_1_41' title='bbox 836 1052 986 1131; x_wconf 88' lang='lat' dir='ltr'><strong>meritis</strong></span> <span class='ocrx_word' id='word_1_42' title='bbox 1014 1053 1186 1132; x_wconf 86' lang='lat' dir='ltr'><strong>victores</strong></span> <span class='ocrx_word' id='word_1_43' title='bbox 1215 1077 1289 1130; x_wconf 92' lang='lat' dir='ltr'><strong>nos</strong></span> <span class='ocrx_word' id='word_1_44' title='bbox 1318 1076 1400 1129; x_wconf 87' lang='lat' dir='ltr'><strong>esse</strong></span> <span class='ocrx_word' id='word_1_45' title='bbox 1429 1047 1674 1135; x_wconf 85' lang='lat' dir='ltr'><strong>confidimus.</strong></span> <span class='ocrx_word' id='word_1_46' title='bbox 1731 1052 1791 1130; x_wconf 90' lang='lat' dir='ltr'><strong>De</strong></span> <span class='ocrx_word' id='word_1_47' title='bbox 1818 1052 1894 1132; x_wconf 92' lang='lat' dir='ltr'><strong>bo·</strong></span> 
     </span>
    </p>
   </div>
   <div class='ocr_carea' id='block_1_6' title="bbox 13 1151 1961 1821">
    <p class='ocr_par' dir='ltr' id='par_1_6' title="bbox 13 1151 1961 1821">
     <span class='ocr_line' id='line_1_6' title="bbox 121 1151 1901 1271; baseline -0.001 -27"><span class='ocrx_word' id='word_1_48' title='bbox 121 1167 174 1244; x_wconf 88' lang='lat' dir='ltr'><strong>nis</strong></span> <span class='ocrx_word' id='word_1_49' title='bbox 255 1191 277 1242; x_wconf 88' lang='lat' dir='ltr'><strong>e</strong></span> <span class='ocrx_word' id='word_1_50' title='bbox 305 1163 433 1242; x_wconf 88' lang='lat' dir='ltr'><strong>nostri</strong></span> <span class='ocrx_word' id='word_1_51' title='bbox 459 1161 562 1268; x_wconf 84' lang='lat' dir='ltr'><strong>juris</strong></span> <span class='ocrx_word' id='word_1_52' title='bbox 591 1179 694 1242; x_wconf 86' lang='lat' dir='ltr'><strong>sunt.</strong></span> <span class='ocrx_word' id='word_1_53' title='bbox 725 1189 799 1241; x_wconf 90' lang='lat' dir='ltr'><strong>nec</strong></span> <span class='ocrx_word' id='word_1_54' title='bbox 828 1191 850 1240; x_wconf 88' lang='lat' dir='ltr'>a</span> <span class='ocrx_word' id='word_1_55' title='bbox 879 1151 1103 1271; x_wconf 66' lang='lat' dir='ltr'><strong>quoquamJ</strong></span> <span class='ocrx_word' id='word_1_56' title='bbox 1127 1161 1282 1269; x_wconf 83' lang='lat' dir='ltr'><strong>legibus</strong></span> <span class='ocrx_word' id='word_1_57' title='bbox 1296 1158 1458 1242; x_wconf 84' lang='lat' dir='ltr'>aufferri</span> <span class='ocrx_word' id='word_1_58' title='bbox 1480 1177 1657 1268; x_wconf 87' lang='lat' dir='ltr'><strong>possunt.</strong></span> <span class='ocrx_word' id='word_1_59' title='bbox 1674 1161 1901 1242; x_wconf 85' lang='lat' dir='ltr'><strong>secundum·</strong></span> 
     </span>
     <span class='ocr_line' id='line_1_7' title="bbox 13 1193 1895 1384; baseline 0 -30"><span class='ocrx_word' id='word_1_60' title='bbox 13 1301 14 1384; x_wconf 56' lang='lat' dir='ltr'><strong>J</strong></span> <span class='ocrx_word' id='word_1_61' title='bbox 76 1264 78 1272; x_wconf 47' lang='lat'>¹</span> <span class='ocrx_word' id='word_1_62' title='bbox 120 1193 349 1384; x_wconf 70' lang='lat' dir='ltr'><strong>quodlnfra</strong></span> <span class='ocrx_word' id='word_1_63' title='bbox 377 1271 621 1378; x_wconf 88' lang='lat' dir='ltr'><strong>descriptum</strong></span> <span class='ocrx_word' id='word_1_64' title='bbox 650 1288 721 1352; x_wconf 85' lang='lat' dir='ltr'><strong>est.</strong></span> <span class='ocrx_word' id='word_1_65' title='bbox 752 1288 957 1380; x_wconf 81' lang='lat' dir='ltr'>gratanter</span> <span class='ocrx_word' id='word_1_66' title='bbox 984 1265 1209 1356; x_wconf 79' lang='lat' dir='ltr'><strong>offeremus.</strong></span> <span class='ocrx_word' id='word_1_67' title='bbox 1238 1289 1278 1353; x_wconf 88' lang='lat' dir='ltr'><strong>et</strong></span> <span class='ocrx_word' id='word_1_68' title='bbox 1306 1259 1490 1352; x_wconf 88' lang='lat' dir='ltr'><strong>lundensi</strong></span> <span class='ocrx_word' id='word_1_69' title='bbox 1517 1270 1680 1351; x_wconf 86' lang='lat' dir='ltr'><strong>ecclesio</strong></span> <span class='ocrx_word' id='word_1_70' title='bbox 1707 1275 1773 1353; x_wconf 80' lang='lat' dir='ltr'><strong>in&#39;</strong></span> <span class='ocrx_word' id='word_1_71' title='bbox 1799 1293 1895 1380; x_wconf 85' lang='lat' dir='ltr'><strong>pos-&#39;</strong></span> 
     </span>
     <span class='ocr_line' id='line_1_8' title="bbox 13 1381 1893 1493; baseline -0.005 -21"><span class='ocrx_word' id='word_1_72' title='bbox 13 1385 15 1472; x_wconf 54' lang='lat'>3</span> <span class='ocrx_word' id='word_1_73' title='bbox 122 1387 324 1466; x_wconf 84' lang='lat' dir='ltr'><strong>sessionem</strong></span> <span class='ocrx_word' id='word_1_74' title='bbox 360 1399 536 1466; x_wconf 88' lang='lat' dir='ltr'><strong>eternam</strong></span> <span class='ocrx_word' id='word_1_75' title='bbox 570 1410 643 1488; x_wconf 89' lang='lat' dir='ltr'><strong>per</strong></span> <span class='ocrx_word' id='word_1_76' title='bbox 680 1385 875 1490; x_wconf 87' lang='lat' dir='ltr'><strong>presentis</strong></span> <span class='ocrx_word' id='word_1_77' title='bbox 905 1387 1050 1492; x_wconf 83' lang='lat' dir='ltr'>pagine</span> <span class='ocrx_word' id='word_1_78' title='bbox 1078 1385 1353 1464; x_wconf 86' lang='lat' dir='ltr'><strong>auctoritatem</strong></span> <span class='ocrx_word' id='word_1_79' title='bbox 1381 1381 1662 1464; x_wconf 86' lang='lat' dir='ltr'><strong>contradimus.</strong></span> <span class='ocrx_word' id='word_1_80' title='bbox 1678 1400 1893 1493; x_wconf 81' lang='lat' dir='ltr'><strong>quantum</strong></span> 
     </span>
     <span class='ocr_line' id='line_1_9' title="bbox 13 1492 1904 1606; baseline 0 -32"><span class='ocrx_word' id='word_1_81' title='bbox 13 1523 15 1546; x_wconf 64' lang='lat'>³</span> <span class='ocrx_word' id='word_1_82' title='bbox 122 1495 171 1595; x_wconf 85' lang='lat' dir='ltr'><strong>ad</strong></span> <span class='ocrx_word' id='word_1_83' title='bbox 204 1495 448 1606; x_wconf 83' lang='lat' dir='ltr'><strong>prebendam</strong></span> <span class='ocrx_word' id='word_1_84' title='bbox 485 1495 602 1572; x_wconf 88' lang='lat' dir='ltr'><strong>vuius</strong></span> <span class='ocrx_word' id='word_1_85' title='bbox 637 1492 771 1572; x_wconf 89' lang='lat' dir='ltr'><strong>clerici</strong></span> <span class='ocrx_word' id='word_1_86' title='bbox 808 1493 989 1576; x_wconf 83' lang='lat' dir='ltr'><strong>sufficiat.</strong></span> <span class='ocrx_word' id='word_1_87' title='bbox 1055 1493 1166 1604; x_wconf 92' lang='lat' dir='ltr'><strong>quod</strong></span> <span class='ocrx_word' id='word_1_88' title='bbox 1202 1492 1356 1601; x_wconf 83' lang='lat' dir='ltr'><strong>jugitur</strong></span> <span class='ocrx_word' id='word_1_89' title='bbox 1390 1495 1477 1574; x_wconf 91' lang='lat' dir='ltr'><strong>Deo</strong></span> <span class='ocrx_word' id='word_1_90' title='bbox 1505 1509 1546 1572; x_wconf 90' lang='lat' dir='ltr'><strong>et</strong></span> <span class='ocrx_word' id='word_1_91' title='bbox 1572 1494 1724 1573; x_wconf 85' lang='lat' dir='ltr'><strong>sanctis¹</strong></span> <span class='ocrx_word' id='word_1_92' title='bbox 1751 1494 1904 1574; x_wconf 81' lang='lat' dir='ltr'><strong>eiusin¹</strong></span> 
     </span>
     <span class='ocr_line' id='line_1_10' title="bbox 13 1603 1893 1715; baseline -0.001 -31"><span class='ocrx_word' id='word_1_93' title='bbox 13 1627 14 1660; x_wconf 57' lang='lat'>¹</span> <span class='ocrx_word' id='word_1_94' title='bbox 127 1606 204 1686; x_wconf 91' lang='lat' dir='ltr'><strong>loco</strong></span> <span class='ocrx_word' id='word_1_95' title='bbox 230 1610 320 1715; x_wconf 90' lang='lat' dir='ltr'><strong>ipso</strong></span> <span class='ocrx_word' id='word_1_96' title='bbox 347 1632 423 1714; x_wconf 93' lang='lat' dir='ltr'><strong>pro</strong></span> <span class='ocrx_word' id='word_1_97' title='bbox 452 1603 577 1684; x_wconf 90' lang='lat' dir='ltr'><strong>salute</strong></span> <span class='ocrx_word' id='word_1_98' title='bbox 607 1606 711 1710; x_wconf 84' lang='lat' dir='ltr'><strong>regis</strong></span> <span class='ocrx_word' id='word_1_99' title='bbox 739 1603 948 1684; x_wconf 89' lang='lat' dir='ltr'><strong>deseruiat.</strong></span> <span class='ocrx_word' id='word_1_100' title='bbox 979 1608 1014 1684; x_wconf 87' lang='grc' dir='ltr'>Α</span> <span class='ocrx_word' id='word_1_101' title='bbox 1043 1606 1141 1686; x_wconf 88' lang='lat' dir='ltr'><strong>Geri</strong></span> <span class='ocrx_word' id='word_1_102' title='bbox 1168 1605 1213 1712; x_wconf 88' lang='lat' dir='ltr'><strong>jn</strong></span> <span class='ocrx_word' id='word_1_103' title='bbox 1242 1604 1335 1687; x_wconf 90' lang='lat' dir='ltr'><strong>villa</strong></span> <span class='ocrx_word' id='word_1_104' title='bbox 1362 1630 1490 1685; x_wconf 87' lang='lat' dir='ltr'><strong>wram</strong></span> <span class='ocrx_word' id='word_1_105' title='bbox 1511 1603 1893 1692; x_wconf 9' lang='lat' dir='ltr'><strong>*occidentalt‘vnus</strong></span> 
     </span>
     <span class='ocr_line' id='line_1_11' title="bbox 120 1712 1961 1821; baseline 0.001 -27"><span class='ocrx_word' id='word_1_106' title='bbox 120 1722 276 1805; x_wconf 75' lang='lat' dir='ltr'><strong>mansus.</strong></span> <span class='ocrx_word' id='word_1_107' title='bbox 356 1715 524 1795; x_wconf 89' lang='lat' dir='ltr'><strong>Heoum.</strong></span> <span class='ocrx_word' id='word_1_108' title='bbox 572 1741 740 1793; x_wconf 89' lang='lat' dir='ltr'><strong>mansus.</strong></span> <span class='ocrx_word' id='word_1_109' title='bbox 789 1715 951 1821; x_wconf 66' lang='lat' dir='ltr'><strong>Hugbir.</strong></span> <span class='ocrx_word' id='word_1_110' title='bbox 1001 1743 1169 1797; x_wconf 90' lang='lat' dir='ltr'><strong>mansus.</strong></span> <span class='ocrx_word' id='word_1_111' title='bbox 1243 1717 1266 1800; x_wconf 79' lang='lat' dir='ltr'>J</span> <span class='ocrx_word' id='word_1_112' title='bbox 1269 1745 1294 1794; x_wconf 91' lang='grc'><strong>11</strong></span> <span class='ocrx_word' id='word_1_113' title='bbox 1330 1716 1423 1804; x_wconf 86' lang='lat' dir='ltr'><strong>scio.</strong></span> <span class='ocrx_word' id='word_1_114' title='bbox 1487 1712 1676 1800; x_wconf 81' lang='lat' dir='ltr'><strong>dimidias</strong></span> <span class='ocrx_word' id='word_1_115' title='bbox 1723 1741 1901 1796; x_wconf 83' lang='lat' dir='ltr'><strong>mausus·</strong></span> <span class='ocrx_word' id='word_1_116' title='bbox 1958 1789 1961 1796; x_wconf 88' lang='grc'>.</span> 
     </span>
    </p>
   </div>
   <div class='ocr_carea' id='block_1_7' title="bbox 120 1825 2024 1934">
    <p class='ocr_par' dir='ltr' id='par_1_7' title="bbox 120 1825 2024 1934">
     <span class='ocr_line' id='line_1_12' title="bbox 120 1825 2024 1934; baseline -0.001 -28"><span class='ocrx_word' id='word_1_117' title='bbox 120 1828 329 1909; x_wconf 83' lang='lat' dir='ltr'><strong>Herchalef.</strong></span> <span class='ocrx_word' id='word_1_118' title='bbox 362 1825 576 1934; x_wconf 88' lang='lat' dir='ltr'><strong>quadrans.</strong></span> <span class='ocrx_word' id='word_1_119' title='bbox 633 1825 890 1905; x_wconf 88' lang='lat' dir='ltr'><strong>Awetlandi</strong></span> <span class='ocrx_word' id='word_1_120' title='bbox 912 1830 956 1907; x_wconf 92' lang='lat' dir='ltr'><strong>in</strong></span> <span class='ocrx_word' id='word_1_121' title='bbox 983 1828 1093 1908; x_wconf 90' lang='lat' dir='ltr'><strong>willa</strong></span> <span class='ocrx_word' id='word_1_122' title='bbox 1116 1825 1292 1906; x_wconf 86' lang='lat' dir='ltr'><strong>fialkinu.</strong></span> <span class='ocrx_word' id='word_1_123' title='bbox 1310 1825 1523 1934; x_wconf 91' lang='lat' dir='ltr'><strong>quadrans.</strong></span> <span class='ocrx_word' id='word_1_124' title='bbox 1579 1825 1631 1904; x_wconf 86' lang='lat' dir='ltr'><strong>ln</strong></span> <span class='ocrx_word' id='word_1_125' title='bbox 1645 1827 1774 1906; x_wconf 90' lang='lat' dir='ltr'><strong>insula</strong></span> <span class='ocrx_word' id='word_1_126' title='bbox 1787 1847 1903 1908; x_wconf 69' lang='lat' dir='ltr'><strong>aura·⁴</strong></span> <span class='ocrx_word' id='word_1_127' title='bbox 2018 1833 2024 1838; x_wconf 80' lang='grc'><em>“</em></span> 
     </span>
    </p>
   </div>
   <div class='ocr_carea' id='block_1_8' title="bbox 13 1934 1999 2272">
    <p class='ocr_par' dir='ltr' id='par_1_8' title="bbox 13 1934 1999 2272">
     <span class='ocr_line' id='line_1_13' title="bbox 13 1934 1999 2052; baseline 0.002 -36"><span class='ocrx_word' id='word_1_128' title='bbox 13 1943 15 1984; x_wconf 65' lang='lat'><em>⁵</em></span> <span class='ocrx_word' id='word_1_129' title='bbox 120 1967 208 2019; x_wconf 89' lang='lat' dir='ltr'><strong>cum.</strong></span> <span class='ocrx_word' id='word_1_130' title='bbox 240 1944 281 2019; x_wconf 90' lang='lat' dir='ltr'><strong>in</strong></span> <span class='ocrx_word' id='word_1_131' title='bbox 309 1938 406 2019; x_wconf 88' lang='lat' dir='ltr'><strong>villa</strong></span> <span class='ocrx_word' id='word_1_132' title='bbox 434 1935 713 2042; x_wconf 89' lang='lat' dir='ltr'><strong>tummethorp.</strong></span> <span class='ocrx_word' id='word_1_133' title='bbox 744 1935 828 2016; x_wconf 90' lang='lat' dir='ltr'><strong>duo</strong></span> <span class='ocrx_word' id='word_1_134' title='bbox 858 1939 991 2017; x_wconf 89' lang='lat' dir='ltr'><strong>mansi.</strong></span> <span class='ocrx_word' id='word_1_135' title='bbox 1051 1938 1259 2043; x_wconf 87' lang='lat' dir='ltr'><strong>Thornby.</strong></span> <span class='ocrx_word' id='word_1_136' title='bbox 1290 1965 1458 2024; x_wconf 85' lang='lat' dir='ltr'><strong>mansus.</strong></span> <span class='ocrx_word' id='word_1_137' title='bbox 1518 1934 1760 2024; x_wconf 86' lang='lat' dir='ltr'><strong>Terrashas</strong></span> <span class='ocrx_word' id='word_1_138' title='bbox 1789 1938 1896 2048; x_wconf 86' lang='lat' dir='ltr'><strong>aju·</strong></span> <span class='ocrx_word' id='word_1_139' title='bbox 1970 2039 1999 2052; x_wconf 57' lang='lat'><strong>..</strong></span> 
     </span>
     <span class='ocr_line' id='line_1_14' title="bbox 122 2047 1894 2159; baseline 0 -31"><span class='ocrx_word' id='word_1_140' title='bbox 122 2052 221 2131; x_wconf 88' lang='lat' dir='ltr'><strong>sticia</strong></span> <span class='ocrx_word' id='word_1_141' title='bbox 244 2051 369 2159; x_wconf 89' lang='lat' dir='ltr'><strong>regali</strong></span> <span class='ocrx_word' id='word_1_142' title='bbox 400 2049 593 2126; x_wconf 86' lang='lat' dir='ltr'><strong>immunes</strong></span> <span class='ocrx_word' id='word_1_143' title='bbox 621 2053 660 2129; x_wconf 76' lang='grc'><strong>81</strong></span> <span class='ocrx_word' id='word_1_144' title='bbox 688 2048 852 2128; x_wconf 92' lang='lat' dir='ltr'><strong>omnino</strong></span> <span class='ocrx_word' id='word_1_145' title='bbox 882 2050 1025 2132; x_wconf 89' lang='lat' dir='ltr'><strong>liberas</strong></span> <span class='ocrx_word' id='word_1_146' title='bbox 1053 2075 1136 2129; x_wconf 88' lang='lat' dir='ltr'><strong>esse</strong></span> <span class='ocrx_word' id='word_1_147' title='bbox 1164 2048 1371 2128; x_wconf 84' lang='lat' dir='ltr'><strong>volumus.</strong></span> <span class='ocrx_word' id='word_1_148' title='bbox 1389 2047 1441 2128; x_wconf 92' lang='lat' dir='ltr'><strong>ad</strong></span> <span class='ocrx_word' id='word_1_149' title='bbox 1468 2049 1894 2136; x_wconf 83' lang='lat' dir='ltr'><strong>imitacioneruearum.</strong></span> 
     </span>
     <span class='ocr_line' id='line_1_15' title="bbox 13 2156 1902 2272; baseline 0.002 -34"><span class='ocrx_word' id='word_1_150' title='bbox 13 2199 15 2272; x_wconf 36' lang='lat' dir='ltr'><strong>q</strong></span> <span class='ocrx_word' id='word_1_151' title='bbox 120 2187 210 2266; x_wconf 89' lang='lat' dir='ltr'><strong>quas</strong></span> <span class='ocrx_word' id='word_1_152' title='bbox 243 2161 450 2242; x_wconf 85' lang='lat' dir='ltr'><strong>dederunt·</strong></span> <span class='ocrx_word' id='word_1_153' title='bbox 478 2156 603 2236; x_wconf 85' lang='lat' dir='ltr'><strong>felicis</strong></span> <span class='ocrx_word' id='word_1_154' title='bbox 638 2161 826 2236; x_wconf 88' lang='lat' dir='ltr'><strong>memorie</strong></span> <span class='ocrx_word' id='word_1_155' title='bbox 860 2160 1157 2267; x_wconf 83' lang='lat' dir='ltr'><strong>predecessores</strong></span> <span class='ocrx_word' id='word_1_156' title='bbox 1189 2160 1326 2240; x_wconf 83' lang='lat' dir='ltr'><strong>nostri.</strong></span> <span class='ocrx_word' id='word_1_157' title='bbox 1384 2158 1532 2239; x_wconf 88' lang='lat' dir='ltr'><strong>Sweno</strong></span> <span class='ocrx_word' id='word_1_158' title='bbox 1560 2167 1725 2268; x_wconf 83' lang='lat' dir='ltr'><strong>magnus</strong></span> <span class='ocrx_word' id='word_1_159' title='bbox 1753 2177 1794 2264; x_wconf 85' lang='lat' dir='ltr'><strong>et</strong></span> <span class='ocrx_word' id='word_1_160' title='bbox 1820 2160 1902 2242; x_wconf 83' lang='lat' dir='ltr'><strong>Ga·&#39;</strong></span> 
     </span>
    </p>
   </div>
   <div class='ocr_carea' id='block_1_9' title="bbox 13 2267 2036 2378">
    <p class='ocr_par' dir='ltr' id='par_1_9' title="bbox 13 2267 2036 2378">
     <span class='ocr_line' id='line_1_16' title="bbox 13 2267 2036 2378; baseline -0.001 -25"><span class='ocrx_word' id='word_1_161' title='bbox 13 2337 14 2342; x_wconf 65' lang='lat'>,</span> <span class='ocrx_word' id='word_1_162' title='bbox 119 2289 239 2354; x_wconf 82' lang='lat' dir='ltr'><strong>nume.</strong></span> <span class='ocrx_word' id='word_1_163' title='bbox 294 2273 428 2378; x_wconf 84' lang='lat' dir='ltr'><strong>Reges</strong></span> <span class='ocrx_word' id='word_1_164' title='bbox 457 2267 655 2348; x_wconf 83' lang='lat' dir='ltr'><strong>catholici.</strong></span> <span class='ocrx_word' id='word_1_165' title='bbox 716 2268 799 2352; x_wconf 92' lang='lat' dir='ltr'><strong>Hec</strong></span> <span class='ocrx_word' id='word_1_166' title='bbox 827 2289 871 2350; x_wconf 90' lang='lat' dir='ltr'><strong>vt</strong></span> <span class='ocrx_word' id='word_1_167' title='bbox 899 2287 985 2355; x_wconf 84' lang='lat' dir='ltr'><strong>rata</strong></span> <span class='ocrx_word' id='word_1_168' title='bbox 1000 2271 1101 2351; x_wconf 82' lang='lat' dir='ltr'><strong>&#39;sint</strong></span> <span class='ocrx_word' id='word_1_169' title='bbox 1129 2269 1414 2376; x_wconf 85' lang='lat' dir='ltr'><strong>sigillonostro</strong></span> <span class='ocrx_word' id='word_1_170' title='bbox 1430 2287 1578 2350; x_wconf 85' lang='lat' dir='ltr'><strong>cartam</strong></span> <span class='ocrx_word' id='word_1_171' title='bbox 1597 2272 1699 2350; x_wconf 89' lang='lat' dir='ltr'><strong>hanc</strong></span> <span class='ocrx_word' id='word_1_172' title='bbox 1715 2272 1891 2378; x_wconf 82' lang='lat' dir='ltr'><strong>signaui-</strong></span> <span class='ocrx_word' id='word_1_173' title='bbox 2028 2339 2036 2362; x_wconf 82' lang='grc'><strong><em>,</em></strong></span> 
     </span>
    </p>
   </div>
   <div class='ocr_carea' id='block_1_10' title="bbox 13 2369 1914 3382">
    <p class='ocr_par' dir='ltr' id='par_1_10' title="bbox 13 2369 1914 3382">
     <span class='ocr_line' id='line_1_17' title="bbox 13 2369 1895 2488; baseline -0.001 -24"><span class='ocrx_word' id='word_1_174' title='bbox 13 2369 22 2400; x_wconf 74' lang='grc'><strong>“’</strong></span> <span class='ocrx_word' id='word_1_175' title='bbox 119 2411 205 2464; x_wconf 89' lang='lat' dir='ltr'><strong>mus.</strong></span> <span class='ocrx_word' id='word_1_176' title='bbox 270 2383 336 2463; x_wconf 89' lang='lat' dir='ltr'><strong>Ad</strong></span> <span class='ocrx_word' id='word_1_177' title='bbox 373 2382 567 2461; x_wconf 88' lang='lat' dir='ltr'><strong>honorem</strong></span> <span class='ocrx_word' id='word_1_178' title='bbox 607 2379 713 2485; x_wconf 88' lang='lat' dir='ltr'><strong>regis</strong></span> <span class='ocrx_word' id='word_1_179' title='bbox 739 2405 888 2486; x_wconf 83' lang='lat' dir='ltr'><strong>regum.</strong></span> <span class='ocrx_word' id='word_1_180' title='bbox 918 2383 990 2488; x_wconf 91' lang='lat' dir='ltr'><strong>qui</strong></span> <span class='ocrx_word' id='word_1_181' title='bbox 1018 2381 1120 2461; x_wconf 89' lang='lat' dir='ltr'><strong>viuit</strong></span> <span class='ocrx_word' id='word_1_182' title='bbox 1147 2381 1408 2487; x_wconf 69' lang='lat' dir='ltr'><strong>&amp;gloriatur</strong></span> <span class='ocrx_word' id='word_1_183' title='bbox 1436 2380 1546 2460; x_wconf 89' lang='lat' dir='ltr'><strong>Deus</strong></span> <span class='ocrx_word' id='word_1_184' title='bbox 1572 2408 1646 2488; x_wconf 88' lang='lat' dir='ltr'><strong>per</strong></span> <span class='ocrx_word' id='word_1_185' title='bbox 1675 2385 1809 2462; x_wconf 90' lang='lat' dir='ltr'><strong>omnia</strong></span> <span class='ocrx_word' id='word_1_186' title='bbox 1835 2409 1895 2463; x_wconf 86' lang='lat' dir='ltr'><strong>se·</strong></span> 
     </span>
     <span class='ocr_line' id='line_1_18' title="bbox 13 2487 1897 2600; baseline 0 -26"><span class='ocrx_word' id='word_1_187' title='bbox 13 2503 16 2540; x_wconf 70' lang='lat'><em>⁵</em></span> <span class='ocrx_word' id='word_1_188' title='bbox 120 2495 200 2574; x_wconf 88' lang='lat' dir='ltr'><strong>cula</strong></span> <span class='ocrx_word' id='word_1_189' title='bbox 215 2487 463 2596; x_wconf 50' lang='lat' dir='ltr'><strong>&#39;seculorum</strong></span> <span class='ocrx_word' id='word_1_190' title='bbox 492 2491 632 2568; x_wconf 82' lang='lat' dir='ltr'><strong>Amen.</strong></span> <span class='ocrx_word' id='word_1_191' title='bbox 690 2495 836 2568; x_wconf 87' lang='lat' dir='ltr'><strong>Actum</strong></span> <span class='ocrx_word' id='word_1_192' title='bbox 870 2491 1013 2572; x_wconf 88' lang='lat' dir='ltr'><strong>Lundi.</strong></span> <span class='ocrx_word' id='word_1_193' title='bbox 1041 2491 1084 2570; x_wconf 88' lang='lat' dir='ltr'><strong>in</strong></span> <span class='ocrx_word' id='word_1_194' title='bbox 1111 2491 1422 2571; x_wconf 72' lang='lat' dir='ltr'><strong>ccclesia&#39;sancti</strong></span> <span class='ocrx_word' id='word_1_195' title='bbox 1444 2490 1667 2600; x_wconf 89' lang='lat' dir='ltr'><strong>Laurencij.</strong></span> <span class='ocrx_word' id='word_1_196' title='bbox 1724 2493 1897 2574; x_wconf 77' lang='lat' dir='ltr'><strong>DomIna</strong></span> 
     </span>
     <span class='ocr_line' id='line_1_19' title="bbox 13 2593 1914 2711; baseline 0.005 -39"><span class='ocrx_word' id='word_1_197' title='bbox 13 2657 15 2672; x_wconf 86' lang='grc'><em>.</em></span> <span class='ocrx_word' id='word_1_198' title='bbox 120 2603 293 2704; x_wconf 83' lang='lat' dir='ltr'><strong>Malfride</strong></span> <span class='ocrx_word' id='word_1_199' title='bbox 330 2593 476 2711; x_wconf 76' lang='lat' dir='ltr'><strong>¹regina</strong></span> <span class='ocrx_word' id='word_1_200' title='bbox 513 2601 792 2680; x_wconf 88' lang='lat' dir='ltr'><strong>consenciente</strong></span> <span class='ocrx_word' id='word_1_201' title='bbox 829 2600 1238 2708; x_wconf 60' lang='lat' dir='ltr'><strong>&amp;collaudantem</strong></span> <span class='ocrx_word' id='word_1_202' title='bbox 1265 2599 1348 2681; x_wconf 89' lang='lat' dir='ltr'><strong>filio</strong></span> <span class='ocrx_word' id='word_1_203' title='bbox 1376 2603 1480 2710; x_wconf 88' lang='lat' dir='ltr'><strong>regis</strong></span> <span class='ocrx_word' id='word_1_204' title='bbox 1508 2628 1694 2687; x_wconf 87' lang='lat' dir='ltr'><strong>suenone.</strong></span> <span class='ocrx_word' id='word_1_205' title='bbox 1711 2600 1914 2710; x_wconf 78' lang='lat' dir='ltr'><strong>presentc&#39;</strong></span> 
     </span>
     <span class='ocr_line' id='line_1_20' title="bbox 120 2709 1895 2822; baseline -0.002 -26"><span class='ocrx_word' id='word_1_206' title='bbox 120 2715 274 2798; x_wconf 89' lang='lat' dir='ltr'><strong>domino</strong></span> <span class='ocrx_word' id='word_1_207' title='bbox 313 2741 358 2792; x_wconf 89' lang='lat' dir='ltr'><strong>ae</strong></span> <span class='ocrx_word' id='word_1_208' title='bbox 394 2709 613 2793; x_wconf 89' lang='lat' dir='ltr'><strong>venerabili</strong></span> <span class='ocrx_word' id='word_1_209' title='bbox 651 2737 788 2790; x_wconf 83' lang='lat' dir='ltr'><strong>ascero</strong></span> <span class='ocrx_word' id='word_1_210' title='bbox 825 2711 1007 2794; x_wconf 91' lang='lat' dir='ltr'><strong>lundensi</strong></span> <span class='ocrx_word' id='word_1_211' title='bbox 1043 2711 1354 2819; x_wconf 89' lang='lat' dir='ltr'><strong>archiepiscopo.</strong></span> <span class='ocrx_word' id='word_1_212' title='bbox 1403 2728 1444 2792; x_wconf 90' lang='lat' dir='ltr'><strong>et</strong></span> <span class='ocrx_word' id='word_1_213' title='bbox 1470 2713 1616 2795; x_wconf 88' lang='lat' dir='ltr'><strong>ottario</strong></span> <span class='ocrx_word' id='word_1_214' title='bbox 1648 2713 1895 2822; x_wconf 78' lang='lat' dir='ltr'><strong>bergenensi.</strong></span> 
     </span>
     <span class='ocr_line' id='line_1_21' title="bbox 13 2821 1898 2937; baseline -0.002 -32"><span class='ocrx_word' id='word_1_215' title='bbox 13 2885 15 2920; x_wconf 37' lang='grc'><strong>1</strong></span> <span class='ocrx_word' id='word_1_216' title='bbox 120 2828 188 2933; x_wconf 89' lang='lat' dir='ltr'><strong>qui</strong></span> <span class='ocrx_word' id='word_1_217' title='bbox 221 2830 365 2937; x_wconf 87' lang='lat' dir='ltr'><strong>justam</strong></span> <span class='ocrx_word' id='word_1_218' title='bbox 400 2823 505 2929; x_wconf 86' lang='lat' dir='ltr'><strong>regis</strong></span> <span class='ocrx_word' id='word_1_219' title='bbox 541 2821 787 2902; x_wconf 88' lang='lat' dir='ltr'><strong>voluntatem</strong></span> <span class='ocrx_word' id='word_1_220' title='bbox 823 2850 893 2902; x_wconf 90' lang='lat' dir='ltr'><strong>sua</strong></span> <span class='ocrx_word' id='word_1_221' title='bbox 922 2823 1157 2908; x_wconf 85' lang='lat' dir='ltr'><strong>auctoritate</strong></span> <span class='ocrx_word' id='word_1_222' title='bbox 1185 2823 1530 2908; x_wconf 88' lang='lat' dir='ltr'><strong>confirmauerunt.</strong></span> <span class='ocrx_word' id='word_1_223' title='bbox 1589 2823 1758 2910; x_wconf 85' lang='lat' dir='ltr'><strong>Omnem</strong></span> <span class='ocrx_word' id='word_1_224' title='bbox 1785 2841 1898 2904; x_wconf 76' lang='lat' dir='ltr'><strong>uero.¹</strong></span> 
     </span>
     <span class='ocr_line' id='line_1_22' title="bbox 13 2927 1897 3043; baseline 0.003 -29"><span class='ocrx_word' id='word_1_225' title='bbox 13 2927 15 2942; x_wconf 74' lang='lat'>&#39;</span> <span class='ocrx_word' id='word_1_226' title='bbox 118 2938 209 3020; x_wconf 87' lang='lat' dir='ltr'><strong>huie</strong></span> <span class='ocrx_word' id='word_1_227' title='bbox 244 2933 526 3022; x_wconf 89' lang='lat' dir='ltr'><strong>constitucioni</strong></span> <span class='ocrx_word' id='word_1_228' title='bbox 553 2930 891 3012; x_wconf 88' lang='lat' dir='ltr'><strong>contradicentem</strong></span> <span class='ocrx_word' id='word_1_229' title='bbox 920 2934 982 3013; x_wconf 86' lang='lat' dir='ltr'><strong>vel</strong></span> <span class='ocrx_word' id='word_1_230' title='bbox 1013 2930 1297 3022; x_wconf 79' lang='lat' dir='ltr'><strong>aduersantem.</strong></span> <span class='ocrx_word' id='word_1_231' title='bbox 1327 2951 1530 3043; x_wconf 83' lang='lat' dir='ltr'><strong>tamquam</strong></span> <span class='ocrx_word' id='word_1_232' title='bbox 1558 2931 1751 3024; x_wconf 88' lang='lat' dir='ltr'><strong>latronem</strong></span> <span class='ocrx_word' id='word_1_233' title='bbox 1771 2939 1811 3013; x_wconf 87' lang='grc'><strong>81</strong></span> <span class='ocrx_word' id='word_1_234' title='bbox 1825 2931 1897 3020; x_wconf 87' lang='lat' dir='ltr'><strong>ali·</strong></span> 
     </span>
     <span class='ocr_line' id='line_1_23' title="bbox 116 3041 1908 3164; baseline -0.002 -38"><span class='ocrx_word' id='word_1_235' title='bbox 116 3051 176 3128; x_wconf 87' lang='lat' dir='ltr'><strong>eni</strong></span> <span class='ocrx_word' id='word_1_236' title='bbox 202 3047 300 3156; x_wconf 85' lang='lat' dir='ltr'><strong>juris</strong></span> <span class='ocrx_word' id='word_1_237' title='bbox 332 3048 556 3130; x_wconf 89' lang='lat' dir='ltr'><strong>inuasorem</strong></span> <span class='ocrx_word' id='word_1_238' title='bbox 585 3042 1029 3124; x_wconf 89' lang='lat' dir='ltr'><strong>anathematizauerunt.</strong></span> <span class='ocrx_word' id='word_1_239' title='bbox 1055 3071 1190 3124; x_wconf 90' lang='lat' dir='ltr'><strong>eoram</strong></span> <span class='ocrx_word' id='word_1_240' title='bbox 1217 3041 1448 3164; x_wconf 79' lang='lat' dir='ltr'><strong>presbiteris</strong></span> <span class='ocrx_word' id='word_1_241' title='bbox 1477 3049 1517 3124; x_wconf 84' lang='lat'>&amp;</span> <span class='ocrx_word' id='word_1_242' title='bbox 1530 3041 1779 3148; x_wconf 83' lang='lat' dir='ltr'><strong>dyaconlbus</strong></span> <span class='ocrx_word' id='word_1_243' title='bbox 1794 3041 1908 3124; x_wconf 44' lang='lat' dir='ltr'><strong>mul·w</strong></span> 
     </span>
     <span class='ocr_line' id='line_1_24' title="bbox 117 3152 1897 3264; baseline -0.003 -27"><span class='ocrx_word' id='word_1_244' title='bbox 117 3161 163 3237; x_wconf 86' lang='lat' dir='ltr'><strong>tis</strong></span> <span class='ocrx_word' id='word_1_245' title='bbox 190 3177 228 3244; x_wconf 88' lang='lat' dir='ltr'><strong>et</strong></span> <span class='ocrx_word' id='word_1_246' title='bbox 254 3183 401 3263; x_wconf 84' lang='lat' dir='ltr'><strong>magna</strong></span> <span class='ocrx_word' id='word_1_247' title='bbox 430 3152 572 3264; x_wconf 93' lang='lat' dir='ltr'><strong>populi</strong></span> <span class='ocrx_word' id='word_1_248' title='bbox 605 3153 873 3234; x_wconf 90' lang='lat' dir='ltr'><strong>multitudine.</strong></span> <span class='ocrx_word' id='word_1_249' title='bbox 932 3156 1098 3236; x_wconf 88' lang='lat' dir='ltr'><strong>Octauo</strong></span> <span class='ocrx_word' id='word_1_250' title='bbox 1116 3153 1210 3260; x_wconf 88' lang='lat' dir='ltr'><strong>jdus</strong></span> <span class='ocrx_word' id='word_1_251' title='bbox 1239 3155 1415 3264; x_wconf 83' lang='lat' dir='ltr'><strong>lanuarlj</strong></span> <span class='ocrx_word' id='word_1_252' title='bbox 1443 3153 1666 3234; x_wconf 83' lang='lat' dir='ltr'><strong>indictione</strong></span> <span class='ocrx_word' id='word_1_253' title='bbox 1693 3155 1792 3246; x_wconf 88' lang='lat' dir='ltr'>XIII</span> <span class='ocrx_word' id='word_1_254' title='bbox 1814 3157 1897 3231; x_wconf 88' lang='lat' dir='ltr'><strong>An·</strong></span> 
     </span>
     <span class='ocr_line' id='line_1_25' title="bbox 67 3262 1894 3382; baseline -0.004 -33"><span class='ocrx_word' id='word_1_255' title='bbox 67 3303 72 3308; x_wconf 96' lang='lat'><em>·</em></span> <span class='ocrx_word' id='word_1_256' title='bbox 117 3297 166 3349; x_wconf 89' lang='lat' dir='ltr'><strong>no</strong></span> <span class='ocrx_word' id='word_1_257' title='bbox 193 3271 243 3352; x_wconf 91' lang='lat' dir='ltr'><strong>ab</strong></span> <span class='ocrx_word' id='word_1_258' title='bbox 272 3262 737 3380; x_wconf 27' lang='lat' dir='ltr'><strong>incarnacione&#39;dominj</strong></span> <span class='ocrx_word' id='word_1_259' title='bbox 767 3265 1006 3347; x_wconf 86' lang='lat' dir='ltr'><strong>MCXXXV.</strong></span> <span class='ocrx_word' id='word_1_260' title='bbox 1065 3266 1346 3380; x_wconf 83' lang='lat' dir='ltr'><strong>Regniautem</strong></span> <span class='ocrx_word' id='word_1_261' title='bbox 1373 3265 1478 3374; x_wconf 79' lang='lat' dir='ltr'><strong>regis</strong></span> <span class='ocrx_word' id='word_1_262' title='bbox 1505 3265 1602 3345; x_wconf 88' lang='lat' dir='ltr'><strong>erici</strong></span> <span class='ocrx_word' id='word_1_263' title='bbox 1615 3291 1722 3346; x_wconf 87' lang='lat' dir='ltr'><strong>anno</strong></span> <span class='ocrx_word' id='word_1_264' title='bbox 1736 3277 1894 3382; x_wconf 77' lang='lat' dir='ltr'><strong>quarto,</strong></span> 
     </span>
    </p>
   </div>
   <div class='ocr_carea' id='block_1_11' title="bbox 123 3591 1229 3805">
    <p class='ocr_par' dir='ltr' id='par_1_11' title="bbox 123 3591 1229 3828">
     <span class='ocr_line' id='line_1_26' title="bbox 123 3591 1229 3805; baseline 0.004 -45"><span class='ocrx_word' id='word_1_265' title='bbox 123 3657 205 3785; x_wconf 72' lang='grc'><strong>34.</strong></span> <span class='ocrx_word' id='word_1_266' title='bbox 336 3591 381 3805; x_wconf 15' lang='grc' dir='ltr'><strong>Α,</strong></span> <span class='ocrx_word' id='word_1_267' title='bbox 486 3697 491 3706; x_wconf 92' lang='grc'>·</span> <span class='ocrx_word' id='word_1_268' title='bbox 626 3683 631 3690; x_wconf 85' lang='grc'><strong>’</strong></span> <span class='ocrx_word' id='word_1_269' title='bbox 767 3787 769 3792; x_wconf 65' lang='lat'>,</span> <span class='ocrx_word' id='word_1_270' title='bbox 950 3601 1115 3786; x_wconf 72' lang='grc'><strong>1145.</strong></span> <span class='ocrx_word' id='word_1_271' title='bbox 1222 3705 1229 3720; x_wconf 70' lang='grc'><strong><em>’</em></strong></span> 
     </span>
    </p>
   </div>
   <div class='ocr_carea' id='block_1_12' title="bbox 192 3839 1963 4026">
    <p class='ocr_par' dir='ltr' id='par_1_12' title="bbox 192 3839 1963 4026">
     <span class='ocr_line' id='line_1_27' title="bbox 197 3839 1963 3972; baseline 0.007 -29"><span class='ocrx_word' id='word_1_272' title='bbox 197 3882 275 3943; x_wconf 84' lang='lat' dir='ltr'><strong>Bref</strong></span> <span class='ocrx_word' id='word_1_273' title='bbox 294 3878 428 3942; x_wconf 80' lang='lat' dir='ltr'><strong>ro&#39;rande</strong></span> <span class='ocrx_word' id='word_1_274' title='bbox 448 3880 596 3942; x_wconf 85' lang='lat' dir='ltr'><strong>donation</strong></span> <span class='ocrx_word' id='word_1_275' title='bbox 621 3878 658 3941; x_wconf 81' lang='lat' dir='ltr'><strong>af</strong></span> <span class='ocrx_word' id='word_1_276' title='bbox 675 3879 762 3961; x_wconf 83' lang='lat' dir='ltr'><strong>gods,</strong></span> <span class='ocrx_word' id='word_1_277' title='bbox 785 3879 965 3943; x_wconf 79' lang='lat' dir='ltr'><strong>instillelseu</strong></span> <span class='ocrx_word' id='word_1_278' title='bbox 995 3879 1032 3942; x_wconf 81' lang='lat' dir='ltr'><strong>af</strong></span> <span class='ocrx_word' id='word_1_279' title='bbox 1064 3879 1378 3966; x_wconf 76' lang='lat' dir='ltr'><strong>lrledjekned&#39;o&#39;met,</strong></span> <span class='ocrx_word' id='word_1_280' title='bbox 1416 3839 1753 3972; x_wconf 70' lang='lat' dir='ltr'><strong>Slattmtstaresysslon</strong></span> <span class='ocrx_word' id='word_1_281' title='bbox 1783 3910 1823 3952; x_wconf 79' lang='lat' dir='ltr'><strong>m.</strong></span> <span class='ocrx_word' id='word_1_282' title='bbox 1852 3879 1900 3954; x_wconf 80' lang='grc' dir='ltr'><strong>111.Ι</strong></span> <span class='ocrx_word' id='word_1_283' title='bbox 1958 3907 1963 3920; x_wconf 90' lang='grc'><strong>’</strong></span> 
     </span>
     <span class='ocr_line' id='line_1_28' title="bbox 192 3961 1669 4026; baseline -0.006 0"><span class='ocrx_word' id='word_1_284' title='bbox 192 3977 197 3987; x_wconf 95' lang='grc'>’</span> <span class='ocrx_word' id='word_1_285' title='bbox 234 3965 271 4025; x_wconf 73' lang='lat' dir='ltr'><strong>af</strong></span> <span class='ocrx_word' id='word_1_286' title='bbox 289 3961 469 4026; x_wconf 59' lang='lat' dir='ltr'><strong>like-Bisa</strong></span> <span class='ocrx_word' id='word_1_287' title='bbox 491 3961 590 4024; x_wconf 74' lang='lat' dir='ltr'><strong>Esurr.</strong></span> <span class='ocrx_word' id='word_1_288' title='bbox 622 3961 753 4024; x_wconf 90' lang='lat' dir='ltr'><strong>iLuud.</strong></span> <span class='ocrx_word' id='word_1_289' title='bbox 1179 4009 1181 4020; x_wconf 77' lang='grc'>,</span> <span class='ocrx_word' id='word_1_290' title='bbox 1666 3969 1669 3976; x_wconf 90' lang='grc'><strong>’</strong></span> 
     </span>
    </p>
   </div>
   <div class='ocr_carea' id='block_1_13' title="bbox 1527 4081 1860 4160">
    <p class='ocr_par' dir='ltr' id='par_1_13' title="bbox 1527 4081 1860 4160">
     <span class='ocr_line' id='line_1_29' title="bbox 1527 4081 1860 4160; baseline -0.009 -21"><span class='ocrx_word' id='word_1_291' title='bbox 1527 4103 1528 4108; x_wconf 70' lang='grc'>’</span> <span class='ocrx_word' id='word_1_292' title='bbox 1627 4081 1762 4160; x_wconf 72' lang='grc' dir='ltr'><strong>Β.11711.</strong></span> <span class='ocrx_word' id='word_1_293' title='bbox 1857 4129 1860 4136; x_wconf 95' lang='grc'><em>,</em></span> 
     </span>
    </p>
   </div>
   <div class='ocr_carea' id='block_1_14' title="bbox 279 4211 1983 4514">
    <p class='ocr_par' dir='ltr' id='par_1_14' title="bbox 279 4211 1983 4514">
     <span class='ocr_line' id='line_1_30' title="bbox 279 4211 1896 4325; baseline 0.005 -35"><span class='ocrx_word' id='word_1_294' title='bbox 279 4212 459 4290; x_wconf 90' lang='lat' dir='ltr'><strong>Donacio</strong></span> <span class='ocrx_word' id='word_1_295' title='bbox 495 4213 788 4318; x_wconf 88' lang='lat' dir='ltr'><strong>possessionum</strong></span> <span class='ocrx_word' id='word_1_296' title='bbox 825 4241 847 4292; x_wconf 89' lang='lat' dir='ltr'>a</span> <span class='ocrx_word' id='word_1_297' title='bbox 885 4213 1051 4306; x_wconf 86' lang='lat' dir='ltr'><strong>domino</strong></span> <span class='ocrx_word' id='word_1_298' title='bbox 1078 4211 1219 4299; x_wconf 81' lang='lat' dir='ltr'><strong>eslrillo</strong></span> <span class='ocrx_word' id='word_1_299' title='bbox 1246 4216 1559 4325; x_wconf 84' lang='lat' dir='ltr'><strong>archiepiscopo.</strong></span> <span class='ocrx_word' id='word_1_300' title='bbox 1618 4221 1667 4297; x_wconf 88' lang='lat' dir='ltr'><strong>Et</strong></span> <span class='ocrx_word' id='word_1_301' title='bbox 1694 4219 1896 4302; x_wconf 84' lang='lat' dir='ltr'><strong>institucio</strong></span> 
     </span>
     <span class='ocr_line' id='line_1_31' title="bbox 314 4313 1983 4510; baseline 0.007 -111"><span class='ocrx_word' id='word_1_302' title='bbox 314 4313 733 4510; x_wconf 57' lang='grc' dir='ltr'><strong>111111ἑάζᾶ001111111181</strong></span> <span class='ocrx_word' id='word_1_303' title='bbox 767 4325 1009 4420; x_wconf 85' lang='lat' dir='ltr'><strong>thesauraria</strong></span> <span class='ocrx_word' id='word_1_304' title='bbox 1037 4329 1101 4406; x_wconf 93' lang='lat' dir='ltr'><strong>Et·</strong></span> <span class='ocrx_word' id='word_1_305' title='bbox 1117 4324 1229 4448; x_wconf 91' lang='lat' dir='ltr'><strong>quod</strong></span> <span class='ocrx_word' id='word_1_306' title='bbox 1258 4355 1334 4434; x_wconf 91' lang='lat' dir='ltr'><strong>pro</strong></span> <span class='ocrx_word' id='word_1_307' title='bbox 1364 4354 1525 4410; x_wconf 88' lang='lat' dir='ltr'><strong>munere</strong></span> <span class='ocrx_word' id='word_1_308' title='bbox 1552 4330 1725 4418; x_wconf 79' lang='lat' dir='ltr'><strong>caritatis</strong></span> <span class='ocrx_word' id='word_1_309' title='bbox 1754 4331 1896 4414; x_wconf 85' lang='lat' dir='ltr'><strong>Cante-</strong></span> <span class='ocrx_word' id='word_1_310' title='bbox 1975 4383 1983 4398; x_wconf 90' lang='lat'><strong>·</strong></span> 
     </span>
     <span class='ocr_line' id='line_1_32' title="bbox 310 4443 721 4514; baseline -0.005 -2"><span class='ocrx_word' id='word_1_311' title='bbox 310 4449 378 4512; x_wconf 92' lang='lat' dir='ltr'><strong>tur</strong></span> <span class='ocrx_word' id='word_1_312' title='bbox 440 4447 559 4511; x_wconf 89' lang='lat' dir='ltr'><strong>nstus</strong></span> <span class='ocrx_word' id='word_1_313' title='bbox 587 4443 721 4514; x_wconf 80' lang='lat' dir='ltr'><strong>vmctt.</strong></span> 
     </span>
    </p>
   </div>
   <div class='ocr_carea' id='block_1_15' title="bbox 121 4575 1950 5120">
    <p class='ocr_par' dir='ltr' id='par_1_15' title="bbox 121 4575 1950 5120">
     <span class='ocr_line' id='line_1_33' title="bbox 277 4575 1898 4684; baseline 0.004 -27"><span class='ocrx_word' id='word_1_314' title='bbox 277 4578 327 4657; x_wconf 90' lang='lat' dir='ltr'><strong>ln</strong></span> <span class='ocrx_word' id='word_1_315' title='bbox 363 4575 523 4657; x_wconf 89' lang='lat' dir='ltr'><strong>nomine</strong></span> <span class='ocrx_word' id='word_1_316' title='bbox 559 4595 692 4658; x_wconf 87' lang='lat' dir='ltr'><strong>sancte</strong></span> <span class='ocrx_word' id='word_1_317' title='bbox 727 4583 766 4656; x_wconf 77' lang='grc'><strong>81</strong></span> <span class='ocrx_word' id='word_1_318' title='bbox 802 4576 1012 4658; x_wconf 85' lang='lat' dir='ltr'><strong>indiuidua</strong></span> <span class='ocrx_word' id='word_1_319' title='bbox 1034 4578 1223 4661; x_wconf 84' lang='lat' dir='ltr'><strong>trinitatis</strong></span> <span class='ocrx_word' id='word_1_320' title='bbox 1252 4581 1402 4684; x_wconf 83' lang='lat' dir='ltr'><strong>Notum</strong></span> <span class='ocrx_word' id='word_1_321' title='bbox 1429 4581 1482 4662; x_wconf 88' lang='lat' dir='ltr'><strong>sit</strong></span> <span class='ocrx_word' id='word_1_322' title='bbox 1509 4579 1695 4662; x_wconf 80' lang='lat' dir='ltr'><strong>omnibus</strong></span> <span class='ocrx_word' id='word_1_323' title='bbox 1722 4581 1777 4662; x_wconf 90' lang='lat' dir='ltr'><strong>ita</strong></span> <span class='ocrx_word' id='word_1_324' title='bbox 1834 4608 1898 4663; x_wconf 93' lang='lat' dir='ltr'><strong>re·</strong></span> 
     </span>
     <span class='ocr_line' id='line_1_34' title="bbox 121 4609 1898 4799; baseline 0.003 -32"><span class='ocrx_word' id='word_1_325' title='bbox 121 4689 294 4770; x_wconf 82' lang='lat' dir='ltr'><strong>sentibus</strong></span> <span class='ocrx_word' id='word_1_326' title='bbox 331 4714 453 4795; x_wconf 91' lang='lat' dir='ltr'><strong>quam</strong></span> <span class='ocrx_word' id='word_1_327' title='bbox 491 4685 637 4766; x_wconf 79' lang='lat' dir='ltr'><strong>rhturis</strong></span> <span class='ocrx_word' id='word_1_328' title='bbox 666 4688 708 4766; x_wconf 92' lang='lat' dir='ltr'><strong>in</strong></span> <span class='ocrx_word' id='word_1_329' title='bbox 735 4707 959 4796; x_wconf 85' lang='lat' dir='ltr'><strong>posterum.¹</strong></span> <span class='ocrx_word' id='word_1_330' title='bbox 985 4689 1158 4799; x_wconf 89' lang='lat' dir='ltr'><strong>qualiter</strong></span> <span class='ocrx_word' id='word_1_331' title='bbox 1186 4690 1372 4771; x_wconf 90' lang='lat' dir='ltr'><strong>dominus</strong></span> <span class='ocrx_word' id='word_1_332' title='bbox 1393 4689 1565 4772; x_wconf 86' lang='lat' dir='ltr'><strong>eskillus.</strong></span> <span class='ocrx_word' id='word_1_333' title='bbox 1581 4710 1714 4779; x_wconf 85' lang='lat' dir='ltr'><strong>sancte</strong></span> <span class='ocrx_word' id='word_1_334' title='bbox 1729 4609 1898 4773; x_wconf 78' lang='lat' dir='ltr'><strong>lunden·</strong></span> 
     </span>
     <span class='ocr_line' id='line_1_35' title="bbox 121 4796 1921 4910; baseline 0.003 -32"><span class='ocrx_word' id='word_1_335' title='bbox 121 4799 170 4878; x_wconf 83' lang='lat' dir='ltr'><strong>sis</strong></span> <span class='ocrx_word' id='word_1_336' title='bbox 198 4797 361 4880; x_wconf 90' lang='lat' dir='ltr'><strong>ecclesie</strong></span> <span class='ocrx_word' id='word_1_337' title='bbox 389 4796 712 4908; x_wconf 87' lang='lat' dir='ltr'><strong>archiepiscopus</strong></span> <span class='ocrx_word' id='word_1_338' title='bbox 741 4797 961 4880; x_wconf 82' lang='lat' dir='ltr'><strong>secundus.</strong></span> <span class='ocrx_word' id='word_1_339' title='bbox 981 4799 1158 4881; x_wconf 88' lang='lat' dir='ltr'><strong>eiusdem</strong></span> <span class='ocrx_word' id='word_1_340' title='bbox 1176 4800 1397 4906; x_wconf 84' lang='lat' dir='ltr'><strong>dignitates</strong></span> <span class='ocrx_word' id='word_1_341' title='bbox 1425 4819 1467 4882; x_wconf 87' lang='lat' dir='ltr'><strong>et</strong></span> <span class='ocrx_word' id='word_1_342' title='bbox 1493 4817 1656 4882; x_wconf 91' lang='lat' dir='ltr'><strong>ornatus</strong></span> <span class='ocrx_word' id='word_1_343' title='bbox 1684 4803 1921 4910; x_wconf 62' lang='lat' dir='ltr'><strong>ampliaue.</strong></span> 
     </span>
     <span class='ocr_line' id='line_1_36' title="bbox 121 4907 1950 5028; baseline 0.004 -43"><span class='ocrx_word' id='word_1_344' title='bbox 121 4908 180 4989; x_wconf 92' lang='lat' dir='ltr'><strong>rit.</strong></span> <span class='ocrx_word' id='word_1_345' title='bbox 217 4907 391 5020; x_wconf 89' lang='lat' dir='ltr'><strong>qualiter</strong></span> <span class='ocrx_word' id='word_1_346' title='bbox 427 4933 522 4988; x_wconf 88' lang='lat' dir='ltr'><strong>earn.</strong></span> <span class='ocrx_word' id='word_1_347' title='bbox 563 4909 777 5014; x_wconf 84' lang='lat' dir='ltr'><strong>insignium</strong></span> <span class='ocrx_word' id='word_1_348' title='bbox 814 4908 1015 4991; x_wconf 84' lang='lat' dir='ltr'><strong>donorum</strong></span> <span class='ocrx_word' id='word_1_349' title='bbox 1052 4907 1273 5020; x_wconf 84' lang='lat' dir='ltr'><strong>priuilegiis</strong></span> <span class='ocrx_word' id='word_1_350' title='bbox 1311 4909 1595 5028; x_wconf 83' lang='lat' dir='ltr'><strong>sublimauerit.</strong></span> <span class='ocrx_word' id='word_1_351' title='bbox 1652 4911 1769 5002; x_wconf 86' lang='lat' dir='ltr'><strong>Idem</strong></span> <span class='ocrx_word' id='word_1_352' title='bbox 1793 4914 1950 4993; x_wconf 32' lang='lat' dir='ltr'><strong>enim*</strong></span> 
     </span>
     <span class='ocr_line' id='line_1_37' title="bbox 252 5045 1822 5120; baseline 0.003 -18"><span class='ocrx_word' id='word_1_353' title='bbox 252 5048 299 5104; x_wconf 59' lang='grc' dir='ltr'><strong>ὃν.</strong></span> <span class='ocrx_word' id='word_1_354' title='bbox 317 5049 396 5116; x_wconf 66' lang='lat' dir='ltr'><strong>opt.</strong></span> <span class='ocrx_word' id='word_1_355' title='bbox 917 5117 918 5120; x_wconf 8' lang='grc' dir='ltr'><strong>Ἴ</strong></span> <span class='ocrx_word' id='word_1_356' title='bbox 1272 5065 1275 5068; x_wconf 86' lang='grc'><em>“</em></span> <span class='ocrx_word' id='word_1_357' title='bbox 1646 5045 1697 5120; x_wconf 78' lang='grc'><strong>7</strong></span> <span class='ocrx_word' id='word_1_358' title='bbox 1731 5063 1737 5074; x_wconf 92' lang='grc'><em>“</em></span> <span class='ocrx_word' id='word_1_359' title='bbox 1814 5063 1822 5076; x_wconf 84' lang='grc'><strong><em>’</em></strong></span> 
     </span>
    </p>
   </div>
   <div class='ocr_carea' id='block_1_16' title="bbox 0 0 2196 5945">
    <p class='ocr_par' dir='ltr' id='par_1_16' title="bbox 0 0 2196 5945">
     <span class='ocr_line' id='line_1_38' title="bbox 0 0 2196 5945; baseline 0 0"><span class='ocrx_word' id='word_1_360' title='bbox 0 0 2196 5945; x_wconf 95' lang='lat' dir='ltr'><strong> </strong></span> 
     </span>
    </p>
   </div>
  </div>
 </body>
</html>
