4384 5946
948 396 1338 504 «16,-

90 599 93 608 ’
227 607 233 624 ’
268 615 515 702 observator
550 629 680 696 autem
706 613 827 722 hujus
854 615 1013 697 nostrae¹
1032 615 1343 698 ammonitionis-
1358 605 1612 720 &jussionis
1640 607 1792 696 habeat
1810 601 2049 704 benedictio-²

266 733 360 812 nem
387 728 668 836 omnipotentis
697 728 787 825 Dei,
817 728 1106 838 beatorumque
1135 729 1447 835 Apostolorum,
1487 730 1528 805 &
1562 743 1761 825 nostram,
1804 729 1876 837 qui
1902 723 2050 815 'eorum

270 841 473 949 fungimur
500 840 775 919 vicariatione·
825 839 969 930 Sancta
996 840 1171 943 Trinitas
1200 838 1491 920 fraternitatem
1514 833 1625 916 tuam
1641 840 1750 918 omni
1765 857 1946 947 tempore
1961 871 2052 923 con·

177 1027 178 1030 ,
267 955 427 1035 'servare
462 949 648 1058 dignetur
677 951 922 1048 incolumen,
952 968 1071 1059 atque
1100 968 1193 1058 post
1224 951 1344 1059 hujus
1374 947 1505 1027 Seculi
1535 948 1858 1048 amaritudinem,
1888 951 1950 1032 ad·
1965 979 2052 1060 par·

271 1081 431 1173 petuam
459 1059 579 1142 ducat
607 1055 902 1143 beatitudinem.
960 1062 1161 1169 Scriptum
1189 1090 1262 1168 per
1305 1087 1465 1139 manum
1510 1058 1700 1165 Gregorii
1721 1062 1896 1142 ·Notarii
1939 1082 2054 1173 atque

270 1173 467 1256 scriniarii
495 1173 619 1251 sancti
647 1171 802 1280 palatii,
832 1175 875 1252 in
903 1199 1034 1252 mense
1063 1174 1308 1254 Novembrio
1338 1170 1562 1250 Indictione
1591 1171 1639 1248 V.
1697 1172 1799 1251 Data
1813 1201 1887 1281 per
1898 1201 2054 1256 manum·

171 1325 175 1335 ,
269 1284 462 1369 lobannis
490 1280 726 1361 Cancellarii
754 1301 897 1363 sanctae
926 1284 1113 1364 Romanae
1142 1284 1350 1379 Ecclesiae,
1378 1280 1549 1391 peractis
1579 1280 1785 1364 missarum
1824 1282 2053 1370 celebratio-

266 1398 387 1480 nibus
414 1411 505 1475 ante
533 1393 656 1474 altare
683 1393 790 1475 beati
816 1395 923 1477 Petri
951 1393 1147 1503 Apostoli.
1776 1419 1781 1426 ·

278 1663 362 1761 io.
749 1709 752 1716 ’
1001 1655 1111 1798 891
1163 1657 1181 1755 i
1224 1652 1343 1792 Maj.

352 1839 653 1990 mfffflffi
680 1839 751 1974 Vlts
771 1841 930 1920 tuttmakt,
952 1842 1044 1926 jemte
1065 1841 1213 1918 Panium,
1235 1838 1494 1930 lb'rAnmeaerus
1506 1827 2058 1926 ettverehkalliakopillembnrg

439 2044 669 2124 Srmmuus
698 2043 943 2151 Episcopus,
972 2069 1107 2123 servus
1135 2047 1341 2122 servorum
1370 2039 1463 2137 Dei,
1480 2040 1822 2122 Reverendissimo
1843 2047 1884 2121 8(
1897 2045 2055 2135 sanctis-

143 2151 148 2166 ’
266 2161 375 2252 ,simo
404 2153 620 2261 Adalgario
649 2171 793 2244 sanctae
821 2155 1197 2260 Hammaburgensis
1226 2153 1410 2232 Ecclesiae
1438 2151 1753 2262 Arcbiepiscopo
1790 2157 1830 2246 8ς
1867 2153 2055 2234 confratri

211 2281 214 2288 “
274 2293 390 2366 meo',
436 2271 476 2346 &
518 2281 610 2371 post
650 2281 689 2344 te
732 2267 775 2344 in
816 2265 953 2347 eadem
995 2265 1170 2346 Ecclesia
1218 2260 1261 2344 in
1297 2279 1547 2371 perpetuum.
1620 2263 1720 2343 Cum
1764 2265 1841 2371 piae
1869 2262 2055 2345 desideri·

272 2376 587 2462 alm-voluntatis
615 2381 654 2454 St
682 2375 889 2457 laudandae
924 2377 1149 2458 devotionis
1191 2375 1360 2454 intentio
1404 2373 1645 2480 Apostolicis
1688 2375 1739 2454 sit
1780 2401 1936 2482 semper
1975 2394 2055 2470 atu·

273 2490 351 2574 dtis
394 2485 636 2595 adjuvanda,
678 2515 774 2566 cura
816 2503 876 2566 est
916 2486 1193 2568 sollicitudinis
1230 2483 1472 2581 adhibenda,
1501 2501 1547 2565 ut
1576 2513 1638 2581 ea,
1667 2513 1757 2594 quae
1786 2484 1966 2592 legaliter
1993 2514 2057 2594 ge·

270 2619 439 2695 runtur,
467 2603 507 2676 &
536 2596 732 2705 aequitatis
761 2595 897 2676 formae
926 2601 1184 2692 conveniant,
1213 2596 1324 2676 nulla
1351 2595 1507 2676 valeant
1534 2594 1799 2702 refragatione
1814 2598 2057 2702 perturbari,

271 2711 344 2818 sed
372 2706 635 2814 irrefragabili
662 2706 770 2812 jure,
801 2708 887 2787 Deo
916 2725 1096 2804 auctore,
1125 2706 1272 2789 debent
1300 2732 1549 2814 permanere,
1578 2713 1618 2787 &
1644 2708 1699 2787 ob
1736 2706 1813 2786 boc
1855 2708 2061 2816 Apostoli·v

63 2825 67 2832 ’
189 2862 193 2871 ’
274 2819 332 2908 cis
361 2818 623 2930 promulgatis
652 2819 943 2914 sanctionibus,
972 2821 1139 2928 propria
1167 2820 1394 2927 unicuique,
1424 2845 1515 2927 quae
1543 2818 1689 2898 rationi
1703 2835 1938 2925 suppetunt
1964 2847 2054 2928 pos-

272 2930 459 3026 sidenda,
488 2928 546 3009 fas
575 2931 697 3034 exigit
725 2931 971 3027 confirmari,
986 2937 1024 3012 8<
1046 2958 1166 3039 quem
1181 2928 1406 3038 postulasti,
1421 2946 1467 3008 ut
1481 2927 1736 3035 privilegium
1751 2946 1831 3008 tuae
1845 2927 2058 3010 faceremus

271 3043 476 3138 Ecclesiae,
515 3045 555 3118 &
581 3040 812 3147 Apostolica
840 3042 1008 3121 tuitione
1036 3044 1384 3136 roboravissemus,
1413 3039 1578 3119 eandem
1606 3041 1649 3118 in
1676 3040 1890 3147 pristinum
1933 3059 2059 3122 totum

273 3179 432 3236 manere
461 3148 735 3248 concedimus,
765 3157 805 3229 81
831 3153 1064 3259 Apostolico
1092 3151 1181 3260 jure
1209 3152 1424 3246 firmamus,
1448 3151 1522 3230 tibi
1541 3167 1701 3260 tuaeque
1714 3169 1860 3230 sanctae
1874 3151 2058 3232 Hamma-

273 3264 487 3371 burgensis
516 3262 701 3341 Ecclesiae
730 3264 1104 3371 successoribusque
1132 3265 1210 3344 tuis
1239 3262 1346 3340 illam
1375 3259 1629 3368 dignitatem,
1659 3267 1699 3341 St
1733 3260 1830 3342 lines
1871 3265 2058 3371 proprios

274 3403 381 3459 eum.
395 3369 556 3482 praediis
585 3372 770 3452 omnibus
798 3379 838 3454 &
865 3373 1081 3480 parochiis,
1110 3380 1149 3453 St
1177 3373 1362 3453 omnibus
1390 3372 1509 3453 rebus
1537 3372 1753 3454 mobilibus
1781 3380 1822 3454 &
1849 3373 2061 3456 immobili·

218 3531 223 3541 '
273 3487 372 3581 bus,
401 3511 492 3564 cum
521 3483 728 3591 mancipiis
756 3485 964 3592 utriusque
993 3512 1121 3564 sexus·
1136 3484 1341 3591 possidere
1384 3488 1423 3561 Sc
1457 3498 1610 3580 tenere,
1654 3510 1780 3592 quum
1821 3486 1903 3591 piae
1915 3481 2060 3566 memo-

271 3599 343 3678 riae
372 3593 591 3700 Gregorius
619 3613 843 3675 antecessor
871 3609 1025 3692 noster,
1054 3597 1250 3702 Ansgario
1279 3595 1517 3674 antecessori
1544 3611 1635 3690 tuo,
1673 3622 1793 3704 quem
1835 3597 2062 3704 Archicpis·
2169 3659 2171 3662 -

22 3749 28 3763 ·
131 3713 138 3723 '
244 3734 422 3814 'copum
451 3704 651 3786 ordinavit
678 3708 721 3786 in
750 3707 924 3812 Ecclesia
952 3725 1040 3804 tua,
1069 3708 1281 3802 concessit,
1309 3705 1484 3786 stabilito
1513 3705 1662 3785 scilieet
1702 3703 1812 3811 jure,
1847 3711 1888 3786 8t
1925 3705 2060 3788 Ludo·

274 3819 401 3900 wicus
429 3813 514 3922 ejus
543 3816 647 3897 filius
675 3835 788 3900 tuam
820 3818 1035 3897 voluerunt
1071 3816 1218 3897 habere
1261 3817 1476 3896 Ecclesiam
1504 3821 1544 3896 &
1586 3817 1787 3921 Imperiali
1822 3814 2061 3900 definierunt

274 3943 480 4039 potestate.
541 3928 800 4008 Decernimus
828 3945 979 4021 autem,
1008 3945 1054 4007 ut
1083 3946 1318 4034 potestatem
1345 3926 1491 4006 habeas
1520 3924 1735 4007 ordinandi
1762 3927 1986 4036 Episcopos
2000 3929 2061 4008 in-

233 4107 237 4112 .
274 4039 337 4124 fra
364 4057 473 4120 tuam
501 4039 731 4144 parochiam
758 4037 1031 4134 &dioecesim
1062 4041 1116 4118 ita
1144 4057 1293 4134 tamen,
1323 4053 1369 4116 ut
1396 4036 1471 4116 sub
1499 4052 1587 4132 tua,
1603 4053 1762 4146 tuaeque
1777 4035 1963 4125 Ecclesiae
1987 4037 2061 4118 sal·

207 4157 214 4166 ”
272 4179 326 4236 ta
353 4148 562 4256 dignitate,
592 4151 716 4255 ipsius
743 4165 927 4229 maneant
954 4166 1159 4256 potestate.
1216 4150 1258 4229 Si
1288 4149 1377 4258 quis
1413 4165 1544 4226 autem
1588 4165 1728 4227 contra
1769 4148 1890 4254 hujus
1917 4168 2063 4232 nostrae

275 4260 522 4342 auctoritatis
550 4260 805 4366 privilegium
833 4263 891 4339 ire
919 4261 1190 4367 temptaverit,
1219 4265 1258 4342 &
1286 4256 1511 4368 quomodo,
1540 4259 1583 4336 in
1610 4277 1742 4367 parte,
1785 4259 1848 4338 vel
1891 4259 1934 4340 in
1977 4279 2062 4342 toto

216 4383 217 4386 ’
275 4371 460 4477 frangere
488 4371 598 4450 nisus
627 4369 756 4466 fuerit,
784 4370 835 4450 sit
863 4373 1225 4451 excommunicatus
1254 4399 1276 4449 a
1304 4397 1475 4478 corpore
1503 4370 1727 4449 &vivifico
1757 4371 1949 4478 sanguine
1981 4374 2062 4452 Do·

275 4481 375 4564 mini
402 4482 530 4561 nostri
557 4481 650 4562 lesu
676 4479 827 4560 Christi
854 4486 892 4562 &
914 4501 1064 4563 sanctae
1094 4483 1169 4562 Dei
1194 4480 1379 4576 Ecclesiae
1407 4478 1519 4559 aditu
1547 4485 1586 4558 tc
1621 4484 1883 4561 conventione
1905 4509 2062 4591 separa-

274 4611 354 4676 tus.
410 4592 656 4675 Observator
684 4609 815 4672 autem
848 4587 967 4698 hujus
995 4609 1141 4674 nostrae
1169 4591 1451 4675 admonitionis
1480 4595 1519 4668 8(
1545 4589 1731 4697 jussionis
1773 4592 1916 4673 habeat
1943 4594 2064 4674 bene-

274 4701 490 4788 dictionem
519 4703 801 4812 omnipotentis
829 4702 904 4782 Dei
932 4704 1221 4816 beatorumque
1249 4702 1556 4811 Apostolorum,
1585 4709 1625 4784 &
1652 4719 1846 4801 nostram,
1886 4704 1961 4813 ¹qui
1999 4731 2065 4783 eo-

271 4813 446 4898 rundem
473 4810 674 4922 fungimur
700 4814 967 4896 vicariatione.
1024 4814 1226 4923 Scriptum
1253 4841 1326 4923 per
1354 4840 1514 4916 manum
1542 4814 1733 4895 iohannis
1753 4815 1960 4896 Secretarii
1975 4842 2064 4898 sen·

276 4943 350 5011 ctae
378 4927 565 5009 Romanae
578 4925 789 5050 [Ecclesiae.
845 4925 895 5007 ln
921 4953 1054 5012 mense
1082 4925 1198 5037 Majo.
1255 4924 1478 5011 Indictione
1506 4925 1724 5008 undecima.

381 5067 388 5074 ·
1845 5065 1887 5120 11
