4362 5946
987 440 1402 572 ‘3¹31‘

303 665 511 752 intendere
540 651 643 744 banc
671 663 769 743 to'tis
796 659 983 769 amplecti
1011 660 1219 770 desiderijs
1247 664 1458 772 omnisque
1486 659 1691 770 diligentie
1706 662 1849 745 studio.
1871 688 2055 775 procurare

302 797 495 862 tenemur.
513 773 633 855 -unde
662 771 705 861 id
732 799 783 852 cx
810 771 934 879 oflicij
961 772 1091 883 nostrj
1118 771 1257 853 debito
1285 773 1475 855 ardenter
1490 775 1729 882 appetimus,
1757 781 1798 854 8<
1826 777 1877 859 ad
1900 777 2057 885 hacope·

304 916 391 970 ram
420 891 546 968 iuxta,
561 883 843 964 insufficientia
871 883 1017 962 nostre
1036 882 1337 993 possibilitatem
1354 883 1571 972 efficaciter
1586 883 1847 969 adhibemus.¹
1864 906 1910 969 ut
1936 888 2058 994 singuli

304 1002 447 1084 erectis
470 999 523 1080 ad
552 996 672 1076 deum
703 992 829 1074 oculis
859 992 1264 1075 affectibus‘directis
1292 993 1515 1102 adipsum,
1562 995 1638 1076 sibi
1667 995 1815 1105 placita
1857 1015 2059 1108 operantes,

220 1208 224 1214 ι
303 1113 415 1192 tutis
431 1109 481 1192 ad
506 1105 599 1200 ‚eum
629 1109 704 1187 sub
734 1105 974 1184 conscientie
995 1105 1157 1186 'fiducia
1198 1103 1368 1186 tendant
1402 1105 1603 1213 gressibus
1638 1134 1772 1189 secum
1805 1111 1893 1191 sine
1921 1111 1990 1189 fine
2013 1109 2061 1186 ui·

303 1233 421 1317 cturi,
450 1222 521 1328 qui
550 1216 602 1297 ad
631 1219 739 1324 ipsos
768 1244 817 1295 ne
846 1219 1008 1324 absque
1026 1217 1198 1295 termino
1226 1232 1479 1297 morerentur
1506 1219 1682 1298 accessit.
1728 1221 1832 1299 Sane
1860 1249 1949 1301 cum
1975 1217 2062 1298 ordi·

304 1361 397 1413 nem
425 1347 605 1410 uestrum
632 1330 711 1435 hijs
739 1327 988 1435 temporibus
1018 1325 1259 1433 disponente
1288 1326 1453 1406 domino
1481 1325 1532 1406 in
1552 1330 1638 1408 eius
1672 1329 1836 1411 ecclesia
1877 1321 2091 1410 salubriter.

304 1447 532 1524 institutum
562 1440 782 1546 apostolica
810 1436 921 1517 sedes
950 1441 1139 1545 oportuni
1170 1437 1321 1524 fauoris
1350 1443 1554 1519 curauerit
1572 1441 1726 1520 munire
1748 1441 1925 1548 presidio
1951 1447 1987 1520 8(
2009 1438 2065 1516 bc-

307 1557 451 1636 neficio
479 1553 607 1662 gratie
635 1549 820 1630 attollere
848 1547 1042 1656 specialis.
1071 1549 1276 1658 ipsiusque
1304 1548 1459 1630 ordinis
1488 1549 1631 1630 fratres
1652 1569 1810 1632 tantum
1838 1550 2066 1635 eiusdemse·

272 1664 367 1747 “dis
396 1663 682 1744 beneuolentia
710 1660 823 1740 uelut
851 1657 1109 1768 gratitudinis
1135 1659 1207 1766 filij
1242 1659 1496 1768 plenitudine
1539 1659 1836 1743 deuotionis&
1864 1660 2068 1744 obedientie
2148 1757 2149 1760 Ἴ

304 1773 625 1884 promptitudine
655 1780 886 1851 reuerentes
915 1787 1143 1878 agnoscant.
1172 1799 1245 1850 nos
1275 1798 1348 1878 per
1377 1799 1444 1850 ecs
1473 1788 1677 1882 tamquam
1707 1774 1904 1853 catholice
1929 1771 2016 1852 fidei
2038 1784 2069 1846 ct
2148 1765 2149 1808 ³

305 1889 456 1967 iustitie
485 1885 663 1989 feruidos
692 1883 886 1962 zelatores
914 1901 1078 1988 paratos
1107 1909 1263 1989 semper
1290 1898 1427 1962 nostra
1458 1881 1710 1990 beneplacita
1725 1883 1775 1966 ad
1805 1884 1981 1993 implere,
2007 1881 2070 1961 sol·

152 1985 154 1999 '
191 2101 194 2106 Ι
263 2052 269 2060 -
305 1997 424 2095 licite,
452 2023 682 2104 processum
697 2010 839 2074 contra
854 1991 1097 2073 fredericum
1125 1992 1334 2101 quondam
1348 1994 1621 2073 Romanorum
1637 1996 2070 2102 Imperatorcmincon·

307 2109 402 2191 cilio
430 2106 542 2219 quod
573 2134 703 2214 nuper
732 2103 925 2212 Lugduni
953 2120 1157 2183 annuente
1186 2103 1352 2184 domino
1381 2101 1670 2184 celebrauimus
1699 2105 1881 2186 habitum
1904 2104 2072 2185 uolumus

306 2221 516 2330 publicari.
547 2218 616 2298 Set
645 2234 691 2298 ut
719 2215 866 2294 clarius
894 2213 1013 2294 uobis
1029 2214 1178 2323 liqueat
1206 2242 1437 2322 processum
1466 2213 1639 2294 eundern
1668 2217 1822 2297 iusticie
1836 2213 2072 2326 plenitudine

179 2353 186 2364 ’
307 2334 393 2426 fore
421 2331 634 2425 munitum,
664 2328 766 2406 scire
794 2353 868 2405 uos
896 2325 1083 2410 uolumus
1110 2325 1223 2434 quod
1252 2326 1443 2433 expositis
1471 2328 1512 2406 in
1542 2327 1630 2432 ipso
1658 2328 1841 2408 Concilio
1876 2326 2029 2436 prefati.
2046 2320 2071 2424 l.

303 2440 530 2551 nephandis
559 2438 785 2519 excessibus
815 2433 1038 2546 eodemque
1063 2435 1235 2518 concilio
1264 2436 1489 2520 discusione
1531 2435 1779 2521 deliberante
1816 2439 1933 2548 uigili
1971 2461 2074 2542 super

304 2557 471 2644 eis.·nos
498 2548 663 2630 tandem
692 2546 742 2628 de
771 2549 971 2630 corrrmuni
1001 2563 1083 2661 tarn
1109 2546 1278 2626 fratrum
1308 2565 1532 2628 nostrorum
1563 2576 1682 2656 quam
1718 2551 1880 2656 concilij
1918 2547 2073 2629 ciusdem

308 2666 476 2746 consilio
505 2659 796 2743 sententialiter
811 2676 953 2739 contra
968 2676 1240 2742 memoratum.
1257 2656 1283 2739 f.
1299 2659 1487 2740 duximus
1503 2657 1813 2766 procedendum,
1829 2678 1958 2768 prout
1971 2687 2017 2738 ex
2029 2673 2074 2733 tc·

307 2777 407 2856 nore
422 2773 619 2855 sententie
634 2799 757 2879 quarn
786 2771 862 2858 sub
892 2768 1003 2880 bulla
1031 2783 1167 2848 nostra
1195 2771 1512 2865 transmittimus,
1527 2771 1642 2851 uobis
1670 2770 1829 2876 plenius
1858 2773 2075 2852 innotescet.

307 2885 428 2968 Vnde
457 2912 508 2964 ne
537 2883 677 2962 christi
705 2881 842 2962 fideles
870 2880 1063 2989 predicte.
1092 2879 1120 2958 f.
1137 2895 1278 2961 contra
1292 2880 1461 2960 eandem
1475 2881 1712 2962 sententiam
1727 2911 1802 2989 per
1821 2879 2076 2992 ignorantiam

305 3014 478 3108 pareant
499 2994 564 3073 uel
582 2991 812 3088 intendant,
828 3007 869 3074 et
881 3009 928 3070 ut
942 2991 1136 3072 sententie
1149 2991 1273 3099 ipsius
1301 2992 1458 3099 equitas
1486 2991 1673 3075 omnibus
1689 3009 1786 3074 nota
1802 2994 1880 3074 liat.
1920 2993 2076 3072 Vniuer-

307 3113 464 3202 sitatem
492 3121 667 3186 uestram
695 3129 902 3198 monemus
931 3104 1207 3188 &hortamur
1236 3117 1401 3198 attente,
1427 3104 1471 3188 in
1502 3104 1771 3187 remissionem
1803 3105 1923 3190 uobis
1955 3128 2077 3211 pecca·

197 3241 213 3254 '
304 3221 456 3300 minum
495 3217 756 3325 iniungentes.
785 3218 975 3323 quatinus
1008 3240 1238 3322 processum
1278 3211 1508 3296 huiusmodi
1551 3243 1624 3322 per
1651 3242 1724 3294 uos
1752 3231 1791 3293 et
1821 3214 1920 3294 alios
1969 3209 2078 3293 nostri

303 3330 458 3414 ordinis
486 3326 630 3408 fratres
659 3324 855 3435 prouidus
884 3342 924 3404 et
951 3327 1144 3406 discretos
1173 3325 1214 3402 in
1244 3322 1341 3402 locis
1356 3326 1568 3432 oportunis
1589 3323 1797 3434 publicare
1818 3329 1981 3408 curetis.
2012 3324 2078 3402 Nos

304 3439 555 3524 enim·uobis
585 3438 809 3544 uestrisque
852 3435 1045 3516 fratribus
1088 3433 1339 3514 conuocandi
1368 3454 1534 3543 propter
1562 3438 1640 3516 hoc
1669 3452 1750 3515 tam
1789 3437 1945 3540 clerum
1975 3459 2079 3548 quen

304 3548 593 3636 inhuiusmodi
608 3549 772 3659 negotio
784 3545 902 3626 uobis
914 3546 1192 3627 fauorabiliter
1207 3549 1386 3628 assistere
1416 3545 1661 3627 mandamus.
1676 3575 1797 3656 quam
1813 3550 2014 3656 populum
2029 3543 2078 3622 'fe-

298 3659 427 3760 'st'iuis
450 3659 592 3741 diebus
621 3675 661 3738 et
676 3657 822 3737 aliisae
850 3653 1055 3737 relaxandi
1075 3654 1386 3737 misericorditer
1420 3657 1608 3737 omnibus
1636 3659 2037 3765 uerepenitentibus
2049 3669 2079 3733 et

303 3775 496 3860 confessis
510 3772 582 3880 qui
597 3769 647 3850 ad
668 3785 821 3848 uestras
836 3769 1129 3875 predicationes
1142 3769 1186 3847 in
1204 3768 1353 3876 quibus
1369 3795 1599 3877 processum
1628 3767 1931 3876 publicaueritis
1954 3793 2080 3876 supra-

306 3889 458 3970 dictum
473 3883 729 3982 accesserint,
758 3875 1038 3985 Quadraginta
1068 3877 1150 3958 dies
1178 3879 1228 3959 de
1257 3880 1491 3986 penitentijs
1526 3881 1717 3959 iniunctis
1746 3880 1894 3961 eisdem
1924 3882 2078 3962 liberam

301 3999 515 4079 tribuimus
544 3993 780 4073 auctoritate
797 3991 1039 4097 presentium
1057 4004 1307 4098 potestatem.
1337 3993 1388 4069 Et
1417 3993 1448 4070 si
1466 3989 1570 4070 forte
1585 4007 1753 4097 propter
1768 3991 2003 4075 huiusmodi
2016 4016 2081 4098 pu·

116 4117 122 4125 '
220 4189 224 4198 ,
304 4109 558 4192 blicationem
590 4101 861 4196 contumelias,
890 4101 1018 4197 exilia,
1033 4100 1209 4196 uincula,
1237 4129 1424 4197 carceres,
1440 4101 1612 4185 uerbera
1641 4129 1710 4181 seu
1756 4130 1984 4212 uecumque
1998 4129 2080 4209 sup

305 4223 425 4331 plicia
454 4217 520 4297 uel
549 4215 732 4324 corporis
761 4213 963 4302 cruciatus
990 4240 1064 4294 uos
1092 4213 1287 4305 sustinere
1329 4213 1562 4319 contigerit,
1597 4130 1854 4294 concedimus
1883 4212 1933 4295 de
1964 4213 2082 4294 omni·

304 4329 481 4440 potentis
508 4326 574 4408 dei
601 4321 874 4405 misericordia
903 4327 941 4402 8<
970 4322 1182 4431 beatorum
1214 4324 1322 4406 Petri
1350 4342 1389 4403 et
1417 4323 1529 4403 Pauli
1559 4323 1832 4430 apostolorum
1847 4327 1930 4405 eius
1953 4340 2081 4404 aucto·

305 4443 423 4520 ritate
452 4437 612 4533 confisi,
641 4450 688 4514 ut
716 4436 788 4514 hec
817 4437 949 4513 omnia
978 4433 1095 4514 uobis
1137 4431 1260 4514 uelud
1289 4434 1565 4515 constantibus
1593 4433 1684 4514 fidei
1715 4436 1871 4515 iusticie
1889 4455 1937 4516 ¹et
1967 4437 2082 4516 eccle·

308 4552 463 4650 siastice
491 4547 688 4629 libertatis
717 4543 859 4625 adletis
888 4543 939 4626 ad
968 4546 1130 4653 plenam
1158 4545 1428 4632 remissionem
1457 4548 1732 4651 peccaminum
1762 4563 1803 4626 et
1831 4563 1971 4628 eterne
2002 4569 2082 4656 pre·
2147 4645 2149 4650 Ι

299 4661 431 4749 ¹mium
458 4659 543 4742 uite
565 4657 721 4742 cedant.
753 4656 901 4741 Datum
921 4653 1114 4763 Lugduni
1138 4654 1176 4734 X
1196 4653 1287 4740 Kal.
1317 4656 1495 4736 Januarii
1523 4656 1784 4740 Pontificatus
1818 4661 1946 4762 nostri
1970 4663 2081 4740 Anno

304 4769 456 4852 Tertio·
1055 4801 1058 4808 ·
1160 4797 1163 4804 ·

1800 4967 1889 5048 330.
