4368 5950
978 495 1390 617 aar.

290 745 385 837 itlis'
409 748 635 842 dumtaxat,
676 743 749 856 qui
791 743 835 823 in
875 738 1051 823 Ecclesie
1078 758 1148 822 tue
1176 740 1398 852 privilegiis
1426 756 1522 820 sunt
1548 737 1744 846 expressi,
1778 739 1913 850 sicque
1936 740 2046 824 soluta
2153 745 2154 748 ‘

291 876 351 946 est
378 873 525 972 quarta
553 857 674 941 etiam
699 856 876 964 questio,
904 881 987 962 qua
1015 854 1200 963 quesisti,
1229 881 1282 933 an
1310 853 1387 932 tibi
1413 853 1465 930 sit
1493 850 1646 932 licitum
1674 875 1751 959 pro
1766 845 1960 932 defunctis
1971 879 2047 935 cum

292 970 425 1086 palleo
453 968 669 1052 celebrare.
698 965 845 1048 Datum
873 964 998 1046 Reate
1027 965 1117 1044 llll.
1149 962 1246 1050 Idus
1273 964 1446 1072 Augusti
1473 967 1595 1044 Anno
1624 961 1801 1043 Decimo.
1898 993 1903 1004 ·

301 1362 431 1470 235.
535 1342 541 1356 x
926 1363 1074 1464 1225
1123 1356 1171 1460 d.
1225 1395 1291 1461 12
1342 1306 1472 1501 Aug.
1665 1297 1668 1304 ·
1904 1349 2053 1456 Riati

376 1581 468 1648 Ptfv.
491 1581 651 1646 Honorius
671 1579 741 1644 tna
761 1577 933 1646 Fsasnan
953 1589 1005 1640 om
1024 1532 1167 1663 beskydd
1187 1579 1237 1642 for
1257 1577 1391 1662 Konnng
1411 1575 1489 1640 Eure
1509 1565 1658 1674 Eurcssos
1680 1573 1741 1638 oth
1761 1573 1840 1640 haus
1862 1575 1935 1638 iile.

1721 1716 1723 1720 ·
1789 1687 1826 1744 tt
1844 1705 1871 1744 e.
1891 1690 1952 1762 174..

861 1825 986 1908 Ert'oo
1014 1830 1173 1911 Itlasrrt
1206 1830 1313 1950 Regi
1338 1763 1505 1909 Suebiae.

458 1971 555 2056 Tvae
582 1970 847 2053 Sublimitatis
870 1968 1038 2051 deuotio
1067 1985 1340 2078 promeretur,
1370 1985 1416 2050 vt
1444 1967 1498 2048 ad
1518 1987 1629 2050 tuam
1656 1969 1854 2078 &Regni
1883 1968 1942 2049 tui
1966 1984 2059 2048 trau
2153 1949 2154 1958 Ν

178 2101 214 2172 ,“
292 2083 532 2198 quillitatem
560 2087 767 2191 &pacem
797 2097 978 2190 paternae
1006 2081 1286 2163 sollicitudinis
1307 2079 1443 2161 studio
1471 2078 1738 2162 intendamus.
1768 2080 1876 2160 Hinc
1891 2095 1948 2160 est
1967 2075 2060 2188 quod

291 2223 508 2306 personam
533 2211 645 2275 tuam
673 2222 765 2274 curn
793 2195 952 2304 Regno,
981 2199 1022 2272 &
1049 2192 1236 2273 omnibus
1263 2193 1344 2272 tuis
1372 2190 1598 2271 honoribus
1626 2221 1672 2273 ac
1700 2193 1867 2299 iusticijs
1883 2187 2062 2272 sublieati

290 2305 468 2390 Petri&
496 2321 633 2386 nostra
662 2305 913 2412 protectione
942 2303 1200 2412 suscepimus,
1229 2307 1270 2383 8(
1299 2305 1504 2411 praesentis
1533 2302 1674 2412 scripti
1702 2303 1931 2410 patrocinio
1971 2326 2061 2380 com·

178 2437 181 2446 “
291 2416 509 2514 munimus,
540 2414 759 2496 districtius
787 2415 1031 2512 inhibentes,
1058 2441 1111 2502 ne
1139 2414 1231 2523 quis
1259 2414 1435 2494 honores
1462 2431 1553 2494 tuos
1581 2440 1628 2492 ec
1657 2413 1745 2494 iura
1774 2427 1991 2523 praesumat
2014 2410 2064 2488 in·

290 2525 455 2624 uadere,
484 2544 555 2607 aut
583 2524 891 2637 quomodolibet
924 2542 1073 2636 temere
1102 2524 1351 2633 perturbare.
1409 2524 1519 2604 Nulli
1547 2551 1645 2632 ergo
1674 2525 1840 2605 omuino
1871 2523 2061 2604 hominum

96 2659 99 2666 ⁴
163 2715 167 2721 ,
290 2637 411 2721 liceat
436 2638 540 2718 hanc
569 2639 758 2746 paginam
785 2653 934 2716 nostrae
961 2639 1223 2746 protectionis
1251 2642 1290 2716 8<
1318 2633 1569 2716 inhibitionis
1599 2633 1832 2744 infringere,
1848 2635 1914 2718 vel
1931 2637 1966 2716 ei
1980 2657 2065 2711 ausu

290 2749 505 2830 temerario
533 2750 745 2830 contraire.
802 2748 844 2828 Si
866 2749 958 2857 quis
987 2764 1121 2828 autem
1148 2747 1225 2827 hoc
1255 2762 1454 2826 attentare
1483 2748 1792 2854 praesumpserit,
1835 2744 2064 2855 indignatio·

292 2887 386 2941 nem
415 2858 714 2967 Omnipotentis
742 2859 829 2955 Dei,
858 2862 899 2940 8(
926 2857 1140 2940 beatorum
1166 2857 1274 2938 Petri
1303 2864 1342 2937 &
1369 2857 1482 2937 Pauli
1510 2857 1798 2965 Apostolorum
1825 2859 1915 2937 eius
1942 2884 1981 2938 se
2004 2879 2065 2944 no·

292 2971 402 3053 uerit
429 2971 698 3052 incursurum.
727 2970 877 3052 Datum
905 2970 1030 3052 Reate
1057 2969 1235 3054 secundo
1265 2969 1359 3050 Idus
1386 2971 1560 3076 Augusti
1588 2969 1708 3052 Anno
1736 2970 1919 3050 Decimo.

211 3309 228 3456 ’ξ
271 3361 432 3468 2236.
908 3370 1082 3472 ¹reis
1129 3367 1177 3472 a.
1233 3405 1297 3472 12
1346 3367 1478 3512 aug.
1942 3359 2072 3465 Riati.

375 3583 467 3648 Psfv.
500 3581 656 3646 Honorius
691 3587 744 3648 111.
775 3587 823 3650 till
853 3583 1105 3674 irie-Biskopen
1120 3537 1145 3654 *i
1167 3590 1287 3675 Upsala
1310 3612 1361 3655 orn
1380 3589 1551 3653 besordrau
1572 3589 1622 3650 liir
1642 3609 1681 3649 eu
1701 3586 1882 3670 Djelne-Ca
1928 3583 2001 3658 llso,
2017 3597 2071 3670 sum

428 3667 516 3749 lange
539 3666 679 3728 studeret
701 3671 712 3730 i
733 3669 824 3734 Paris
844 3671 905 3736 och
925 3671 1026 3736 under
1046 3684 1161 3737 tvenne
1181 3675 1218 3740 Ar
1235 3675 1318 3736 skatt
1338 3675 1483 3757 audeliga
1502 3671 1576 3734 va'rf
1594 3673 1605 3732 i
1626 3667 1817 3734 lrttmmande
1839 3670 1890 3732 la'n
1913 3688 1958 3728 er.

364 3853 367 3864 1
1158 3839 1160 3844 ,
1519 3787 1552 3842 1².
1572 3801 1594 3839 t:
1616 3785 1657 3840 88.
1700 3783 1754 3840 An.
1776 3801 1816 3838 ιο.
1835 3781 1890 3853 Ep.
1915 3797 1956 3835 ια.

462 3881 666 3965 Honorias
692 3885 776 3967 III.
808 3889 1153 3997 Archiepiscopum
1181 3891 1433 3999 Upralensem
1466 3893 1671 3985 hortatur,
1702 3917 1750 3966 ao
1779 3905 1925 3996 rogat,
1958 3901 2074 3993 utpro

386 4017 390 4021 ·
493 4001 733 4188 ἇωθνῖῑὲξιαο
756 4026 858 4193 ἔξω
899 4001 1151 4109 apostolicam
1201 4002 1340 4083 Sedrm
1368 4002 1597 4107 beneficiam
1631 4000 1815 4100 conferat
1842 4001 1877 4079 I.
1910 4000 2076 4078 Diucono

545 4137 625 4217 ppo
832 4169 841 4188 .

250 4317 254 4325 .
337 4293 340 4300 ,
460 4233 666 4316 Honorius
679 4240 750 4316 &a
765 4238 993 4318 Venerabili
1011 4241 1179 4318 Fratri.
1249 4239 1548 4349 Arcltiepiscopo
1562 4241 1778 4348 Vpsalensi.
1806 4235 2000 4318 Salutem.
2018 4235 2078 4310 &a

450 4362 643 4458 ¹Dilectus
671 4379 776 4460 lilius
805 4383 835 4459 I.
866 4381 1070 4462 Diaconus
1103 4381 1372 4490 Cappellanus
1401 4399 1495 4462 tuus
1522 4385 1563 4462 in
1593 4398 1731 4464 nostra
1750 4383 1971 4492 proposuit
1999 4401 2079 4486 pre·
2152 4403 2154 4410 ⁴

295 4487 422 4566 sentia
449 4490 710 4588 constitutus,
739 4491 852 4600 quod
881 4493 984 4574 licetx
1000 4491 1265 4573 ecclesiastice
1294 4493 1533 4600 provisionis
1574 4495 1704 4601 gratia
1740 4520 1782 4572 se
1811 4490 1986 4573 reddere
2029 4483 2079 4567 di·
2137 4529 2154 4566 n

75 4623 80 4633 ·
149 4663 154 4673 ,
215 4597 222 4620 ‘
294 4601 421 4704 gnum
447 4600 666 4698 studuerit,
695 4618 839 4710 utpote
868 4605 939 4712 qui
963 4603 1221 4684 diu'Parisius
1251 4603 1507 4684 Scholasticis
1536 4605 1682 4685 institit
1696 4604 1943 4713 disciplinis,
1959 4617 2001 4680 et
2018 4617 2080 4707 per

232 4786 236 4793 ,
295 4704 503 4788 biennium
531 4712 676 4793 divinis
704 4711 850 4794 devote
878 4715 1036 4795 vacavit
1071 4715 1274 4824 obsequiis
1309 4717 1353 4794 in
1382 4719 1566 4823 partibus
1599 4715 1897 4808 transmarinis,
1945 4708 2081 4792 nihilo·

296 4815 429 4895 minus
458 4817 661 4930 obsequiis
687 4826 768 4906 tuis
801 4822 873 4905 diu
901 4823 1073 4906 fideliter
1101 4825 1321 4907 insistendo
1350 4825 1481 4907 adhuc
1510 4844 1643 4906 tamen
1686 4827 1844 4906 nullum
1871 4841 1936 4905 est
1967 4819 2080 4902 eccle·

294 4927 502 5054 siasticum.
524 4927 759 5016 beneficium
787 4952 1009 5040 assecutus,
1044 4964 1170 5046 quare
1212 4937 1421 5018 humiliter
1463 4941 1597 5046 petiit,
1639 4956 1686 5020 ut
1728 4934 1782 5017 ad
1830 4940 2081 5046 provisorem
2153 5019 2154 5028 Ν

295 5039 421 5146 ipsius
448 5041 758 5126 misericorditer
785 5046 994 5132 intendere
1023 5048 1291 5158 dignaremur.
1350 5050 1457 5156 Quia
1485 5051 1608 5158 igitur
1635 5047 1687 5129 ad
1704 5051 1977 5160 provisionem
1992 5067 2080 5126 cun·

297 5165 476 5249 ctornm,
504 5151 577 5261 qui
604 5151 779 5239 clericali
806 5162 948 5249 militie
977 5177 1073 5246 sunt
1101 5162 1283 5273 ascripti,
1313 5177 1523 5244 eteorum
1566 5164 1778 5274 precipue,
1815 5161 1970 5276 quibus
2010 5180 2084 5238 ma·
2153 5225 2154 5270 5
