4370 5950
817 517 880 536 ·-
992 444 1067 558 sa'
1154 481 1217 538 -·‘

1 728 2 767 1
112 698 226 780 ribus
254 694 586 807 quandocunque
607 692 666 774 de
695 694 933 800 captiuitate
962 691 1231 774 redeuntibus
1260 694 1344 772 sine
1374 691 1456 772 ulla
1485 696 1698 804 questione
1727 689 1906 776 redden&

1 1088 3 1194 l

109 826 175 890 tur
203 808 387 916 alioqu'in
415 804 609 912 adulterij
626 805 804 884 erimine
833 802 1026 914 quamdiu
1056 833 1148 884 cum
1174 801 1543 904 secundisaluerint
1565 805 1780 916 postquam
1795 809 1906 915 prio·

107 947 170 999 res
200 920 340 1000 viuere
368 920 561 998 nouerint
589 916 857 996 maculantur.
919 916 1105 1024 Denique
1134 913 1339 1024 quiddam
1358 912 1587 996 audiuimus
1605 917 1728 1028 'quod
1756 945 1905 1027 magno
1946 921 1953 928 ’

1 1048 2 1075 l
106 1029 226 1110 nobis
254 1019 521 1108 fuiffhorrori
544 1025 664 1136 ,quod
692 1025 860 1136 quidam
888 1027 996 1105 inter
1015 1029 1105 1104 'vos
1127 1042 1222 1104 sunt
1251 1026 1324 1146 qui
1352 1023 1569 1122 diabolica
1599 1027 1742 1108 fraude
1758 1027 1906 1148 decep·

103 1143 147 1222 ti.
178 1140 385 1220 hominem
414 1137 619 1247 quendam
647 1139 690 1216 in
719 1139 936 1245 potacioue
965 1155 1006 1236 et
1034 1135 1233 1217 ebrietate
1262 1137 1439 1215 occisum
1468 1137 1584 1246 quasi
1598 1139 1793 1220 sanctum.
1818 1169 1905 1221 mo·

105 1279 149 1332 re
179 1248 405 1330 infidelium
432 1266 680 1329 venerantur
710 1277 801 1328 cum
830 1248 900 1329 rix
927 1250 1053 1328 eciam
1081 1276 1159 1356 pro
1188 1247 1339 1326 talibus
1367 1248 1419 1325 in¹
1440 1249 1521 1326 su‘is
1550 1246 1827 1331 ebrietatibus·
1843 1255 1907 1332 in·

1 1371 2 1380 ’
104 1361 315 1468 teremptis
350 1382 468 1439 orare
503 1361 714 1467 permittat
742 1359 927 1440 ecclesia.
994 1359 1102 1438 Dicit
1138 1361 1245 1439 enim
1282 1357 1501 1466 apostolus.
1528 1361 1726 1468 'quoniam
1755 1361 1906 1444 ebriosi
1994 1411 2000 1422 x

1 1463 2 1541 l
103 1499 276 1579 regnum
304 1467 370 1550 dei
400 1497 484 1551 non
514 1469 781 1577 possidebunt
808 1468 917 1550 unde
948 1497 971 1548 a
1000 1470 1285 1578 potacionibus
1314 1484 1356 1549 et
1384 1469 1651 1549 ebrietatibus
1679 1472 1714 1550 si
1734 1472 1907 1578 regnum

104 1581 169 1663 dei
198 1581 350 1664 habere
379 1578 618 1662 desideratis
646 1609 717 1660 vos
747 1581 958 1661 continere
988 1597 1152 1688 oportet
1181 1598 1222 1660 et
1252 1581 1455 1660 hominem
1483 1581 1598 1661 illum
1613 1579 1664 1661 de
1679 1596 1817 1662 cetero
1837 1610 1907 1663 co·

1 1695 2 1788 l
105 1693 198 1773 lere·
216 1693 274 1770 in·
289 1691 515 1799 periculum
545 1693 769 1770 animarum
798 1707 1024 1772 vestrarum
1053 1691 1286 1771 nullatenus
1314 1695 1557 1799 presumatis
1585 1693 1687 1772 Cum
1716 1692 1842 1772 eciam
1871 1693 1905 1773 si

1 1837 2 1906 p
84 1805 220 1910 *signa
248 1819 289 1880 et
315 1801 510 1881 miracula
539 1831 615 1909 per
642 1830 733 1882 eum
763 1801 937 1908 plurima
967 1802 1119 1882 fierent.
1149 1809 1234 1882 non
1263 1803 1403 1882 liceret
1418 1803 1536 1883 uobis
1551 1807 1790 1911 pro'sancto
1812 1802 1904 1882 abs·
1974 1887 1978 1890 ,

1 1911 25 1936 ’“
104 1941 183 2024 que
220 1914 461 1992 auctoritate
497 1911 677 1993 Romane
705 1911 871 1993 ecclesie
900 1939 993 1992 eum
1021 1913 1183 2019 publice
1211 1917 1397 1996 venerari
1425 1911 1506 1995 Sed
1527 1915 1579 1993 in
1607 1913 1685 1992 hiis
1713 1912 1905 1995 omnibus

104 2051 183 2134 que
219 2021 468 2130 prediximus
504 2039 545 2101 et
581 2024 669 2102 aliis
706 2050 786 2130 que
816 2021 1068 2103 adsalutem
1096 2039 1271 2104 vestram
1298 2025 1504 2131 pertinere
1533 2040 1771 2104 noscuntur.
1802 2024 1905 2106 tales

103 2161 175 2214 uos
205 2133 399 2221 exhibere
428 2138 579 2214 curetis
609 2150 654 2211 vt
682 2131 792 2211 bona
821 2133 1062 2241 temporalia
1091 2149 1132 2213 et
1163 2151 1303 2214 eterna
1333 2133 1461 2214 adeo
1491 2133 1694 2214 bonorum
1724 2137 1906 2215 omniurn

102 2243 350 2324 retributore
379 2244 574 2353 consequi
603 2243 839 2324 mereamini
867 2243 910 2322 Si
939 2261 1073 2323 autern
1102 2271 1150 2326 ea
1178 2273 1258 2354 que
1288 2243 1397 2340 dicta
1425 2261 1520 2325 sunt
1543 2244 1747 2327 custodire
1763 2262 1904 2343 auetq-

101 2384 142 2436 re
174 2353 342 2435 dominc
371 2355 583 2434 uolueritis
612 2372 653 2434 et
682 2355 726 2432 in
754 2352 843 2432 aliis
872 2355 1071 2434 virtutum
1099 2355 1292 2462 operibus
1322 2355 1540 2436 ambulare.
1571 2384 1645 2436 nos
1675 2354 1726 2436 de
1762 2356 1906 2438 christi

101 2461 374 2546 misericordia
407 2482 447 2544 et
476 2467 718 2544 auctoritate
748 2480 789 2543 et
818 2479 1018 2572 potestate
1048 2463 1261 2546 beatorum
1292 2467 1397 2574 petri
1425 2483 1466 2545 et
1496 2466 1608 2574 pauli
1624 2467 1904 2574 apostolorum

102 2578 185 2658 eius
221 2571 485 2656 confidentes.
522 2574 868 2686 quadragesimam
896 2603 988 2684 que
1007 2591 1068 2656 est
1097 2591 1198 2670 ante
1221 2576 1366 2661 festum
1394 2579 1524 2656 sancti
1553 2577 1759 2658 michaelis
1787 2577 1906 2658 vobis

99 2689 351 2768 remittimus.
389 2704 559 2795 excepta
595 2703 709 2766 sexta
737 2685 848 2765 feria.
880 2714 1003 2796 quarn
1031 2713 1107 2794 pro
1135 2688 1369 2768 reuerencia
1399 2689 1530 2767 crucis
1559 2688 1701 2766 christi
1729 2689 1773 2767 in
1801 2688 1903 2769 ieiu-

100 2800 179 2880 niis
208 2814 251 2878 et
279 2797 381 2880 aliis¹
396 2798 516 2878 bonis
544 2795 737 2904 operibus
767 2794 925 2877 debetis
946 2798 1147 2876 attencius
1162 2800 1349 2878 venerari
1366 2797 1495 2905 Super
1509 2799 1748 2879 visitacione
1763 2814 1901 2878 uestra

96 2938 183 3019 qua
214 2937 286 2990 nos
316 2909 359 2988 in
387 2909 524 2989 multis
553 2906 860 2988 necessitatibus
889 2908 1034 2987 uestris
1061 2923 1105 2987 et
1132 2908 1298 2991 ecclesie
1329 2937 1402 3016 per
1435 2908 1681 2990 Richardum
1702 2909 1902 3018 presbite-

96 3049 195 3102 rum
221 3035 261 3099 et
290 3020 413 3100 alium
441 3020 594 3100 socium
623 3013 746 3097 suum
769 3017 918 3098 latores
946 3019 1200 3126 presencium
1229 3019 1419 3098 visitastis
1434 3021 1663 3127 graciarum
1678 3019 1796 3099 uobis
1810 3019 1904 3100 red-

95 3131 230 3213 dimus
267 3133 468 3212 acciones.
506 3146 547 3208 et
582 3129 854 3238 presbiterum
888 3131 961 3240 qui
996 3155 1073 3238 pro
1102 3129 1220 3208 uobis
1249 3129 1465 3210 adsedem
1494 3131 1757 3236 apostolicam
1786 3131 1903 3209 veni·

97 3239 206 3323 endo
243 3240 463 3349 plurimum
499 3240 713 3319 laborauit.
752 3239 870 3319 uobis
898 3241 1099 3320 attencius
1128 3241 1173 3320 iu
1201 3238 1367 3321 domiuo
1396 3240 1721 3322 commendamus
1750 3244 1900 3376 Datum

78 3351 324 3436 -Tuseulani
352 3348 531 3434 secundo
560 3377 656 3432 non.
684 3350 793 3458 Julij.

102 3630 194 3741 aa.
786 3611 1222 3757 1162-41178.

181 3833 295 3981 Abbpt
323 3835 440 3898 Purus
466 3835 477 3896 i
505 3833 555 3897 Sat
581 3833 672 3900 Remi
703 3829 812 3896 lb'rord
843 3831 901 3896 bos
921 3832 1057 3898 irie-B·
1079 3833 1209 3929 Esnu'i
1230 3831 1321 3922 band
1342 3833 1392 3895 fb'r
1413 3854 1450 3896 en
1472 3831 1523 3897 till
1544 3831 1668 3898 Norden
1685 3827 1812 3896 resande
1833 3827 1896 3894 Ga·
1977 3829 1981 3832 ’

220 3939 243 3980 n
1438 4031 1476 4086 K.
1494 4033 1522 4086 h.
1541 4049 1566 4085 a.
1584 4032 1643 4102 ⁵79·
1662 4045 1706 4084 nu
1724 4031 1764 4101 7³·

265 4173 435 4252 Domino
474 4199 543 4268 suo
576 4173 614 4246 &
631 4267 634 4276 ¹
651 4174 776 4249 amico
812 4171 1013 4249 carissimo
1042 4138 1178 4250 Esttlo
1206 4163 1408 4248 Lutrdeusi
1434 4169 1733 4276 Arekieprlreopo
1750 4166 1924 4268 frater·-

302 4285 454 4361 Petrus
495 4280 653 4361 laumilis
696 4281 831 4360 Abdus
871 4284 1002 4360 saneti
1042 4273 1221 4387 Heraigij
1262 4279 1429 4358 salutem
1471 4283 1510 4357 8(
1544 4279 1759 4357 deuotionis
1788 4273 1894 4352 obse·
1937 4327 1939 4331 -

299 4419 446 4502 lusum·
1340 4485 1346 4502 ,

265 4521 554 4614 Svauissimus
568 4501 674 4614 odor
707 4535 1009 4614 miserationum
1025 4558 1029 4568 ’
1045 4549 1270 4616 vestrarum
1288 4557 1290 4564 ¹
1307 4557 1393 4611 non
1428 4530 1558 4611 solum
1587 4543 1815 4640 praesentes
1833 4552 1898 4608 re·

87 4659 210 4727 creat
242 4645 378 4726 afflatu
409 4643 656 4739 delectabili,
686 4643 757 4728 sed
785 4647 907 4724 etiarn
936 4642 1124 4724 absentes
1153 4651 1192 4725 &
1220 4658 1397 4723 remotos
1413 4641 1583 4720 attrahit
1598 4638 1649 4719 ad
1665 4667 1724 4736 se,
1746 4667 1817 4746 spe
1829 4638 1896 4717 ni-

2 4764 9 4863 “,
85 4757 245 4839 mirum
273 4773 358 4836 tam
386 4756 513 4840 dulci,
543 4783 666 4866 quam
693 4730 996 4836 inconfusibili·
1033 4755 1143 4859 'Quis
1171 4755 1280 4860 enim
1307 4769 1441 4834 vestra
1469 4749 1667 4858 expetiuit
1688 4749 1894 4858 suffragia,

2 4885 7 4919 ³
84 4872 125 4948 ἃ
167 4866 455 4948 inconsolatus
492 4865 687 4948 recessit?
723 4868 825 4970 Quis
859 4865 913 4947 ad
954 4867 1103 4947 ostium
1144 4881 1324 4947 vestrum
1364 4862 1555 4973 pulsauit,
1599 4869 1638 4942 Sa
1671 4891 1770 4943 non
1800 4887 1896 4966 ape·

83 4979 232 5060 ruistis
283 4980 347 5061 eil
424 4977 527 5081 Quis
577 4975 627 5058 de
682 4981 833 5058 manu*
861 4993 996 5060 vestra
1044 4975 1372 5058 benedictionem
1413 4988 1574 5082 petens,
1617 4989 1811 5082 tanquam
1841 4967 1892 5049 de

84 5089 298 5175 thesauris
347 5087 662 5200 opulentissimis
696 5089 903 5200 copiosam
936 5116 1023 5172 uon
1050 5087 1216 5172 retulit?
1244 5088 1358 5170 Inter
1387 5099 1552 5168 caeteros
1581 5086 1737 5195 itaque,
1766 5088 1805 5161 &
1839 5079 1890 5160 de
