4384 5946
948 459 1360 555 ·-n-

210 756 219 766 .
260 685 383 795 hujus
424 680 610 764 beneficii
651 679 814 789 plenam
848 680 1029 786 recipere
1064 675 1289 760 mercedem
1324 706 1349 759 a
1383 680 1558 762 Domino
1586 693 1836 781 mereantur,
1864 685 2048 796 quoniam
2129 692 2141 702 ”

261 799 398 880 omnia
432 821 522 904 quae
551 792 734 902 proficua
764 789 950 872 Ecclesiae
978 789 1209 900 probantur
1238 793 1429 888 existere,
1458 799 1497 872 8(
1525 789 1673 872 divinis
1702 819 1786 874 non
1815 795 2047 906 impugnant

262 903 602 1018 praeceptionibus
630 900 842 984 efficienda
870 909 910 982 8(
937 901 1157 1010 praebenda
1186 903 1475 1011 omnipotentis
1504 905 1579 984 Dei
1607 906 1867 1003 auctoritate,
1896 913 1942 993 8(
1961 907 2050 990 bea·

263 1039 398 1101 torum
428 1016 705 1126 apostolorum
734 1011 1072 1110 resineam,
1102 1040 1300 1095 essenon
1329 1011 1574 1095 dubitamus.
1632 1017 1684 1098 Et
1711 1015 1790 1096 hoc
1819 1033 1959 1099 nostro
1986 1018 2051 1100 de·

262 1147 375 1212 creto
410 1128 663 1209 decernimus
697 1123 918 1204 secundum
952 1125 1234 1233 praenominati
1262 1124 1381 1204 bonae
1408 1127 1608 1206 memoriae
1636 1125 1794 1207 Nicolai
1822 1130 1877 1208 Pa
1909 1157 1940 1208 ae
1968 1157 2053 1210 san·

264 1245 458 1334 ctionem,
503 1245 542 1318 8(
584 1235 905 1320 reverendissimi
946 1237 1052 1343 regis
1087 1235 1287 1315 Ludovici
1322 1252 1463 1316 votum
1491 1238 1597 1346 ipsas
1627 1236 1839 1345 praedictas
1868 1157 2053 1321 dioeceses

264 1350 677 1456 Hammaburgensem
712 1347 864 1428 scilicet
899 1351 937 1425 8(
965 1347 1217 1426 Bremensem
1245 1375 1330 1426 non
1359 1346 1549 1457 deinceps
1577 1347 1697 1444 duas,
1725 1347 1796 1430 sed
1824 1376 1948 1429 unam
1975 1377 2055 1431 esse
2092 1433 2095 1440 ,

172 1549 175 1557 ,
266 1471 304 1544 8(
333 1461 482 1540 vocari.
540 1461 802 1568 Legationem
831 1485 995 1567 quoque
1024 1464 1063 1537 8(
1092 1456 1476 1568 archiepiscopalem
1504 1475 1747 1567 potestatem
1761 1461 1805 1538 in
1820 1461 1955 1540 omnia
1970 1488 2056 1570 reg·
2157 1535 2162 1544 .

236 1599 239 1604 ·
266 1603 319 1660 na
349 1569 694 1679 Septentrionalia
722 1570 931 1649 Danorum
960 1567 1130 1664 scilicet,
1161 1569 1406 1667 Suanorum,
1424 1569 1727 1667 Nor'venorum,
1749 1569 2056 1668 islandicorum,

266 1691 306 1766 8(
340 1683 520 1763 omnium
563 1680 787 1761 insularum
814 1679 877 1759 his
911 1680 1047 1787 regnis
1077 1676 1349 1785 adjacentium
1378 1681 1455 1759 tibi
1483 1686 1521 1760 8(
1550 1680 1738 1760 omnibus
1765 1682 2059 1764 successoribus

268 1797 348 1874 tuis
384 1807 584 1900 perpetuo
620 1789 798 1870 tenenda
833 1788 1101 1869 concedimus.
1167 1791 1339 1872 Omnem
1367 1817 1532 1900 quoque
1561 1789 1843 1872 adversantem
1872 1791 1936 1870 vel
1966 1819 2059 1870 con·
2167 1867 2168 1876 ,

268 1895 553 1998 medicantem,
590 1920 712 2012 atquc
746 1902 823 2009 piis
858 1902 1007 1980 nostris
1035 1898 1197 1995 studiis,
1226 1899 1412 2010 quolibet
1439 1897 1562 1980 modo
1590 1899 2060 1997 insidiantempanatbe·

268 2017 385 2096 matis
415 2041 608 2093 mucrone
639 2013 907 2121 percutimus,
936 2027 1225 2120 perpetuasque
1252 2011 1420 2092 ultionis
1449 2038 1582 2108 reum,
1611 2009 1813 2092 diabolica
1828 2029 1938 2095 sorte
1954 2012 2061 2093 dam·

269 2153 430 2220 namuS,
473 2142 520 2205 ut
563 2126 723 2204 culmen
766 2122 1033 2231 apostolicum
1069 2148 1179 2201 more
1215 2121 1555 2229 praedecessorum
1583 2140 1834 2222 nostrorum,
1865 2151 2064 2234 causaque

271 2240 346 2317 Dei
375 2265 451 2347 pro
481 2234 635 2316 affectu
663 2233 839 2313 zelantes
867 2232 919 2311 ab
950 2231 1129 2312 aduersis
1158 2231 1377 2314 hincinde
1406 2233 1592 2340 partibus
1621 2235 1858 2316 muniamus.
1918 2238 2064 2316 Aucto·

272 2351 392 2428 ritate
428 2376 526 2456 ergo
562 2344 784 2455 apostolica
814 2351 852 2424 8(
880 2370 1069 2438 censura,
1099 2344 1175 2424 sub
1204 2341 1334 2423 divini
1361 2343 1504 2452 judicii
1531 2344 1803 2426 obtestatione
1833 2351 1872 2426 8(
1901 2345 2065 2426 anathe-
2115 2337 2123 2366 ‘

271 2460 389 2543 matis
424 2456 646 2543 interdictu
680 2456 911 2550 statuimus,
947 2461 987 2534 8(
1015 2454 1128 2534 nulla
1157 2483 1331 2562 persona
1360 2483 1505 2563 magna
1533 2454 1598 2534 vel
1658 2483 1755 2535 arva
1789 2455 2067 2566 cujuscunque

185 2651 187 2656 ,
274 2569 447 2665 ordinis,
483 2587 554 2648 aut
589 2566 799 2677 dignitatis
834 2567 905 2660 sit,
940 2561 1076 2644 omnia
1111 2593 1201 2673 quae
1236 2593 1258 2643 a
1289 2565 1407 2645 nobis
1435 2565 1500 2645 vel
1529 2484 1891 2672 predecessoribus
1922 2567 2067 2648 nostris

274 2681 462 2762 Ecclesiae
490 2697 570 2759 tuae
599 2685 638 2758 8(
665 2679 743 2758 tibi
772 2703 961 2757 concessa
989 2692 1085 2754 sunt
1113 2676 1249 2756 violet.
1308 2677 1553 2785 Quicunque
1583 2693 1718 2757 autem
1746 2679 1980 2773 mutaverit,
2009 2677 2070 2757 vel

275 2797 318 2874 in
348 2793 486 2905 aliquo
514 2791 667 2872 violare
697 2787 985 2896 praesumserit,
1014 2787 1092 2865 nisi
1120 2788 1353 2896 resipuerit,
1383 2787 1625 2867 auctoritate
1655 2787 1748 2884 Dei,
1777 2794 1817 2869 8(
1836 2787 1951 2868 beati
1965 2789 2073 2870 Petri

151 2961 157 2968 -
277 2913 315 2986 8(
350 2918 489 2984 nostra
524 2903 596 3012 qui
631 2900 719 3008 eJus
754 2898 962 3007 fungimur
996 2897 1279 2994 vicariatione,
1314 2899 1503 3006 perpetui
1532 2898 1798 2978 anathematis
1825 2901 1996 2980 vinculo
2025 2900 2073 2979 sit
2154 2929 2159 2944 ·

273 3012 509 3095 innodatus.
567 3013 650 3120 Qui
678 3037 776 3092 vero
803 3025 939 3089 custos
967 3015 1006 3088 8(
1034 3006 1272 3089 observator
1300 3010 1482 3090 existerit
1510 3007 1806 3090 benedictionis
1834 3013 2012 3118 gratiam
2037 3016 2073 3090 8(

279 3126 450 3205 caelestis
479 3123 760 3206 retributionis
787 3149 811 3199 a
839 3119 949 3226 justo
977 3117 1114 3225 judice
1143 3121 1317 3200 Domino
1346 3137 1487 3202 nostro
1515 3147 1613 3201 cons
1696 3121 1709 3200 i
1743 3136 1960 3208 mereatur.
1998 3122 2073 3200 Da·

231 3313 238 3342 ,
280 3259 322 3318 ta
358 3237 444 3315 ΙΙΙΙ.
510 3237 649 3319 Nonas
664 3232 908 3326 Februarii,
937 3226 1165 3311 Indictione
1194 3232 1244 3311 V.
1274 3259 1347 3340 per
1376 3259 1539 3311 manum
1567 3231 1634 3312 Hil
1666 3231 1837 3313 ebrandi
1865 3231 2076 3313 Cancella·

272 3335 332 3427 'rii
361 3347 500 3428 Sancti
530 3345 638 3426 Petri
669 3359 791 3453 atque
820 3341 981 3422 abbatis
1011 3341 1049 3420 S.
1079 3340 1206 3425 Pauli.

294 3626 383 3736 24.
947 3597 1099 3705 1080
1143 3598 1194 3705 d.
1244 3615 1276 3728 4
1324 3595 1437 3704 Oct.

371 3829 461 3894 Pura.
495 3826 675 3924 Graecisms
706 3821 793 3886 Vtra
814 3819 985 3884 Skriivelse
1004 3821 1057 3882 till
1079 3818 1251 3902 Konungen
1272 3822 1283 3882 i
1304 3819 1433 3918 Srerige
1453 3817 1525 3881 med
1545 3818 1734 3965 du:pigenda
1748 3819 1786 3882 ef
1801 3821 1847 3883 sin
1868 3819 2085 3922 tillfrredssttl·

379 3931 384 3946 ’
422 3913 496 3976 lelse
530 3908 618 3970 ofrer
647 3905 785 3970 Svenrku
813 3904 924 3970 folkets
950 3900 1162 3980 omrtndelse,
1183 3901 1243 3964 och
1264 3920 1456 3986 nppmamng
1477 3909 1525 3962 att
1619 3923 1697 3964 aen
1717 3902 1789 3966 Bul
1851 3905 1933 3968 aller
1955 3905 2085 3982 shckbg

420 3992 521 4058 Klerk
548 3991 597 4052 till
619 3989 718 4066 Rom,
740 3987 871 4050 hrilken
894 3984 999 4047 kunde
1021 3986 1123 4046 lemna
1144 3985 1370 4048 undemtttelse
1390 4004 1443 4046 om
1463 3982 1601 4047 Svenua
1620 3983 1752 4064 brulen,
1855 3987 1866 4048 i
1887 3985 2086 4052 sulletblit·

422 4101 464 4140 va
490 4069 695 4173 underrttttad
723 4090 775 4131 om
806 4067 1001 4154 Apostolislm
1032 4067 1144 4130 stolens
1177 4065 1383 4150 stadganden,
1407 4068 1500 4152 iemte
1520 4065 1695 4150 ffirmaning
1716 4077 1763 4130 att
1782 4079 1870 4152 styra
1890 4069 1993 4134 Riket
2017 4067 2086 4132 med

421 4169 561 4224 rtttvrsa.
582 4176 623 4216 m.
644 4175 685 4216 ιιι.
1205 4173 1211 4180 ’

1729 4230 1767 4286 L
1785 4252 1813 4289 a.
1830 4235 1880 4290 at:
1896 4232 1962 4304 439.

361 4406 364 4420 .
454 4339 636 4451 Epistola
665 4337 733 4416 Xl.
791 4333 981 4442 Gregorii
1010 4336 1128 4439 Papae
1157 4332 1244 4410 VII.
1275 4329 1328 4411 ad
1357 4333 1506 4442 Regem
1534 4333 1696 4414 Sueciae.
1717 4330 1747 4444 ¹)

454 4455 686 4534 Gnroonrus
716 4447 940 4554 Episcopus
974 4469 1113 4522 servus
1155 4469 1364 4522 servorum
1388 4443 1480 4523 -Dei
1523 4443 1840 4552 I....glorioso
1880 4447 2095 4528 Sueonum

214 4585 219 4590 “
288 4569 374 4674 regi
402 4565 571 4645 salutem
599 4577 650 4642 et*
668 4555 929 4667 apostolicam
957 4553 1290 4637 benedictionem.
1309 4551 1342 4662 ²)

457 4675 663 4778 Quoniam
706 4669 821 4777 regni
863 4666 925 4745 tui
946 4680 1096 4745 terram
1139 4661 1336 4777 quosdam
1364 4665 1612 4746 sacriverbi
1640 4667 1845 4752 ministros
1873 4664 2006 4752 fuisse
2035 4668 2096 4748 in·

161 4853 165 4869 .
292 4815 447 4900 gressus
489 4783 737 4878 audiuimus,
780 4777 942 4860 nouerit
977 4774 1215 4858 excellentia
1244 4791 1313 4854 tua
1335 4801 1411 4856 nos
1439 4777 1484 4856 in
1523 4776 1701 4858 Domino
1742 4775 1915 4858 multum
1953 4777 2098 4860 taerari.

1803 4887 1927 4968 Dein·

254 5051 258 5057 ,
299 5029 574 5054 Μ

147 5125 151 5138 .
254 5075 258 5080 ’
383 5079 408 5151 ι)
432 5073 541 5133 Benna
564 5069 751 5150 tr'foerslrrist
771 5069 879 5132 saluar
899 5069 953 5129 laos
974 5061 1094 5159 andra.¹
1126 5067 1154 5139 a)
1177 5061 1294 5124 Salrnas
1314 5063 1329 5123 ι’
1350 5059 1389 5123 Κ.
1409 5081 1435 5124 c.
1451 5059 1515 5136 154.
1527 5063 1706 5125 Garoomua
1727 5061 1787 5124 Vll
1809 5063 1844 5124 Ν.
1863 5065 2006 5146 glorioso
2021 5067 2098 5128 Sue·

383 5177 476 5218 onum
499 5157 572 5236 regi.
619 5153 658 5214 K.
683 5173 712 5235 g.
734 5151 787 5213 25.
