4398 5958
818 442 875 462 -
988 402 1084 518 503,
1177 443 1235 466 -

110 618 260 699 nostri
290 618 332 698 in
361 617 470 700 hune
498 615 673 699 modum.
706 619 758 700 Se
774 621 1033 728 fdregdende
1059 619 1142 702 Nm
1170 617 1490 714 boulllandatis
1513 623 1650 731 itaque
1680 621 1920 702 venerabilis
1966 613 1971 628 '
2007 695 2017 711 x
2137 605 2149 628 ⁰

130 728 256 837 patris
285 730 463 836 magistri
492 727 648 810 ordinis
675 730 954 838 obtemperare
981 747 1027 809 ut
1057 730 1224 840 dignum
1244 745 1304 812 est
1333 732 1509 838 cupiens.
1539 749 1742 842 presentes
1772 732 1921 814 litteras

129 854 270 920 nostro
298 840 429 947 sigillo
457 856 589 921 vestre
618 841 775 922 caritati
804 840 1033 922 transmitto
1068 844 1243 950 signatas
1278 869 1424 952 rogans
1453 859 1628 924 uestram
1664 841 1921 926 dilectionem

129 966 171 1044 et
204 952 405 1031 attentius
446 976 625 1050 monens.
669 977 716 1030 ac
748 951 788 1030 in
813 943 1086 1032 reinissionem
1115 969 1370 1060 peccatorum
1407 953 1524 1034 uobis
1552 955 1778 1062 iniungens.
1820 981 1920 1064 qua-

129 1077 342 1171 tenusque
371 1062 413 1139 in
440 1059 588 1142 eisdem
600 1061 747 1142 ¹litteris
775 1063 1036 1142 eontinentur
1063 1079 1202 1143 exacta
1214 1061 1431 1172 diligencia
1447 1067 1638 1175 prosequi
1653 1061 1855 1154 studeatis.
1874 1081 1921 1148 ut

20 1163 25 1174 ’
129 1170 274 1251 exinde
303 1186 438 1251 uestra
465 1170 700 1253 obediencia
722 1173 833 1280 apud
862 1188 1125 1276 memoratum
1147 1189 1301 1281 patrem
1330 1176 1563 1280 magistrum
1590 1177 1744 1257 ordinis
1773 1192 1815 1256 et
1842 1201 1914 1256 me.
2021 1173 2022 1178 ‘
2161 1181 2174 1212 ⁴

128 1282 272 1376 merito
302 1284 451 1395 poterit
479 1283 761 1364 commendari.
792 1282 933 1362 Valete
961 1298 1001 1362 et
1030 1299 1141 1364 orate
1171 1312 1247 1391 pro
1276 1311 1350 1364 me.
1407 1287 1556 1363 Datum
1587 1285 1674 1369 Skr.
1705 1313 1813 1366 anno
1841 1286 1914 1367 dc·

129 1393 237 1471 mini.
266 1393 605 1474 M·.CC⁰.LXXV.
635 1393 679 1500 jn
708 1411 849 1473 nostro
877 1392 1056 1500 capitulo
1084 1393 1343 1500 prouincialj.

461 1532 591 1615 sigillet,
612 1536 716 1618 tryclt
736 1533 838 1597 i'n'idt
858 1553 916 1594 vax
937 1534 957 1594 d
978 1529 1136 1595 frtnsidan
1157 1533 1196 1595 as
1211 1533 1341 1612 brcfvet,
1363 1543 1397 1595 t'r
1418 1533 1585 1596 bortfallet.

132 1896 266 2023 604.
373 1823 378 1837 ·
464 1943 465 1951 ¹
762 1893 1345 2042 1275d·12De<³-.
1533 1939 1538 1954 ·
1702 1899 1918 2005 Lbdbse.
1988 1933 2037 1995 ψ.

209 2116 345 2199 Kooung
367 2116 565 2181 Waanama
586 2114 774 2178 atadlb'stdae
795 2115 836 2200 pt
853 2114 896 2177 de
917 2113 955 2176 af
971 2115 1087 2176 Braoaa
1107 2116 1195 2192 lara,
1216 2111 1401 2176 Handlande
1422 2081 1665 2199 irdallamburg
1685 2117 1816 2180 fiirltnte
1837 2119 1919 2182 rtr-
1954 2139 1971 2200 j

139 2246 143 2257 .
261 2199 378 2260 mirer.

1605 2277 1785 2336 Lbuffl

296 2419 591 2504 Watnanaaus
620 2415 695 2495 Dei
725 2414 854 2524 gratia
884 2414 971 2492 Rex
1001 2413 1195 2494 Sveorum
1223 2413 1411 2494 omnibus
1439 2429 1656 2520 praesentes
1684 2415 1837 2496 litteras
1857 2416 1918 2494 in·

126 2527 324 2632 speeturis
352 2523 519 2605 salutem
549 2525 592 2603 in
620 2525 793 2605 Domino
822 2527 1116 2632 sempiternam.
1159 2523 1329 2604 Noverit
1357 2542 1488 2604 vestra
1518 2524 1773 2623 universitas,
1802 2524 1917 2636 quod
1999 2512 2010 2538 '

129 2625 255 2732 illam}
284 2632 405 2744 quam
435 2633 612 2740 inclytus
639 2635 831 2742 Princeps
861 2651 977 2743 pater
1005 2651 1142 2714 noster
1174 2634 1370 2712 Dominus
1399 2635 1600 2741 Byrgerus
1622 2631 1747 2716 felicis
1767 2663 1916 2716 memo·

126 2748 196 2826 riae
225 2749 318 2825 Dux
348 2745 541 2826 Sveorum
570 2747 736 2853 gratiam
766 2745 1036 2853 Burgensibus
1079 2743 1130 2826 de
1158 2743 1389 2823 Hamhoroh
1433 2741 1669 2842 donaverat,
1697 2746 1748 2828 de
1776 2762 1916 2828 nostra

126 2856 334 2938 voluntate
362 2855 488 2935 libera
504 2854 767 2962 praesentibus
795 2856 1087 2950 confirmamus,
1116 2859 1189 2934 &c
1221 2854 1369 2933 Datum
1397 2854 1599 2934 Ledosum
1616 2883 1723 2935 anno
1751 2857 1918 2935 Domini

125 2967 466 3048 M⁰.CC⁰.LXXV.
494 2969 636 3075 qvinta
665 2964 763 3046 feria
791 2981 884 3074 post
912 2964 1056 3045 fe'stum
1084 2957 1125 3045 Βζ
1154 2962 1312 3046 Nicolai
1342 2965 1539 3072 proxima,
1568 2965 1609 3044 in
1642 2965 1795 3074 nuptiis
1823 2961 1917 3045 liliae
2002 3021 2004 3028 ι

126 3091 276 3162 nostrte
303 3074 533 3186 perdilectoe
562 3081 602 3155 81
631 3076 796 3156 Comitis
824 3076 997 3159 Gerardi
1032 3073 1197 3155 illustris
1226 3073 1276 3155 de
1304 3073 1494 3155 Holsatia.

127 3467 261 3572 605.
317 3489 320 3494 ·
763 3467 911 3606 1275
958 3463 1008 3567 a.
1055 3481 1127 3590 aa
1175 3378 1295 3569 uec]
1525 3405 1530 3412 ’
1754 3464 1916 3600 nava·

208 3683 345 3827 llopuplg
364 3685 499 3826 Mbss‘ia'f'·
514 3685 554 3782 lta
574 3682 725 3746 Salubref
740 3683 781 3768 pt
802 3685 861 3746 Nts
881 3685 892 3743 i
913 3681 1020 3748 Walla
1049 3681 1146 3746 hund
1167 3681 1216 3744 till
1234 3681 1317 3746 Biak.
1343 3679 1422 3743 Erro
1442 3659 1452 3743 i
1474 3680 1573 3746 Siara
1585 3672 1655 3744 'och
1676 3683 1775 3763 qvitto
1796 3680 1837 3764 pt
1858 3700 1911 3742 er-

281 3788 300 3827 a
326 3786 364 3826 cn
469 3787 551 3846 nrng.
579 3803 584 3813 ·
1879 3795 1881 3800 ,

1573 3843 1777 3912 nsunt

292 3979 490 4061 Omnibus
518 3988 682 4088 presens
709 3981 899 4090 seriptum
932 3981 1173 4090 jnspecturis
1201 3980 1265 4060 rel
1295 3980 1502 4064 audituris.
1530 3977 1699 4086 Magnus
1715 3978 1791 4085 Dej
1819 4007 1911 4086 gra-

125 4093 188 4172 cie
215 4093 300 4172 Rex
329 4118 531 4170 sweorum
551 4091 718 4171 salutem
739 4090 783 4197 jn
813 4092 992 4169 omnium
1019 4091 1228 4170 saluatore.
1258 4090 1416 4170 Tenore
1444 4091 1695 4195 presencium
1727 4105 1909 4168 constare
2020 4159 2030 4182 ,

123 4203 312 4284 volumus
321 4201 526 4281 vniuersis.
543 4203 625 4280 Nos
640 4200 790 4282 curiatii
805 4201 1005 4309 quandam
1019 4203 1109 4302 Que
1123 4198 1282 4280 dicitur.
1297 4229 1368 4279 nes
1374 4199 1420 4307 jn
1430 4198 1636 4308 prouincia
1645 4197 1907 4278 Wallahered

122 4313 252 4393 sitam.
282 4312 384 4391 Cum
413 4309 646 4393 molendino
664 4338 792 4419 prope
821 4311 971 4388 curiam
1001 4312 1125 4417 ipsam
1143 4311 1385 4388 &colonatu
1406 4299 1497 4388 cuin
1512 4308 1612 4390 silua
1640 4306 1692 4388 de
1720 4311 1905 4406 istreem.

124 4423 281 4502 &aliis
309 4420 496 4506 omnibus
538 4421 756 4522 mobilibus
790 4427 827 4501 81
857 4419 1139 4504 immobilibus.
1184 4418 1368 4498 videlicet
1410 4419 1528 4499 aruis.
1557 4417 1694 4524 pratis.
1736 4422 1907 4526 pascuis.

122 4530 487 4640 piscacionibus&
515 4531 758 4612 nemoribus.
802 4531 931 4612 eidem
970 4531 1080 4608 curie
1109 4527 1382 4609 adiacentibus
1423 4527 1643 4634 venerabili
1686 4531 1792 4635 patri
1810 4529 1903 4606 ¹Do·

123 4643 246 4722 mino.
275 4643 320 4720 E.
350 4640 531 4720 Scarensi
560 4642 751 4749 episcopo
779 4639 958 4747 legaliter
987 4636 1224 4732 vendidisse.
1257 4637 1333 4717 sibi
1349 4637 1723 4746 successoribusque
1746 4636 1826 4717 suis
1840 4636 1904 4744 ju-

121 4749 315 4833 stetitulo
343 4750 562 4856 empcionis
590 4767 788 4858 perpetuo
816 4747 1097 4859 possidendam
1127 4749 1462 4854 Recognoscimus
1484 4746 1651 4854 jusuper
1679 4746 1904 4854 predictum

121 4865 342 4942 Dominum
371 4859 604 4967 episcopum
646 4875 776 4960 totum
804 4859 984 4966 precium
1035 4884 1111 4964 pro
1154 4859 1343 4936 curiis&
1372 4856 1490 4938 bonis
1526 4858 1706 4965 superius
1756 4881 1902 4964 preno-

120 4973 217 5054 tatis
244 4969 361 5051 nobis
389 4967 569 5077 plenarie
584 4965 847 5078 ’persoluisse
876 4965 940 5047 Ad
968 4965 1232 5057 abholendam
1261 4966 1385 5074 jgitur
1413 4968 1540 5049 tocius
1566 4967 1792 5074 calumpnie
1819 4993 1907 5048 ma·.
