4384 5946
1009 369 1069 405 ..-
1150 365 1217 422 :a
1296 377 1375 410 2-

306 583 418 636 uam
447 555 617 638 creatori
645 554 776 663 ignari
802 571 935 639 mente
964 557 1115 638 servire
1141 558 1422 664 cognovimus:
1451 554 1608 640 Idcirco
1636 573 1872 666 praesentem
1898 583 2070 644 reveren·

141 749 147 761 ,
217 695 223 721 ¹
296 585 502 748 dissimum
529 666 694 751 fratrem
722 695 770 748 ac
797 668 1080 776 coepiscopum
1109 684 1293 748 nostrum
1321 662 1516 764 Euenum,
1538 685 1688 748 sanctae
1715 671 1920 752 Remensis
1948 670 2070 755 Eccle-

297 781 365 858 siae
392 779 676 874 necessarium,
704 786 793 858 cu'm
824 805 1021 858 consensu
1051 777 1238 860 fidelium·
1266 781 1362 876 Dei,
1403 778 1591 860 duximus
1619 781 1696 860 illis
1724 784 1765 863 in
1797 785 1977 889 partibus
2004 811 2071 892 pro

185 967 189 977 ,
299 889 549 968 intimatione
578 889 757 968 veritatis
798 887 1070 995 dirigendum:
1115 890 1306 998 quatinus
1335 891 1573 972 auctoritate
1601 890 1812 973 beatorum
1855 894 2073 1003 principum
2100 879 2110 918 '¹

297 999 584 1108 Apostolorum
611 999 720 1078 Petri
748 1026 796 1079 ac
822 999 937 1078 Pauli
963 1018 1100 1081 nostra
1130 999 1310 1081 fraterna
1337 1002 1425 1082 vice
1453 1000 1715 1100 informatus,
1742 1023 1838 1086 ante
1865 1032 2010 1114 corpus
2038 1009 2074 1084 dt

297 1108 585 1190 confessionem
614 1109 740 1218 ipsius
765 1109 1053 1218 Apostolorum
1082 1110 1280 1219 Principis
1322 1110 1625 1221 evangelizandi
1656 1113 1817 1222 publica
1846 1118 2075 1196 auctoritate

140 1293 170 1321 ¹.
296 1221 463 1301 liberam
492 1217 731 1301 tradidimus
758 1221 802 1300 in
829 1221 1017 1302 omnibus
1044 1219 1298 1316 facultatem,
1338 1239 1385 1300 ut
1416 1222 1589 1302 verbum·
1614 1226 1708 1304 vitae
1736 1227 1921 1334 viamque
1948 1221 2077 1312 salutis

296 1331 450 1438 ubique
477 1330 716 1440 provideat,
740 1335 780 1412 8r
808 1330 899 1413 fidei
924 1359 1105 1413 normam
1133 1327 1285 1440 cml'esti
1312 1330 1550 1414 educatione
1577 1335 1807 1432 confirmet,
1836 1355 1956 1446 atque
1976 1343 2077 1446 Apo·

296 1427 448 1522 sholicae
475 1441 742 1550 inlstittlrtionis
769 1437 994 1540 doctrinam
1023 1445 1135 1526 cnm
1160 1427 1364 1556 diabolico
1391 1457 1530 1526 erture
1558 1441 1729 1554 depulso
1755 1447 1847 1550 'titia
1871 1449 1970 1529 roae
1996 1467 2077 1528 cor·

296 1552 483 1650 roboret,
510 1545 551 1633 be
578 1553 610 1654 si
638 1551 806 1635 fortasse
833 1546 886 1635 ad
925 1553 1003 1635 hoc
1044 1536 1226 1655 ditinum
1253 1547 1474 1664 pertinens
1516 1541 1694 1637 oilicium
1733 1541 1891 1669 aliquid
1920 1557 2078 1640 dubium

167 1749 172 1761 ,
261 1721 263 1727 s
298 1663 523 1761 emerserit,
561 1659 615 1745 ad
642 1677 819 1745 sanatam
846 1666 923 1745 Dei
950 1665 1200 1748 catholicam
1236 1679 1360 1776 atque
1390 1665 1669 1774 Apostolieam
1697 1667 1919 1750 Romanam
1952 1670 2080 1750 Eccle-

222 1825 226 1838 ·
297 1780 395 1857 siam
423 1774 670 1856 recurrendo
697 1803 872 1885 semper,
899 1783 939 1858 8<
967 1805 1018 1858 ex
1044 1776 1131 1885 ejus
1157 1777 1317 1858 hauriet
1346 1777 1560 1887 purissimo
1588 1777 1700 1858 fonte
1729 1779 1887 1880 latices,
1914 1780 2081 1861 unde&

119 1964 123 1973 .
216 1925 220 1932 ·
298 1885 542 1968 acordibu's
570 1888 798 1967 mortalium
826 1886 964 1969 divina
992 1881 1283 1970 interveniente
1311 1893 1439 2005 gratia
1468 1889 1585 1968 noxis
1612 1889 1832 1996 emundare
1874 1892 1998 2002 possit
2024 1917 2081 1968 er·

174 1997 202 2107 ’1
297 2011 422 2082 rores.
450 1986 655 2108 Collegam
682 1997 861 2108 ‘denique
887 1997 984 2079 hiric
1012 1991 1158 2081 'divinae
1191 1989 1554 2081 administrationis
1586 1995 1779 2108 legationi
1808 2000 1843 2082 ei
1873 1999 2081 2113 provideu·
2164 2057 2167 2076 ,

298 2129 380 2207 tes,
413 2111 696 2190 Hamrcamura
722 2111 954 2218 religiosum
982 2110 1199 2218 adijcentes
1228 2107 1455 2192 ministrum
1483 2109 1785 2208 cbnstitulm'us,
1818 2115 2009 2222 quatinus
2036 2111 2082 2192 ad
2165 2189 2167 2218 f

299 2221 433 2305 sedem
458 2220 737 2330 -Apsstoli'cam
763 2233 971 2328 oportuno
999 2223 1129 2304 ralea't
1156 2239 1339 2332 tempore
1367 2222 1420 2304 de
1448 2221 1604 2304 credito
1617 2223 1785 2331 negotio
1812 2224 1969 2306 facilius
1989 2249 2082 2331 prae·

300 2352 431 2415 stante
463 2335 640 2412 Domino
668 2333 872 2430 intimare,
898 2338 941 2412 aa
967 2349 1177 2444 nunquam
1202 2358 1246 2416 se
1275 2337 1318 2414 ih
1344 2335 1531 2445 qualibet
1567 2351 1683 2442 parte
1718 2334 1814 2415 huie
1843 2351 1993 2416 nostrae
2017 2353 2082 2412 aa·

300 2447 498 2528 ctoritatis
526 2445 749 2524 ministerio
771 2445 984 2524 conmisso
1009 2445 1226 2553 negligere.
1260 2446 1338 2526 cci
1366 2459 1503 2552 corant
1529 2441 1717 2525 districto
1742 2444 1877 2552 jndice
1906 2444 2000 2526 inde
2026 2471 2083 2525 ra·

301 2559 453 2639 tionem
480 2555 671 2653 reddere,
697 2559 737 2636 at
765 2553 816 2635 dc
844 2551 1038 2638 destituto
1065 2557 1288 2638 ministerio
1316 2573 1458 2666 penas
1485 2558 1668 2665 recipcre·
1699 2557 1981 2670 sempiternas,
2007 2569 2084 2634 non

301 2668 471 2752 dubium
499 2677 584 2748 esse
610 2663 863 2778 praeiigintus.
919 2670 999 2748 Pro
1027 2679 1110 2780 qtia
1138 2684 1277 2749 omnes
1303 2667 1566 2750 cantitantes
1594 2665 1838 2750 unanimiter
1863 2680 2084 2750 cammone-

301 2797 391 2862 tntts
418 2779 478 2863 ob
502 2792 679 2860 amorem
706 2781 995 2888 omnipotentis
1025 2781 1118 2879 Dei,
1146 2785 1186 2861 ir
1213 2779 1375 2860 Domini
1390 2775 1518 2862 nostri
1532 2780 1627 2861 Iestt·
1636 2779 1811 2878 Christi,
1844 2796 1967 2891 atque
1983 2781 2085 2887 Apo·

301 2893 498 2974 stolorum
525 2889 613 2998 ‘ejus
636 2891 961 2999 'tenemtiohemi
990 2903 1037 2970 'ut
1066 2893 1109 2973 in
1128 2893 1326 2973 omnibus
1365 2893 1671 2986 necessitatibus
1716 2890 1929 2998 legationis
1971 2888 2085 2996 hujus

303 3005 404 3084 totis
426 3003 583 3082 viribus
607 3002 670 3081 eia
690 3001 871 3108 solatiari
913 3005 1093 3101 eerteti's,
1122 3009 1162 3084 ssr
1185 3007 1231 3085 itt
1260 3005 1423 3085 nomine
1450 3003 1616 3083 Domini
1644 3003 1772 3082 nostri
1801 3003 1892 3082 Iesu
1922 3000 2084 3100 Christi,

303 3118 406 3196 sicut
434 3114 630 3222 scriptum
656 3123 738 3209 est»,
764 3115 944 3222 recipere
967 3112 1172 3219 debeatis'g
1211 3117 1301 3227 Qut
1324 3128 1418 3212 aar,
1460 3115 1617 3224 inquit,
1651 3121 1812 3225 rtatim,
1839 3140 1906 3197 nac
1933 3117 2087 3220 raetiam

303 3233 443 3336 &qui
464 3237 541 3307 'vol
567 3232 827 3336 spernit,'·th'e
852 3229 1016 3336 aperitet.
1055 3227 1118 3308 *Et
1138 3227 1336 3322 Jite'rurhti¹
1353 3227 1477 3334 Qtt'od
1501 3232 1573 3307 tarsi
1592 3239 1651 3308 aa*
1673 3231 1848 3308 mamma
1873 3235 1972 3307 meas
1984 3228 2089 3336 seca

303 3347 395 3434 stis,
427 3338 523 3418 milri
536 3341 711 3440 ficietis.
739 3333 859 3416 Vnde
885 3336 1010 3443 magis
1036 3337 1241 3444 magisque
1262 3361 1578 3430 commonemus,
1606 3353 1652 3416 ut
1680 3336 1850 3442 provida
1866 3333 2088 3430 devotione,

169 3471 174 3482 ’
302 3456 343 3530 &
372 3450 486 3554 largo
514 3447 691 3527 caritatis
720 3443 889 3542 affectu,
906 3521 909 3530 ἡ
916 3473 1099 3556 puraque
1128 3463 1282 3543 mente,
1307 3472 1354 3526 ae
1381 3449 1537 3536 sincera
1559 3447 1802 3544 intentione,
1830 3475 2003 3558 quaeque
2029 3445 2090 3527 iti·

148 3559 152 3578 ¹
282 3561 391 3640 vneri
419 3559 541 3667 hujus
566 3557 789 3638 necessaria
818 3557 1065 3666 prospicitis,
1093 3557 1162 3665 pia
1190 3556 1441 3666 benignitate
1468 3583 1547 3664 pro
1575 3555 1732 3637 viribus
1754 3579 1992 3640 succurrere
2013 3583 2090 3638 non

303 3671 501 3771 renuatis3
528 3685 576 3772 ut
603 3696 681 3778 pro
697 3683 821 3770 'certo
850 3667 967 3775 hujus
997 3669 1310 3776 pietatis'opere
1341 3670 1556 3776 participes
1582 3665 1694 3775 apud
1722 3669 1942 3748 Dominum
1966 3669 2091 3780 dignas

304 3780 585 3865 retributionis
610 3780 799 3882 meritum
830 3781 1076 3887 percipiatis,
1104 3781 1188 3878 sire
1216 3781 1259 3857 in
1279 3779 1440 3871 ,coelesti
1456 3779 1740 3886 descriptione
1756 3778 1993 3887 hujusmodi
2020 3798 2092 3892 pro

303 3888 643 4002 commentationis
667 3917 836 3994 manere
865 3891 908 3994 in
934 3892 1142 3994 consortio
1170 3907 1400 3970 sanctorum
1416 3891 1699 3988 connumerari
1727 3891 1905 3975 valeatis.
1935 3894 1980 3976 Si
2007 3889 2092 4002 quit

304 4033 403 4106 vero
427 4004 525 4100 huic
554 4004 628 4082 Dei
656 4001 794 4090 officio
820 3999 872 4081 ad
902 4001 1235 4106 intjminationem
1265 4002 1445 4109 gentium
1469 4030 1496 4080 a
1527 4018 1665 4095 saneta
1695 4001 1890 4084 catholiea
1915 4007 1955 4084 81
1988 4007 2094 4113 apo·

221 4115 224 4120 ’
305 4111 448 4214 stelias
477 4114 653 4214 Ecclesia
680 4111 978 4222 pioconsultu
1015 4115 1302 4208 ecclesiastico,
1329 4112 1542 4212 1destinato
1568 4111 1782 4197 adsensum
1810 4115 1873 4196 vel
1892 4113 2092 4202 ¹auxilinm

305 4227 548 4337 praebuerit,
588 4253 664 4334 per
704 4225 1041 4318 interventionem
1079 4225 1291 4305 beatorum
1334 4225 1641 4331 Apostolorum,
1683 4244 1905 4334 martyrum
1934 4245 2095 4336 quoque

306 4355 432 4447 atque
458 4353 689 4418 sanctorum
716 4337 895 4422 omnium
919 4339 967 4418 in
996 4337 1224 4438 crelestibus
1247 4335 1411 4443 gaudiis
1438 4337 1587 4416 talibas
1610 4363 1691 4443 pro
1720 4339 1872 4418 meritis
1899 4353 2096 4418 mereatur

303 4447 494 4562 adscribi.
523 4451 578 4527 At
606 4449 763 4546 verosi
792 4449 902 4557 quis,
944 4447 1060 4558 qu‘od
1089 4473 1173 4526 non
1202 4464 1411 4555 optamus,
1434 4449 1682 4548 ‚contrarius
1709 4447 1973 4543 adversator,
2006 4445 2096 4527 huic

306 4557 448 4652 divino
474 4559 603 4658 cultui
627 4559 842 4656 institerit,
866 4559 939 4660 uel
960 4562 1002 4639 in
1030 4569 1237 4668 quoquam
1282 4555 1510 4667 praepedire
1550 4575 1720 4638 conatus
1747 4558 1889 4660 fuerit;
1926 4559 2009 4652 his,
2037 4553 2096 4638 vel

308 4671 644 4779 conprensioribus
666 4679 828 4770 aarum,
854 4669 909 4750 ad
938 4668 1318 4786 hoc-peragendum
1356 4670 1617 4750 ministerium
1649 4687 1866 4750 temerator
1902 4670 2098 4770 extiterit,

309 4781 719 4889 &divinaqussione
746 4787 785 4864 8r
813 4782 1046 4891 Apostolica
1081 4781 1342 4875 auctoritate,
1386 4781 1650 4864 anathematis
1693 4781 1855 4862 vinculo
1880 4783 2096 4892 punimur,

309 4899 572 5004 &perpetua
600 4891 936 4976 condemnatione
966 4919 1075 4988 reus,
1110 4890 1308 4971 diabolica
1338 4905 1447 4972 sorte
1477 4890 1699 4973 damnetur.
