4398 5958
827 455 886 480 -
995 405 1114 518 1175*
1187 457 1297 484 --
1959 509 1963 518 x

39 699 40 702 ‘
145 642 296 790 576.¹
448 613 507 706 ’Δ
640 587 695 678 ι·
790 659 942 790 1:274
980 642 1038 749 d.
1085 638 1125 752 5'
1165 645 1332 792 Aug·
1728 627 1996 798 lyons

216 863 310 930 rm.-
326 863 504 926 onmem
524 859 580 923 xo
598 859 785 928 manere
805 861 924 930 ursa
952 863 1106 946 segem,
1138 864 1217 928 sui.
1238 865 1408 932 wicram
1429 863 1467 930 n
1482 861 1599 930 ssim
1628 863 1745 932 rusus
1773 811 1825 930 οἱ
1840 829 1932 934 vus
2050 925 2052 930 .

269 948 408 1086 gastning
428 943 485 1008 hos
505 943 658 1031 andeliga·
1277 1001 1283 1022 '
1594 1019 1633 1087 B·
1649 1027 1680 1086 ὃ·
1700 1038 1724 1087 ¹²
1739 1031 1799 1106 ln·

260 1165 510 1262 Greconrus
526 1145 752 1274 Episcopus
765 1191 905 1250 servus
922 1191 1131 1252 servorum
1147 1157 1213 1248 dei
1227 1155 1539 1256 venerabilibus
1553 1150 1747 1249 fratribus
1762 1161 1930 1252 Archis-

4 1265 8 1272 ⁶
58 1287 63 1296 ¹
137 1276 306 1386 piseopo
322 1275 533 1386 Upsalensi
548 1292 589 1357 et
603 1275 691 1383 ejus
719 1275 982 1384 suffraganeis
996 1305 1072 1387 per
1086 1305 1255 1388 regnum
1286 1276 1435 1358 Sveciae
1448 1277 1676 1360 constitutis
1695 1280 1869 1365 salutern¹
1891 1292 1932 1362 et

9 1461 12 1470 i
99 1386 400 1496 ,apostolicam
428 1386 762 1471 benedictionem.
789 1385 854 1468 Ad
884 1389 1133 1471 audientiam·
1159 1405 1337 1469 nostram
1358 1392 1564 1496 peruenit,
1591 1389 1704 1498 quod
1747 1371 1934 1476 nonnulli

138 1499 238 1580 laici·
259 1524 301 1578 se
330 1525 403 1606 per
429 1525 601 1606 regnum
630 1499 779 1582 Sreciae
793 1499 845 1581 de
858 1499 1062 1610 aliquibus
1077 1501 1176 1581 locis
1204 1498 1254 1581 ad
1277 1501 1356 1581 alia
1370 1498 1668 1600 transferentes,
1681 1501 1934 1612 hospitalita-

138 1613 190 1694 tis
219 1623 419 1718 praetextu
447 1611 592 1718 passim
623 1607 772 1690 fundos
801 1611 1069 1694 Ecclesiarum
1095 1610 1294 1696 uiolenter
1322 1613 1494 1711 intrare,
1522 1627 1564 1692 et
1586 1615 1725 1696 curias
1749 1609 1935 1702 sacerdos·

21 1765 24 1784 ι
139 1739 243 1816 tum,
274 1719 496 1831 domosque
524 1721 686 1801 illorum
714 1721 953 1830 infringere,
983 1751 1031 1804 ac
1057 1723 1167 1805 bona
1196 1747 1358 1834 rapere,
1388 1725 1611 1804 temeritate
1649 1727 1815 1835 propria
1851 1754 1937 1808 non

139 1850 351 1928 verentur,
379 1831 479 1913 alias
507 1832 790 1916 nichilominus
818 1833 1026 1917 violentias
1053 1836 1237 1942 personis
1265 1831 1415 1923 ibidem
1451 1835 1717 1918 existentibus
1751 1837 1935 1946 irrogan-

139 1941 216 2039 do,
245 1970 492 2052 quamquam
521 1971 570 2024 ex
598 1957 751 2023 statuto
778 1943 818 2025 h.
848 1973 899 2026 m.
929 1945 1161 2028 Sabinensis
1191 1945 1400 2055 Episcopi,
1443 1945 1540 2028 olim
1568 1943 1611 2028 in
1644 1945 1830 2057 partibus
1850 1938 1937 2044 ¹illis

139 2053 385 2162 Apostolicae
411 2053 526 2139 Sedis
553 2054 591 2133 le
619 2053 691 2150 ati,
734 2083 856 2163 super
884 2055 963 2137 hoc
998 2055 1109 2138 edito
1152 2056 1353 2137 habeatur
1396 2083 1647 2164 expressum,
1671 2057 1806 2169 ,quod
1835 2057 1937 2142 tales

139 2182 450 2274 praesumptores
470 2167 562 2273 ipso'
589 2085 697 2245 iacto
726 2168 965 2251 sententiam
990 2169 1423 2252 excommunicationis
1452 2169 1675 2252 incurrant.
1734 2171 1954 2275 Quocirca»

138 2275 387 2357 fraternitati
414 2295 555 2358 uestrae
582 2303 657 2384 per
685 2277 920 2384 Apostolica
948 2279 1099 2387 scripta
1127 2279 1381 2372 mandamus,
1410 2294 1608 2466 quatenus
1622 2282 1657 2361 si
1683 2296 1744 2362 est
1772 2281 1840 2379 ita,
1856 2297 1936 2362 sta·
2005 2303 2007 2310 '

14 2485 17 2495 ,
139 2403 274 2468 tutum
303 2389 435 2494 ipsum
462 2386 616 2474 faciatis
643 2386 760 2494 juxta
788 2387 912 2469 officii
940 2392 1069 2471 vestri
1092 2389 1275 2471 debitum
1305 2391 1417 2471 invio
1433 2388 1593 2470 abiliter
1608 2376 1825 2480 observari,
1855 2391 1936 2473 Da·

136 2516 227 2586 tum
253 2496 447 2608 Lugduni
477 2499 595 2590 nonis
623 2503 726 2608 Aug.
755 2501 1015 2591 Pontificatus
1042 2503 1174 2592 nostri
1202 2508 1322 2593 Anno
1351 2499 1485 2591 tertio,

143 2753 281 2920 577,
362 2809 365 2816 ’
659 2773 661 2775 ’
796 2781 947 2911 1274
995 2697 1043 2873 d
1089 2807 1123 2913 9
1170 2753 1304 2914 Aug.
1771 2766 1938 2922 Lyona

140 3057 144 3064 Ι
228 2987 319 3062 Pdfv,
339 2987 516 3052 Gesacum
536 2986 592 3056 th
611 2986 715 3070 ilppna
736 2984 812 3047 bref
826 2986 875 3047 till
886 2985 1004 3067 lurlen,
1024 2987 1223 3069 Lagmrnnen
1244 2986 1306 3050 och
1326 2985 1650 3068 Hsmmhsfdinguae
1671 2983 1938 3067 mli-isterige,

277 3070 352 3144 med
383 3069 555 3150 besallning
576 3089 627 3144 om
649 3068 808 3150 sorgiitllig
828 3070 950 3152 tillsyn,
972 3071 1037 3134 dels
1056 3081 1103 3146 att
1123 3071 1176 3134 det
1197 3069 1369 3154 missb'rulr,
1390 3091 1457 3134 som
1477 3071 1675 3154 upplommit
1705 3090 1817 3150 genem
1845 3067 1938 3133 een.

277 3155 461 3222 Acarnanes
483 3153 552 3228 lllts
572 3152 661 3212 Bulla
678 3173 734 3215 om
756 3153 820 3230 arf,
843 3151 909 3214 deri
930 3154 1049 3215 enhvur
1068 3153 1184 3219 tiltttes
1204 3149 1259 3230 e'tt,
1281 3153 1362 3214 ester
1381 3153 1495 3235 behag,
1517 3155 1527 3212 i
1548 3153 1627 3214 vissa
1658 3148 1725 3233 sall,
1747 3145 1822 3234 giiru
1842 3145 1939 3212 Chr-t-

278 3247 340 3297 stus
361 3235 410 3295 till
431 3233 569 3315 a1·fvinge
592 3235 629 3294 af
646 3235 699 3311 all,
719 3234 804 3309 ,aller
819 3255 857 3301 en
878 3239 977 3299 stom-e
999 3236 1049 3298 del
1071 3237 1110 3297 af
1125 3239 1171 3297 sin
1192 3236 1361 3317 egendum,
1389 3237 1479 3302 efren
1499 3233 1938 3318 emotutnnastesligtirg'ars

272 3301 338 3392 ,och
359 3317 529 3399 arllegapes
550 3315 784 3399 aredgifrande,
806 3316 872 3380 dels
892 3328 936 3380 att
953 3320 1109 3402 'vildgilie
1129 3320 1157 3400 ej
1179 3319 1261 3400 linge
1279 3327 1336 3401 iga
1356 3335 1436 3390 rum.
1689 3366 1695 3377 .

1625 3433 1662 3487 A.
1680 3447 1705 3487 1.
1721 3443 1746 3488 ι.
1764 3431 1807 3488 38.

279 3565 281 3568 ’
311 3569 543 3656 Gnenonrus
568 3569 785 3680 episcopus
815 3597 960 3664 seruus.
982 3595 1195 3651 seruorum
1225 3567 1301 3660 dei.
1332 3567 1498 3674 Dilectis
1524 3565 1618 3674 filijs
1633 3565 1852 3650 Nobilibus
1878 3567 1938 3646 vi-

139 3682 199 3768 ris
229 3740 237 3759 .
270 3741 278 3760 .
309 3679 426 3775 Duci,
442 3675 649 3788 Legiferis,
667 3679 1020 3777 prolocutoribus,
1048 3680 1134 3762 aliis
1165 3707 1216 3760 ue
1228 3674 1448 3768 Nobilibus
1476 3704 1551 3788 per
1572 3681 1758 3786 Regnum
1784 3677 1938 3758 Swecic
2016 3745 2019 3752 ,

138 3792 386 3887 ,constitutis
401 3789 616 3870 salutem&
626 3799 753 3898 sipost.
770 3789 1091 3883 benedictionem
1100 3709 1164 3871 Ad
1178 3789 1422 3870 audientiam
1437 3789 1687 3900 apostolatus
1702 3790 1830 3870 nostri
1846 3815 1938 3896 per·

139 3904 278 3999 uenit,
308 3897 420 4012 quod
454 3900 580 3981 multa
609 3900 748 3982 illicita
784 3904 827 3987 in
842 3905 984 4010 Regno
1014 3903 1165 3984 Swecie
1194 3929 1218 3981 a
1246 3901 1363 3990 uobis
1390 3903 1618 4010 uestrisque
1633 3896 1938 3986 BalliuisetMi·

142 4011 416 4096 nisterialibus
445 4028 747 4121 presumuntur,
776 4042 856 4124 que
884 4032 1109 4111 noscuntur
1124 4013 1166 4093 in
1181 4012 1319 4110 diuine
1347 4013 1561 4103 maiestatis
1591 4007 1783 4093 offensam
1811 4026 1852 4090 et
1868 4007 1937 4092 de·

143 4128 399 4234 rogationem
413 4123 611 4220 libertatis
623 4125 889 4214 ecclesiastice
903 4125 1140 4207 redundare.
1170 4125 1271 4204 Nam
1286 4123 1319 4211 si
1335 4125 1547 4234 quisquam
1559 4139 1738 4214 uestrum
1751 4119 1818 4200 uel
1836 4119 1937 4200 alitis
2038 4119 2046 4126 ’

139 4237 402 4350 quicumque,
431 4235 516 4315 siue
542 4235 732 4332 clericus,
762 4237 846 4316 siue
874 4235 1001 4326 laicus
1029 4235 1206 4324 eiusdem
1235 4233 1366 4340 Regni
1408 4233 1586 4328 condens
1615 4231 1812 4319 debonis
1840 4243 1936 4340 pr'o-

140 4347 247 4467 prijs
277 4345 505 4444 mobilibus,
533 4348 618 4426 siue
646 4346 918 4444 immobilibus
946 4362 1240 4446 testamentum,
1270 4345 1405 4454 aliqua
1434 4343 1485 4426 de
1518 4343 1637 4426 bonis
1651 4344 1748 4453 ipsis
1777 4342 1935 4450 legaue·⁴

143 4462 200 4541 rit
229 4455 424 4565 ecclesiis,
467 4473 538 4550 aut
572 4457 663 4566 alijs
701 4457 780 4568 pijs
824 4456 1191 4556 locis,l1uiusmodi
1234 4456 1426 4563 legatum,
1466 4453 1689 4548 secundum
1728 4451 1934 4568 quandam

144 4599 317 4682 prauam
345 4569 690 4670 consuetudinem,
719 4569 934 4667 dicendum
963 4571 1098 4681 ¹potius
1132 4565 1426 4675 corruptelam,
1465 4587 1548 4680 que
1572 4591 1599 4654 a
1628 4563 1747 4654 nobis
1774 4565 1934 4668 irratip-

145 4681 339 4776 nabiliter
364 4679 606 4794 approbata,
635 4684 678 4762 in
705 4681 785 4776 illis
812 4669 996 4789 partibus
1042 4680 1230 4781 inoleuit',
1258 4695 1300 4760 et
1326 4672 1517 4788 prolege
1543 4693 1748 4774 seruatur,
1775 4674 1933 4756 nulluln

144 4794 276 4876 robur
305 4786 461 4878 obtinet
490 4789 689 4890 firmitatis
697 4854 709 4899 f,
735 4793 815 4892 'nisi
843 4811 1045 4905 quatenus
1072 4793 1123 4876 de
1149 4795 1163 4872 i
1195 4792 1276 4890 sius
1315 4789 1520 4882 testatoris
1546 4783 1741 4879 heredum
1754 4799 1934 4978 'proces-

149 4905 247 4986 serit
277 4893 497 5000 u'oluntate,
512 4899 607 4983 licet
635 4904 680 4982 in
708 4903 857 5010 litteris*
878 4903 1004 4996 felicis
1032 4821 1324 5002 recorddtionis
1339 4893 1570 4994 Alexandri.
1597 4897 1715 5008 Papo.
1742 4899 1760 4978 l
1783 4899 1812 4978 l.
1841 4915 1935 5010 pre·

63 5047 65 5052 ’
139 5015 368 5117 decessoris
392 5015 525 5115 nostri
554 5010 606 5114 ad
627 5012 740 5106 ,clare
767 5021 968 5113 mernorie.
997 5003 1048 5118 Κ.
1078 5016 1226 5140 Regem
1249 4999 1512 5118 ‚Speuoi'um
1542 5027 1583 5105 et
1610 5001 1850 5134 Episcopus,
1888 5035 1934 5091 ac
