4382 5964
748 471 861 594 ι-
974 532 1046 638 59ι
1152 521 1222 594 ''-

116 755 352 866 penitenciis
379 749 561 832 relaxare
598 741 1032 831 valeantauctoritate
1068 749 1132 832 dei
1168 751 1453 858 omnipotentis
1482 747 1758 833 othonorum
1806 779 1906 830 mar-

114 868 249 958 tirum„
265 862 460 943 laurencii
490 866 529 941 8<
559 861 684 958 lirici,
712 860 829 940 uobis
856 859 1119 950 concedimus·
1142 868 1215 943 &o
1244 864 1315 941 orb
1343 863 1488 941 vidoro
1515 865 1580 942 till
1608 865 1754 942 Datum
1784 862 1908 941 hana·

114 967 244 1073 holm,
267 979 271 988 “
292 965 402 1056 anno
445 967 610 1062 domini.
652 973 724 1052 ΜΟ.
769 971 1052 1054 ducentesimo.
1109 971 1336 1063 LXXX⁰I⁰.
1379 989 1493 1058 sexto
1545 999 1667 1054 nonas
1719 973 1908 1062 octobris.

113 1121 285 1224 Nedcrst
307 1124 366 1310 pri
393 1121 530 1200 occlct
559 1117 631 1200 ocb
659 1117 749 1196 med
775 1147 911 1198 armon
938 1118 1070 1198 leand:
1099 1116 1218 1224 jstam'
1248 1114 1423 1195 litteram
1453 1117 1670 1222 procuraui
1687 1099 1789 1226 'Ego
1830 1116 1908 1197 fra,

115 1226 177 1312 ter
205 1234 308 1311 israe
352 1229 568 1310 adomino
599 1227 745 1336 jacobo
774 1227 1078 1338 archiepiscopo
1118 1227 1330 1338 upsalensi.
1360 1232 1397 1305 8(
1426 1225 1556 1305 habet·
1592 1230 1782 1338 vigorem.
1814 1227 1907 1308 licet
2042 1264 2048 1282 ·
2081 1277 2086 1287 -

115 1341 241 1423 frater
270 1339 506 1422 Gerbardus
535 1338 755 1448 aliquando
791 1337 903 1445 prior
932 1339 1193 1434 silitunensis,
1230 1368 1278 1418 ex
1307 1337 1503 1417 incautela
1548 1338 1758 1446 abruperit
1800 1339 1948 1447 sigit-
1992 1397 1997 1414 ,

113 1450 207 1535 lum.
236 1453 342 1532 vnde
369 1467 555 1532 seruetur
585 1451 691 1530 inter
720 1451 943 1559 priuilegia.
1642 1545 1650 1552 .

216 1593 459 1660 Patrensium:
481 1593 574 1655 Volet
597 1591 763 1654 secundum
787 1593 889 1654 sorum
912 1592 1116 1668 consciencie,
1140 1586 1172 1652 dt
1194 1611 1256 1654 nou
1278 1588 1444 1650 secundum
1467 1587 1569 1650 sorum
1592 1590 1806 1650 contencionis.

822 1706 1033 1788 Sigillremsun
1060 1715 1093 1769 dr
1115 1725 1201 1789 qvar.

2 1975 58 2059 Ἰ
121 2027 252 2171 335.
302 2107 306 2116 .
690 2128 693 2141 ,
746 2021 992 2130 1281d.
1043 1941 1110 2127 aa
1162 2023 1337 2139 Nou„

199 2247 289 2308 Psrv.
310 2247 472 2308 Maurmus
494 2243 565 2304 ths
586 2240 738 2304 Tillstdud
760 2240 810 2303 i'o'r
831 2239 912 2304 Kon.
933 2243 1063 2304 Missus
1085 2253 1130 2304 att
1152 2241 1182 2303 sd
1205 2241 1270 2304 osta
1293 2262 1358 2303 som
1380 2239 1516 2324 behagcs
1548 2242 1627 2324 valia
1658 2243 1702 2326 sig
1734 2266 1772 2308 en
1793 2239 1912 2308 sdrslilt

120 2341 128 2350 “
245 2339 328 2415 prest
349 2328 398 2389 till
419 2323 626 2388 stituesader.

1620 2405 1656 2461 K.
1673 2421 1697 2460 s.
1719 2407 1778 2478 ¹³9·
1903 2463 1907 2471 ,

169 2545 202 2626 ’,
276 2548 482 2642 abactam
526 2545 645 2650 Papo
688 2542 881 2651 Quartus
922 2541 1163 2658 Chorissimo
1191 2545 1241 2622 Iu
1269 2543 1427 2624 Christo
1480 2546 1582 2625 Filio
1624 2545 1781 2649 illogno
1810 2545 1915 2652 Regi

313 2657 536 2737 Saucorum
566 2656 771 2742 illustri,'.

91 2895 97 2904 ῃ
275 2799 440 2900 Quanto
491 2820 702 2902 personam
757 2810 868 2872 tuam
912 2796 1052 2874 maiori
1097 2795 1381 2904 prosequimur
1424 2793 1672 2877 abundantia
1716 2788 1912 2896 caritatis,

106 2924 228 2988 *tanto
257 2906 462 2988 liberalius
501 2907 605 2985 votis
635 2907 717 2986 tuis
751 2904 922 2985 libenter
951 2905 1165 2985 annuimus
1193 2907 1235 2984 in
1265 2906 1327 2987 his
1363 2909 1586 3014 potissime,
1630 2913 1720 3016 quae
1750 2907 1911 3016 proiici-

111 3035 187 3098 unt
216 3017 266 3098 ad
295 3017 475 3097 salutem.
505 3017 625 3124 Regis
654 3017 790 3125 itaque
820 3016 1186 3124 supplicationibus
1219 3016 1417 3115 inclinati,
1447 3021 1687 3098 auctoritate
1711 3017 1786 3098 tibi
1808 3045 1910 3126 prae·

109 3131 282 3210 sentium
311 3125 578 3234 indulgemus:
609 3143 654 3205 ut
684 3127 857 3236 aliquem
887 3126 1077 3208 idoneum
1106 3127 1391 3235 Presbyterum
1415 3125 1665 3238 Religiosum
1694 3127 1760 3208 vel
1788 3155 1911 3208 saecu·

109 3240 234 3320 larem
262 3241 587 3349 quotiescunque
618 3255 895 3348 opportunum
927 3237 1046 3318 fuerit
1075 3238 1150 3318 tibi
1179 3239 1325 3346 eligere
1356 3239 1486 3320 valeas
1517 3238 1817 3340 Confessorem,
1840 3239 1913 3349 qui

110 3350 248 3458 audita
279 3349 528 3438 confessione
557 3364 627 3428 tua
657 3351 732 3430 tibi
761 3349 1002 3430 auctoritate
1032 3366 1171 3430 nostra
1201 3377 1277 3456 pro
1309 3351 1478 3458 peccatis
1507 3350 1587 3430 tuis
1616 3349 1799 3462 quaesibi
1814 3379 1912 3432 con·

108 3461 305 3558 fitebcris‚
336 3461 617 3567 poenitentiam
645 3461 859 3541 salutarem
891 3462 1121 3568 iniungens,
1151 3489 1271 3568 super
1300 3461 1362 3566 his
1390 3459 1630 3543 beneficium
1665 3458 1811 3544 debitae
1841 3460 1911 3541 ab·

2 3600 3 3606 ’
109 3573 325 3656 solutionis
354 3564 581 3679 impendat:
612 3573 688 3652 nisi
718 3571 814 3652 talia
844 3571 1005 3668 fuerint,
1034 3588 1203 3679 propter
1231 3600 1322 3681 quac
1351 3569 1464 3653 sedes
1486 3571 1720 3681 Apostolica
1747 3571 1801 3651 sit
1829 3598 1911 3662 me-

111 3686 194 3766 rito
223 3680 481 3764 consulenda.
513 3679 622 3762 Idem
651 3709 815 3792 quoque
844 3698 939 3762 vota
970 3699 1111 3792 perte
1141 3685 1293 3786 emissa,
1322 3682 1676 3790 Hierosolymitan.
1706 3712 1751 3764 ac
1781 3684 1911 3764 conti·

109 3797 254 3878 nentiae
283 3812 381 3877 voto
409 3810 597 3902 excepto,
626 3793 701 3873 bac
730 3795 815 3874 vice
850 3791 986 3874 eadem
1031 3794 1271 3875 auctoritate
1312 3811 1560 3876 commutare
1602 3795 1735 3876 valeat
1764 3794 1804 3872 in
1834 3791 1909 3872 alia
1985 3865 1989 3870 ,

108 3935 232 4018 opera
262 3903 441 4015 pietatis,
473 3920 596 4012 prout
625 3906 766 3986 animae
794 3922 875 3984 tuae
902 3904 1021 3985 saluti
1052 3903 1200 3985 viderit
1229 3905 1432 4016 expedire.
1479 3905 1589 3988 Nulli
1619 3935 1718 4014 ergo
1746 3905 1910 3984 omnino
2033 3915 2036 3920 “
2109 3973 2115 3980 .

108 4020 320 4100 hominum
348 4015 466 4095 liceat
496 4010 603 4095 hanc*
627 4017 812 4124 paginam
840 4034 977 4097 nostre
1005 4019 1257 4099 concessions
1286 4015 1504 4128 infringere
1533 4023 1607 4098 &c
1639 4012 1910 4123 Datumapud

108 4129 263 4212 Vrbem
292 4143 469 4209 veterem
498 4125 547 4205 X.
575 4125 739 4208 Calend.
770 4125 992 4208 decembris
1020 4129 1130 4208 anno
1159 4131 1303 4240 primo,
1825 4151 1830 4160 ’
1906 4153 1908 4160 ⁴

116 4505 393 4666 73⁶9..
744 4513 891 4619 1281
946 4477 1337 4663 (1.29Βεο]

129 4728 162 4807 „¹
190 4729 329 4814 uanus,
349 4680 543 4804 mim-{120
563 4732 640 4806 orer
656 4733 728 4806 aa
749 4686 941 4808 samua
961 4733 1097 4800 mame
1117 4732 1386 4819 sansana
1398 4734 1498 4800 sna.
1577 4723 1664 4878 Μ’
1676 4828 1700 4870 ν
1714 4816 1777 4872 m

266 4945 493 5030 Omnibus·
510 4953 732 5058 pausantes
751 4947 889 5030 literas
937 4951 1180 5061 inspecturis
1213 4951 1385 5064 Magnus
1412 4947 1487 5034 Dei
1527 4953 1657 5062 gratia
1699 4945 1911 5064 Sweorunt

107 5058 426 5172 Gothorumque
449 5086 543 5156 rex,
572 5056 741 5139 salutem
767 5059 810 5138 in
841 5061 1017 5141 Domino
1045 5065 1341 5173 sempiternam
1385 5065 1589 5169 Quoniam
1620 5080 1704 5145 tam
1731 5089 1805 5179 per
1834 5089 1910 5144 nos
1979 5063 1982 5066 ’

53 5219 57 5225 -
108 5195 235 5282 quam
262 5199 335 5282 per
363 5197 433 5253 eos
459 5170 542 5282 qui
561 5167 668 5252 circa
709 5194 785 5252 noa
812 5185 907 5252 sunt
934 5171 1108 5255 subditis
1135 5174 1283 5258 nostris
1311 5202 1453 5286 pacem
1480 5180 1523 5259 &
1550 5177 1730 5290 quietem
1761 5175 1910 5260 conite-
