4370 5950
916 450 1006 472 ·—
1115 409 1168 490 82
1279 441 1457 528 -Q'

103 685 106 690 ,
152 725 156 740 ¹
200 627 506 744 ,sacrsscgium
564 624 666 710 Item
693 654 742 710 ex
771 627 955 722 Concilio
983 626 1221 736 Agathensi:
1251 625 1417 740 Clerici,
1459 629 1523 710 vel
1552 633 1776 734 saeculares,
1819 638 1889 748 qui
1926 639 2028 730 obla·

35 751 39 760 “
240 742 373 834 tiones
400 743 612 854 parentum
649 758 720 822 aut
755 739 888 838 datas,
932 756 1002 820 aut
1051 755 1292 820 testamento
1338 740 1517 839 relictas,
1557 747 1732 844 retinere
1780 743 2024 857 perstiterint,

240 851 394 955 antid,
422 853 536 966 quod
565 854 643 963 ipsi
671 851 917 934 donauerint
945 851 1223 962 Ecclesijsvel
1259 853 1530 961 monasteriis,
1575 855 1823 940 crediderint
1860 851 2028 945 auferen-
2077 921 2079 928 ι
2172 915 2173 918 ¹

239 971 350 1068 du‘m,
378 968 483 1050 sicut
511 978 651 1048 sancta
679 963 869 1074 Synodus
896 965 1048 1061 statuit,
1075 965 1188 1043 velut
1216 980 1423 1045 necatores
1451 993 1697 1076 pauperum,
1717 997 1927 1084 quousque
1948 975 2027 1058 red·

231 1084 351 1186 dant,
379 1079 433 1161 ab
457 1077 649 1186 Ecclesijs
678 1075 961 1158 excludantur.
1017 1076 1113 1156 Illos
1140 1085 1241 1157 vero
1268 1077 1340 1187 qui
1374 1079 1417 1156 in
1452 1077 1618 1161 clericos
1652 1081 1847 1186 violentas
1889 1113 2028 1188 manus,

236 1195 320 1278 nisi
347 1191 457 1273 forte
483 1219 526 1272 se
552 1187 1050 1296 defendentes'inijciunt,
1079 1215 1237 1296 poenam
1267 1187 1693 1273 excommunicationis
1738 1193 1940 1276 incurrere
1978 1225 2032 1280 sa·

239 1307 451 1392 crosancta
478 1303 660 1384 Romana
687 1302 769 1379 iam
797 1298 956 1409 pridem
984 1301 1139 1396 statuit,
1166 1307 1206 1382 St
1234 1298 1526 1383 inuiolabiliter
1553 1316 1663 1384 tenet
1692 1305 1886 1388 Ecclesia:
1913 1335 1986 1390 nec
2010 1337 2031 1390 a

237 1421 448 1534 quoquam
476 1415 656 1509 omnino,
686 1412 763 1494 nisi
792 1440 815 1490 a
844 1409 1028 1492 Romano
1056 1409 1265 1508 Pontifice,
1290 1413 1354 1492 vel
1383 1410 1653 1495 demandato
1681 1417 1765 1496 eius
1788 1415 1943 1499 absolui
1970 1448 2034 1530 pa·

181 1555 184 1566 ⁴
237 1533 354 1627 titur,
384 1545 456 1610 aut
484 1526 694 1636 permittit.
751 1523 835 1602 Vos
864 1523 1001 1632 itaque
1030 1523 1166 1630 ipsius,
1197 1553 1286 1634 quae
1316 1524 1496 1604 omnium
1525 1525 1792 1608 Ecclesiarum
1822 1547 1945 1639 caput
1983 1545 2037 1612 est

119 1682 129 1693 ·
238 1647 281 1725 &
307 1640 511 1750 magistra,
538 1634 719 1745 vestigijs
735 1635 1001 1732 inhaerentes,
1033 1635 1119 1713 eius
1148 1662 1194 1715 ao
1223 1652 1371 1716 nostrae
1400 1637 1444 1715 in
1479 1633 1723 1746 supradictis
1752 1641 1940 1722 omnibus
1981 1669 2050 1724 ac·.
2092 1639 2093 1644 ‘

238 1753 435 1866 quiescite
463 1750 684 1829 sanctioni:
710 1751 753 1826 8c
781 1743 1004 1827 secundum
1033 1774 1079 1826 ea
1108 1773 1250 1855 quasa
1288 1749 1436 1850 sanctis
1469 1748 1653 1856 patribus
1697 1755 1738 1830 &
1778 1750 2038 1858 praedecesso·

237 1865 356 1948 ribus
382 1861 531 1943 nostris
559 1859 742 1939 instituta
770 1856 1042 1967 praediximus,
1072 1857 1301 1955 obseruate,
1329 1875 1453 1969 atque
1481 1857 1533 1938 ab
1564 1862 1751 1942 omnihus
1782 1891 1854 1970 per
1883 1865 2043 1972 Episco-

15 1968 17 1978 ’
152 2027 154 2037 ι
213 1973 365 2092 'patus
396 1981 551 2054 vestros
579 1982 777 2082 quantum
806 1970 848 2048 in
877 1969 993 2050 vobis
1021 1985 1094 2064 est,
1121 1968 1274 2050 faciatis
1304 1971 1472 2050 firmiter
1498 1973 1869 2054 &inuiolabiliter
1910 1973 2044 2055 obser·

238 2089 343 2172 uari.
402 2083 712 2190 contemptores
740 2079 928 2191 equidem
965 2079 1241 2161 Ecclesiastiea
1271 2081 1528 2190 praecipimus
1556 2109 1683 2193 vsque
1711 2083 1762 2165 ad
1805 2083 2044 2192 condignam

239 2197 524 2316 poenitentiam
553 2194 705 2276 vltionc
730 2191 910 2301 percelli,
965 2191 1263 2273 Ohedientibus
1291 2209 1424 2273 autem
1453 2194 1504 2273 sit
1533 2221 1612 2300 pax
1643 2194 1807 2275 Domini
1834 2197 1966 2277 nostri
1987 2197 2045 2276 Ie·
2172 2207 2173 2210 ’

237 2339 291 2396 su
317 2307 488 2393 Christi:
515 2305 707 2418 quatinus
735 2311 775 2384 &
802 2303 871 2384 hic
897 2301 1076 2383 fructum
1105 2303 1222 2384 honae
1237 2303 1405 2386 actionis
1420 2304 1769 2414 percipiant,·&in
1787 2305 1930 2388 futuro
1945 2334 2044 2419 prae·
2172 2353 2173 2386 r

240 2423 323 2507 mia
350 2436 501 2504 aeterna
528 2418 638 2528 pacis
666 2417 890 2498 inueniant.
946 2415 1095 2496 Datum
1125 2415 1346 2499 Tusculani
1374 2415 1445 2498 lV.
1499 2415 1595 2496 ldus
1625 2417 1888 2528 Septembris.
1960 2433 1963 2440 '

247 2697 340 2816 55.
750 2685 1265 2814 1165...11·81,d.
1320 2728 1382 2796 11
1434 2687 1574 2838 Sept.
1676 2597 2047 2812 Tusculanum.
2172 2603 2173 2612 ¹

254 3001 260 3010 ,
325 2925 923 3010 Pafv.amxunu111:suppmaning
944 2925 991 2988 till
1013 2923 1157 3009 Sveaiges
1175 2925 1236 2988 och
1258 2927 1355 2989 andra
1376 2926 1529 2992 Nordisla·
1541 2923 1669 2990 'Rilens
1697 2925 1890 3009 Konuugar,
1924 2931 2051 2992 Furstar

195 3077 197 3088 ,
236 3031 239 3038 ’
377 3007 440 3073 och
460 3008 558 3070 andra
579 3007 722 3076 Christus
743 3019 787 3070 att
808 3019 910 3090 troget
931 3006 1112 3072 framharda
1133 3011 1143 3070 i
1165 3009 1305 3072 Christeu
1327 3022 1375 3072 tro
1396 3010 1457 3073 och
1479 3007 1596 3092 lydnad
1628 3020 1695 3071 mot
1725 3009 1846 3072 Pdlven
1878 3011 1945 3074 och
1978 3013 2055 3074 Pre-
2094 3012 2097 3017 ’

375 3093 546 3176 sterskapet
565 3091 626 3155 och
645 3102 692 3154 att
712 3089 853 3174 ibretaga
874 3090 1036 3152 haribrder
1057 3093 1103 3154 till
1125 3091 1395 3154 Christendomeus
1425 3090 1622 3155 utbredande
1650 3093 1661 3153 i
1693 3091 1854 3172 Esttand,
1873 3095 1952 3158 med
1984 3093 2055 3155 lane

309 3211 312 3219 ·
376 3195 431 3238 om
452 3186 497 3237 ett
516 3176 566 3236 ars
587 3175 663 3237 eller
685 3175 748 3236 lila
769 3173 843 3236 aflat
864 3173 936 3235 med
964 3172 1048 3234 hvad
1077 3194 1144 3235 som
1175 3175 1284 3258 plagas·
1315 3176 1413 3256 gilvus
1444 3177 1493 3234 fo'r
1524 3174 1641 3234 valiurt
1670 3176 1719 3237 till
1752 3175 1789 3237 ll.
1821 3179 1979 3254 Graiveo,
2010 3177 2056 3238 l'dr

377 3257 449 3319 dem
471 3279 537 3321 som
558 3266 683 3342 tappert
703 3257 800 3321 stride
820 3267 887 3322 mot
907 3253 1132 3335 heduingarna,
1151 3255 1211 3318 och
1232 3257 1399 3340 syndernas
1419 3253 1617 3334 iullhomliga
1638 3253 1797 3319 lb‘rldtelse
1817 3261 1869 3318 lh'r
1891 3257 1971 3320 dem
1992 3275 2055 3320 som
2172 3283 2173 3330 l

262 3363 291 3410 ,s
377 3339 455 3402 falla
474 3342 486 3401 i
505 3339 628 3402 strideo.

1509 3407 1548 3465 K.
1566 3413 1595 3466 h.
1613 3427 1637 3468 a.
1654 3411 1714 3470 dm.
1732 3431 1778 3472 nto
1795 3433 1841 3473 ar.

407 3490 642 3573 Alexander
669 3491 788 3601 Papo
815 3491 899 3572 III.
955 3486 1134 3593 Regibus
1161 3483 1202 3558 &
1230 3477 1493 3590 Principibus,
1525 3487 1565 3562 8ι
1599 3485 1695 3592 oloja
1730 3489 1894 3571 Christi¹
1916 3489 2061 3598 fideli·

439 3602 530 3696 bus,
555 3630 632 3712 per
657 3629 788 3708 regno
814 3603 1047 3694 Dacorum,
1077 3591 1443 3700 Normaegensium,
1482 3591 1780 3696 Guetomorum,
1818 3605 1859 3682 8ι
1904 3603 2062 3686 Gotho·

435 3737 527 3790 rum
544 3713 578 3817 ¹)
605 3709 841 3790 constitutis.
1201 3741 1207 3748 ·
1696 3793 1699 3804 Α
1907 3707 1913 3718 ’

411 3855 506 3935 Non
535 3877 678 3961 parum
707 3847 863 3930 animus
892 3865 1032 3930 noster
1061 3841 1275 3956 affligitur,
1304 3843 1641 3932 &amaritudine
1684 3879 1768 3934 non
1812 3835 2002 3940 modica·
2028 3863 2066 3938 81

244 3965 388 4052 dolore
415 3979 644 4074 torquetur,
674 3989 766 4042 eum
793 3960 991 4042 feritatem
1020 3960 1217 4039 Estonum
1246 3964 1287 4038 &
1310 3955 1479 4038 aliorum
1498 3989 1749 4071 paganorum
1772 3961 1944 4049 illarum
1969 3988 2067 4086 par·
2172 3997 2173 4006 ³

242 4078 346 4162 tium
373 4075 566 4157 aduersus
596 4072 671 4152 Dei
699 4071 849 4168 fideles,
877 4077 918 4151 &
946 4068 1184 4170 Christianae
1211 4069 1306 4151 fidei
1334 4067 1511 4152 cultores
1539 4075 1718 4181 grauius,
1761 4077 1996 4189 insurgere,
2027 4075 2067 4162 St

241 4189 470 4272 immaniter
499 4183 738 4266 debacchari
766 4182 962 4279 audimus,
979 4182 1248 4263 &Christiani
1263 4183 1435 4262 nominis
1449 4181 1690 4294 impugnare
1716 4188 1927 4273 virtutem.
1988 4193 2073 4273 Ve·
2172 4289 2173 4292 q

103 4393 106 4406 Ι
240 4301 458 4383 ruutamen
487 4293 766 4376 laudamus&
794 4293 1067 4375 benedicimus
1096 4294 1335 4390 Dominum,
1364 4293 1477 4404 quod
1505 4321 1579 4376 vos
1619 4297 1663 4378 in
1706 4294 1786 4380 lide
1829 4301 2071 4402 Catholica,

240 4415 284 4495 &
310 4414 354 4493 in
379 4405 600 4492 'deuotione
624 4420 895 4493 sacrosanctae
917 4408 1107 4486 Romanae
1123 4403 1320 4503 Ecclesiae,
1341 4431 1432 4515 quae
1446 4409 1626 4488 omnium
1641 4409 1913 4494 Ecclesiarum
1931 4411 2070 4528 caput

242 4513 323 4619 est',
351 4527 391 4602 8<
419 4522 609 4630 magistra
637 4545 660 4596 a
690 4517 862 4596 Domine
890 4518 1123 4613 constituta,
1152 4543 1274 4624 super
1300 4543 1441 4599 omnes
1467 4518 1566 4600 alias
1594 4519 1794 4603 Ecclesias
1809 4522 1969 4608 caelesti
1984 4521 2075 4638 pri·

98 4719 100 4724 ,
241 4631 393 4740 uilegio
421 4631 581 4712 obtinet
610 4629 895 4745 principatum,
923 4628 1120 4709 immobili
1148 4627 1337 4710 firmitate
1365 4630 1590 4738 persistitis
1619 4632 1936 4716 &Christianae
1970 4639 2073 4722 reli·
2172 4675 2173 4678 ¹

57 4836 60 4844 ¹
101 4812 111 4846 ,2
201 4769 219 4792 ··
242 4745 376 4858 gionis
402 4742 609 4824 vinculum
638 4746 678 4821 &
706 4741 900 4822 vnitatem
929 4740 1109 4821 seruatis.
1137 4737 1258 4821 Vnde
1286 4743 1479 4852 quoniam
1495 4741 1661 4854 expedit
1681 4743 1817 4828 officio
1831 4755 2006 4848 nostro,
2025 4777 2075 4832 ea

81 4955 84 4960 Ι
155 4861 161 4872 “
244 4883 338 4968 quae
366 4852 418 4937 ad
445 4852 821 4935 corroborationem
848 4851 955 4951 fidei,
984 4855 1024 4933 &
1052 4851 1275 4938 animarum
1302 4869 1525 4936 vestrarum
1565 4871 1795 4941 noscuntur
1846 4863 2075 4972 pertinere
2167 4950 2171 4964 ,

283 5061 307 5144 ¹)
328 5083 385 5151 per
404 5061 512 5146 Regna
532 5058 700 5141 Sueonum,
720 5039 907 5144 Gothorum,
928 5012 1104 5164 banorum,
1124 5053 1160 5127 ἃ
1179 5059 1446 5146 lioruegieusium.
1485 5057 1529 5126 Κ.
1547 5081 1575 5127 c.
1588 5018 1666 5128 ⁵155.
