4404 5960
743 550 870 574 ,...
979 504 1061 605 415
1172 495 1230 574 ..ιι

227 747 257 785 ··
284 723 472 806 Vrbanm
495 729 574 806 &a
602 727 901 810 Venerabiliter
923 727 1141 810 Fratribus
1156 725 1508 835 ·Amlu‘epa'vcopis,.
1539 747 1579 810 et
1606 725 1830 840 tepescam,
1863 759 1913 814 ac
2126 723 2134 732 ’

318 841 458 918 ceteris
490 834 759 928 Ecolesicrum
785 841 963 920 Prema
981 866 1061 948 per
1089 836 1273 918 Statum
1301 843 1522 924 coerceatis
1550 838 1731 932 suarem
1757 847 1831 928 &a
1985 891 1990 902 -

225 981 229 988 ’
286 979 456 1078 Terram
484 962 691 1078 Sanctam,
719 1003 851 1091 quam
870 982 1115 1090 Vnigenitus
1144 981 1222 1060 Dei
1247 980 1353 1062 liliu's
1382 969 1587 1062 ‘Dominus
1629 984 1770 1065 lhesus
1798 985 1915 1066 Chri·
2063 1023 2100 1053 ψ·

129 1107 204 1176 stus
232 1092 275 1171 iu
304 1093 516 1201 proprium
546 1091 624 1173 sibi
652 1093 965 1202 patrimonium,
994 1103 1034 1175 et
1062 1090 1326 1174 hereditatem
1353 1091 1475 1200 elegit
1495 1099 1790 1203 conspicientes
1809 1097 1915 1177 ‘feria
2045 1148 2049 1160 «

128 1219 201 1285 tate
231 1203 489 1285 diversorum
510 1202 733 1284 infidelium
773 1204 1001 1288 immaniter
1042 1205 1230 1300 lacerari,
1272 1207 1357 1285 vias
1385 1222 1426 1285 et
1455 1201 1597 1286 modos
1640 1204 1916 1290 desideranter

128 1316 378 1425 exquirimus,
407 1313 557 1424 quibus
590 1314 719 1397 eidem
747 1332 853 1396 terre
882 1316 1038 1424 possint
1068 1332 1270 1426 oportuna
1299 1312 1474 1425 presidia
1519 1335 1660 1400 nostro
1692 1321 1916 1402 ministerio

127 1428 342 1536 provenire.
374 1431 511 1528 Quare
543 1424 595 1505 de
622 1425 855 1507 Venerabili
885 1427 1024 1507 Fratre
1052 1442 1232 1510 nostro.
1342 1427 1546 1536 Episcopo
1575 1430 1756 1512 Scarensi
1794 1458 1914 1542 quem

1 1619 2 1630 ,
52 1555 57 1563 '
126 1539 192 1618 Dei
218 1539 407 1619 timorem
436 1537 586 1617 habere
615 1535 827 1633 credimus,
862 1553 903 1616 et
932 1543 1121 1634 amorem,
1151 1539 1303 1648 quique
1331 1538 1624 1646 multiplicibus
1646 1540 1913 1623 'donisvirtu-
2000 1601 2002 1612 ι

124 1663 203 1729 tum
232 1649 417 1759 preditus
444 1647 599 1728 utiliter
624 1651 719 1745 soit,
746 1665 787 1728 et
810 1649 922 1728 ‘valet
950 1649 1021 1729 ubi
1052 1648 1211 1730 labores
1236 1649 1438 1758 'impendit
1472 1650 1635 1759 plenam
1664 1655 1707 1732 in
1735 1656 1915 1734 Domino

123 1760 304 1842 fiduciam
334 1762 580 1857 obtinentes,
610 1759 922 1868 predicationem
954 1761 1095 1841 Crucis
1126 1784 1204 1870 pro
1234 1761 1342 1842 dicte
1371 1777 1477 1842 terre
1498 1761 1679 1844 subsidio
1708 1766 1750 1843 in
1777 1765 1912 1846 Svetia

122 1871 192 1953 sibi
220 1900 294 1982 per
323 1889 483 1953 nostras
512 1871 667 1952 litteras
695 1871 771 1952 sub
799 1886 911 1951 certa
940 1869 1070 1950 forma
1104 1868 1293 1953 duximus
1322 1871 1666 1972 committendam,
1704 1878 1913 1982 cupientes
2078 1972 2083 1980 .

120 1981 165 2063 ut
190 1986 399 2093 negotium
428 1985 557 2092 ipsum
583 1984 626 2062 in
662 1983 847 2063 manibus
873 1984 958 2062 eius
987 2011 1036 2062 eo
1068 1982 1226 2091 plenius
1250 1984 1387 2066 divina
1403 1984 1613 2065 clementia
1629 1984 1801 2067 faciente
1817 2015 1912 2096 pro·
1967 2028 1972 2050 ι
2064 2059 2067 2066 .

121 2094 223 2175 liciat
252 2123 334 2204 quo
363 2095 488 2205 magis
515 2091 665 2175 insidet
694 2092 808 2174 cordi
837 2109 997 2188 nostro,
1027 2109 1067 2173 et
1096 2124 1180 2206 quo
1209 2098 1401 2176 maiorem
1430 2097 1708 2178 necessitatem
1736 2098 1789 2178 ad
1818 2125 1911 2207 pre·
2044 2135 2048 2149 ·

117 2217 205 2286 s'ens
233 2205 361 2287 eidem
391 2211 496 2287 terre
527 2206 711 2286 novimus
726 2206 944 2286 imminere.
977 2203 1155 2315 Ideoque
1177 2209 1488 2288 Vniversitatem
1509 2224 1683 2287 vestram
1704 2213 1910 2319 rogamus,
2036 2259 2045 2278 x

117 2334 154 2397 et
182 2319 393 2400 hortamur
410 2332 575 2398 attente
603 2317 720 2397 vobis
748 2317 1010 2399 nihilominus
1039 2320 1082 2398 in
1111 2320 1384 2399 remissionem
1406 2321 1681 2427 peccaminum
1696 2322 1912 2430 iniungen-

116 2448 188 2526 tes,
217 2446 419 2541 quatenus
447 2427 606 2537 prefato
636 2430 859 2539 Episcopo,
888 2446 929 2509 et
956 2428 1065 2520 aliis,
1094 2457 1198 2539 quos
1227 2433 1269 2510 in
1298 2431 1375 2511 hoc
1403 2435 1489 2538 ipse
1518 2449 1803 2540 cooperatores
1830 2433 1912 2514 ele·

116 2543 216 2650 gerit
244 2543 351 2622 circa
380 2542 506 2650 ipsius
534 2541 685 2647 negotii
716 2541 1041 2648 prosecutionem
1070 2537 1272 2622 ferventer
1301 2543 1483 2624 assistere
1512 2541 1728 2638 studeatis,
1756 2545 1911 2626 haben·

115 2669 172 2732 tes
200 2653 331 2762 ipsum
360 2654 606 2761 Episcopum
635 2652 758 2732 immo
791 2654 928 2760 potius
958 2678 1032 2730 nos
1060 2652 1102 2730 in
1132 2654 1221 2761 ipso
1264 2668 1458 2762 tanquam
1489 2652 1607 2733 nobis
1649 2656 1837 2737 intimum
1866 2659 1911 2737 in
1977 2712 1983 2725 ·

114 2762 290 2846 eiusdem
323 2765 607 2875 prosecutione
635 2762 790 2870 negotii
825 2761 1101 2842 favorabiliter
1144 2769 1187 2844 in
1233 2766 1409 2844 Domino
1452 2751 1787 2846 commendatum.
1847 2769 1928 2848 lta-

113 2876 221 2986 quod
251 2877 507 2981 devotionem
536 2890 709 2956 vestram
737 2871 1020 2964 commendare
1048 2900 1146 2956 cutn·
1168 2876 1392 2982 gratiarum
1421 2876 1650 2956 actionibus
1679 2881 1823 2960 merito
1839 2907 1909 2958 va·
1944 2955 1958 2966 .

113 2985 281 3085 leamus,
309 3017 355 3068 ac
385 2986 647 3069 nihilominus
675 2977 831 3067 exinde
852 2985 988 3067 divine
1018 2977 1298 3067 retributionis
1328 2987 1444 3067 vobis
1459 2991 1671 3097 proveniat
1685 2991 1908 3072 incremen·
2125 3068 2128 3082 ,

110 3115 208 3182 turn.
237 3101 328 3181 Dat.
357 3098 472 3210 apud
498 3095 661 3178 Vrbem,
680 3098 870 3180 Veterem
899 3094 1051 3207 Idibus¹
1068 3099 1310 3182 Novembris
1337 3105 1460 3181 Anno
1488 3099 1641 3182 Tertio.
1991 3113 1994 3128 '

98 3409 280 3640 ¹492.
384 3600 386 3606 -
924 3488 1092 3616 1254·
1178 3605 1180 3610 .
1454 3487 1670 3639 Husaby
1713 3490 1902 3638 Trbgd.

191 3701 328 3798 Konung
349 3716 549 3778 Wauuarmns
570 3711 631 3775 och
653 3673 769 3775 Bmorn
790 3712 883 3774 Janus
904 3709 1092 3774 stadlestetse
1111 3711 1152 3795 pt
1174 3709 1255 3773 Kon.
1277 3709 1362 3774 Eum
1383 3707 1560 3775 Knurssons
1582 3687 1749 3775 oclisoru
1771 3713 1811 3774 Its
1831 3711 1911 3773 Brcf

241 3801 330 3862 tifver
351 3807 517 3880 grtnserua
537 3798 588 3859 sor·
608 3817 646 3861 en
668 3795 862 3858 Stoklosters
881 3794 1075 3877 tillht'irigltet
1095 3799 1105 3857 i
1127 3793 1293 3872 Smiland3
1315 3794 1489 3876 hvarjetnte
1517 3797 1660 3860 klostrets
1691 3795 1768 3877 gods
1786 3806 1873 3876 tages
1893 3795 1904 3853 i

242 3882 356 3964 Kougl.
377 3879 530 3965 Reskydd.
1523 3957 1559 4014 D·
1578 3977 1603 4013 a·
1621 3973 1645 4031 β
1663 3958 1722 4029 453.
1738 3957 1772 4028 a)

274 4101 481 4198 Universis
511 4095 665 4186 Christi
691 4095 876 4203 fidelibus
905 4114 1119 4205 praesentes
1144 4097 1305 4207 ‚litteras
1330 4094 1527 4176 audituris
1569 4095 1633 4176 vel
1662 4095 1807 4202 visuris
1836 4095 1905 4174 W.

96 4221 152 4301 D.
170 4218 235 4303 G.
267 4217 353 4294 Rex
377 4209 573 4314 Svethiae,
601 4236 786 4299 necnon
818 4227 857 4290 et
886 4223 1001 4317 pater
1029 4236 1129 4296 suus.
1154 4209 1196 4289 B.
1241 4209 1393 4290 eadem·
1412 4207 1544 4315 gratia
1585 4207 1679 4286 Dux
1724 4202 1904 4316 ejusdem

94 4330 238 4438 Regni
266 4326 435 4408 salutem
464 4325 507 4404 in
535 4321 618 4401 filio
647 4321 816 4430 virginis
844 4313 1071 4402 benedicto.
1094 4319 1101 4390 .’
1121 4319 1258 4401 Brevis
1287 4319 1369 4398 vita
1398 4318 1626 4399 mortalium
1655 4344 1718 4397 res
1749 4317 1903 4397 utiliter

91 4457 238 4552 gestas
260 4435 312 4519 ad
341 4449 596 4544 posterorum
625 4432 811 4538 notitiam
840 4460 924 4538 non
952 4429 1153 4530 extendit,
1181 4431 1259 4511 nisi
1273 4431 1519 4539 presentium
1534 4428 1791 4540 providentia
1807 4456 1903 4537 pro·

89 4561 365 4646 curetur„ut
393 4545 840 4655 scripturasuperstite
870 4544 937 4624 fiat
964 4571 1171 4640 annosum,
1203 4541 1316 4651 quod
1344 4568 1452 4623 mors
1479 4542 1550 4623 vel
1573 4539 1726 4621 oblivio
1742 4539 1901 4647 longin-
1975 4619 1981 4627 ,
2035 4637 2040 4644 ,

88 4658 481 4780 quitatetemporis
510 4671 700 4764 poteraut
729 4654 902 4762 abolere.
932 4645 1084 4746 Notum
1113 4653 1237 4762 igitur
1266 4651 1433 4756 iacimus
1450 4653 1666 4749 universis,
1696 4667 1777 4733 tam
1796 4680 1899 4762 prae-

138 4911 172 4986 *)
195 4901 358 4968 Derutdes
377 4898 451 4962 'med
472 4841 731 4992 aumeblbibgent
752 4898 877 4964 ”collat
898 4847 980 4962 'nied
1002 4851 1089 4980 Orig.
1109 4869 1363 4974 Permhresvet‚”
1379 4893 1438 4960 ,det
1458 4891 1616 4960 ὀιιιιιιιιιι
1646 4895 1696 4958 fo'r
1726 4855 1774 4958 siri
1805 4915 1901 4976 egen-

95 5043 101 5056 ,
184 4985 320 5084 bindiga
339 4983 468 5090 afslrilt
488 4983 750 5124 bfissflflfffflatm‘l
771 4979 1093 5084 hvillietsedcrmera
1108 4979 1188 5044 later
1209 4979 1275 5060 gttt
1306 4977 1578 5079 so'rlor·adt,·helst
1598 4979 1900 5074 Prurnosntdnotlb'r
2032 5047 2036 5062 .

127 5183 133 5205 ι
183 5091 231 5244 app
246 5065 422 5238 pepigit&
441 5061 661 5232 &tzade
681 5061 751 5128 hae
770 5071 863 5127 annet
884 5065 932 5128 ull
953 5062 1055 5146 mund
1075 5069 1114 5126 tn
1134 5085 1174 5128 eo
1194 5061 1324 5128 vedum
1345 5061 1404 5126 trds
1425 5082 1516 5148 copta
1536 5085 1547 5124 ι
1570 5083 1610 5126 eu
1630 5062 1694 5129 bok
1726 5061 1799 5126 med
1818 5080 1896 5200 sigo
