4398 5958
809 478 866 516 v·-
947 429 1051 538 '471
1169 384 1348 508 m,

111 683 187 738 nos
201 669 364 734 matrem
379 665 560 732 nostram
576 655 616 731 8(
631 652 889 760 metropolim
916 654 1033 761 regni
1062 652 1314 761 upsalensem
1343 630 1532 736 lidelicct
1547 653 1755 738 ecclesiam
1781 655 1914 738 hone·

112 796 202 848 rare
229 765 455 872 cupientes,
486 759 616 842 eidem
643 761 810 844 ecclesie
838 764 882 844 in
912 764 1181 845 translacione
1224 763 1486 874 reliquiarum
1529 765 1640 846 beati
1668 769 1768 852 erici
1807 770 1914 876 regis

112 887 150 960 8(
178 878 352 957 martiris
381 875 547 984 gloriosi
576 873 854 954 molendinum
883 875 925 954 in
950 903 1151 984 spangum
1180 879 1219 955 8(
1247 891 1426 984 quatuor
1454 903 1607 958 marcas
1630 894 1737 960 terre
1764 881 1805 960 in
1836 879 1913 958 hn-

111 989 210 1097 saby
239 989 281 1068 in
314 983 588 1097 laggaheredh
616 1011 708 1065 cum
736 985 924 1068 omnibus
955 987 1214 1095 pertinenciis
1242 984 1463 1068 earundem
1491 994 1531 1068 8(
1559 989 1763 1070 ecclesiam
1792 992 1912 1074 husa-.

111 1103 166 1209 by
195 1101 311 1182 cuins
337 1112 573 1208 patronatus
600 1095 653 1178 ad
682 1123 756 1178 nos
784 1098 1034 1206 pertinebat,
1063 1098 1181 1208 plene
1212 1103 1253 1179 8(
1281 1096 1464 1180 absolute
1507 1116 1706 1208 perpetuo
1736 1102 1911 1184 contuli·-
1958 1200 1963 1210 ι

111 1241 198 1292 mus
227 1207 513 1320 possidendum
541 1236 662 1318 quam
691 1210 816 1290 eciam
845 1207 1052 1290 ecclesiam
1083 1239 1175 1290 cum
1202 1209 1390 1304 omnibus
1419 1212 1610 1318 premisse
1637 1215 1807 1294 canonic
1835 1213 1912 1296 do·

110 1324 209 1405 mini
237 1321 368 1403 iacobi
396 1319 546 1400 israelis
574 1317 782 1428 quondam
810 1320 882 1401 filii
910 1320 987 1400 sub
1017 1323 1247 1403 testimonio
1275 1321 1564 1404 canonicorum
1593 1324 1717 1431 ipsius
1744 1322 1910 1408 ecclesie

6 1497 9 1504 .
111 1441 150 1516 8(
176 1434 346 1514 aliorum
373 1432 552 1539 plurium
581 1429 851 1513 discretorum
879 1432 922 1512 in
952 1449 1193 1542 perpetuum
1224 1431 1412 1514 duximus
1440 1435 1734 1537 annectendam
1762 1453 1808 1516 vt
1834 1437 1908 1544 igi·

110 1565 175 1628 tur
205 1543 314 1625 dicta
342 1543 512 1624 donacio
541 1541 702 1624 roboris
730 1543 877 1625 habeat
921 1543 1164 1640 firmitatem,
1203 1559 1406 1652 presentes
1446 1541 1599 1626 litteras
1627 1546 1748 1653 sigilli
1777 1549 1907 1630 nostri
2032 1589 2040 1600 =

109 1657 330 1738 munimine
366 1655 630 1734 communitas
673 1654 941 1764 relinquimus
983 1658 1027 1736 in
1071 1656 1343 1736 testimoninm
1388 1654 1569 1737 veritatis
1611 1654 1751 1764 datum
1794 1657 1904 1742 stalt-

109 1767 253 1848 lrolmis
277 1793 386 1846 anno
414 1763 567 1846 domini
595 1765 954 1849 M⁰CC⁰.LXXIII‘
990 1767 1135 1876 quinto
1164 1766 1244 1848 kal.
1276 1767 1447 1873 augusti.

114 2161 250 2300 571.
536 2206 539 2213 ·
627 2287 629 2290 Ι
834 2207 841 2220 ·
920 2158 1105 2301 (2748

190 2359 271 2439 Pan.
292 2377 371 2440 Brel
385 2375 434 2440 till
455 2371 515 2439 den
536 2375 663 2438 ntvalda
683 2373 935 2463 irie-Bislropeu
956 2381 967 2440 i
987 2377 1106 2465 Upsala
1127 2377 1199 2442 med
1220 2383 1410 2466 uppmaning
1431 2389 1477 2444 att
1509 2379 1640 2466 predila
1660 2377 1785 2462 lorstdg
1821 2390 1908 2442 emet

241 2460 430 2542 hedningar,
453 2479 519 2522 som
540 2459 688 2522 obedade
710 2459 847 2542 Svcrige.
955 2543 960 2552 Ι

245 2618 259 2638 ν
1555 2543 1587 2600 Γ.
1611 2558 1634 2598 (ε
1655 2542 1716 2601 sos.
1735 2539 1767 2620 Ι’)

310 2680 396 2760 alla
423 2683 506 2758 siae
535 2677 744 2784 Pontificio
770 2685 923 2760 nonnae
951 2680 1104 2760 directa
1146 2679 1286 2762 Electa
1329 2684 1544 2791 Vpsaleasi,
1573 2709 1654 2788 qua
1688 2681 1900 2780 indicitur,

305 2795 477 2871 instante
504 2790 745 2872 Vaatemoro
772 2789 926 2872 Svetiae
954 2792 1085 2899 Rege,
1110 2793 1335 2900 predicatio
1362 2795 1502 2874 Crucis
1529 2798 1570 2872 ia
1592 2819 1792 2902 paganos,
1825 2795 1904 2873 ali·

305 2929 422 3010 osqac
450 2901 602 2983 Cdristi
628 2906 822 2998 inimicos,
855 2907 998 3012 quique
1033 2904 1205 2984 caedibus
1233 2923 1354 3013 atquc
1396 2905 1583 2986 incendiis
1611 2905 1798 3010 Regnum
1825 2933 1903 2984 aa·

308 3015 479 3110 cabaa
508 3041 557 3094 ac
583 3012 742 3094 Ceriali
766 3013 1000 3120 vulgariter
1027 3015 1345 3126 appellabarltur.

795 3153 934 3238 Electa
968 3156 1185 3240 Vbsalonsi.

225 3403 227 3408 Ι
272 3297 444 3381 Mentem
472 3298 559 3379 sine
587 3285 884 3378 intermissione
912 3298 1121 3380 sollicitam
1150 3327 1272 3408 super
1300 3300 1389 3395 hiis,
1418 3325 1499 3409 que
1527 3300 1703 3406 gerimus
1731 3323 1900 3409 perque

103 3409 273 3489 salutem
306 3407 495 3504 fidelium,
535 3437 581 3488 ac
610 3409 685 3490 Dei
712 3408 880 3516 gloriam
914 3437 1188 3518 procuremus,
1219 3411 1380 3490 illorum
1409 3437 1590 3517 repressa
1619 3408 1811 3506 tiranide,
1828 3413 1905 3520 qui

101 3535 239 3628 spreta
267 3519 462 3601 catholice
488 3519 581 3600 fidei
609 3520 803 3628 puritate,
831 3519 1033 3605 idolorum
1063 3521 1222 3600 cultura
1248 3521 1464 3603 execrabili
1505 3535 1601 3600 sunt
1629 3519 1900 3629 dampnabili·

100 3649 165 3711 ter
193 3631 398 3738 occupati,
427 3657 520 3710 suos
550 3626 718 3712 affectus
746 3629 944 3738 perfidos,
973 3646 1014 3710 et
1044 3659 1253 3739 perversos
1281 3630 1332 3712 ad
1361 3631 1439 3712 hoc
1468 3630 1626 3712 assidue
1655 3631 1896 3740 dirigentes,

102 3757 149 3820 ut
176 3743 296 3849 Regis
325 3741 453 3822 eterni
481 3739 671 3822 familiam
700 3743 743 3822 in
770 3741 950 3822 finitimis
978 3767 1117 3823 eorum
1148 3743 1332 3852 partibus
1368 3731 1629 3824 constitutam
1663 3740 1796 3823 delere
1826 3769 1896 3820 va-

103 3853 230 3946 leant,
258 3851 322 3933 vel
351 3851 557 3932 continuis
584 3851 747 3932 turbare
764 3854 973 3949 molestiis,
1002 3871 1042 3935 et
1062 3853 1483 3962 ‘gravissimisafficere
1499 3857 1761 3934 nocumentis.
1791 3853 1894 3933 Sane

100 3963 328 4044 litterarum
357 3964 559 4043 Carissimi
588 3965 632 4046 in
661 3964 821 4046 Christo
850 3964 922 4045 filii
950 3967 1098 4045 nostri·
1115 3964 1343 4063 Valdemari
1387 3966 1522 4045 Svetie
1565 3966 1685 4072 Regis
1728 3962 1897 4045 illustris

97 4093 219 4154 tenor
247 4075 514 4156 amarissimus
541 4090 726 4155 nostrum
752 4075 936 4160 auditum
965 4076 1129 4172 tribuit,
1158 4093 1199 4158 ct
1241 4078 1418 4158 animum
1461 4077 1512 4156 de
1555 4075 1813 4182 gravissimis,
1857 4089 1899 4180 et

97 4185 214 4266 duris
242 4185 476 4283 insultibus,
505 4213 609 4296 quos
637 4185 814 4268 eiusdem
843 4187 973 4294 Regni
1005 4187 1142 4268 fideles
1169 4189 1221 4270 ab
1250 4189 1420 4267 inimicis
1448 4185 1617 4282 Christi,
1646 4187 1718 4294 qui
1749 4186 1896 4266 Ceriali

97 4295 322 4402 vulgariter
364 4296 623 4406 appellantur
650 4314 690 4378 et
718 4327 742 4378 a
771 4301 939 4406 paganis
966 4297 1053 4377 aliis
1082 4299 1453 4406 circumjacentium
1489 4299 1666 4405 partium
1713 4323 1807 4404 sepe
1835 4322 1897 4376 se·

96 4412 193 4517 pius
222 4410 444 4517 patiuntur.
475 4409 626 4490 Verum
655 4411 763 4491 inter
790 4406 868 4488 alia
896 4407 1052 4490 diversa
1082 4408 1328 4505 discrimina,
1366 4435 1447 4518 que
1476 4408 1586 4516 apud
1615 4407 1724 4489 dicto
1752 4409 1811 4487 Re
1842 4436 1895 4488 no

94 4519 238 4601 intulit
266 4520 385 4599 huius
414 4521 682 4627 generationis
712 4517 900 4626 perfidia,
929 4536 971 4600 et
999 4518 1172 4602 crudelis
1200 4521 1277 4600 hoc
1306 4547 1429 4600 auno,
1461 4521 1650 4627 precipue
1698 4437 1893 4628 quasdam

93 4651 235 4740 partes
265 4632 389 4740 ipsius
404 4631 535 4738 Regni
551 4630 701 4714 furiose
716 4628 945 4740 ingrediens
961 4632 1107 4712 multos
1124 4629 1175 4712 de
1191 4629 1377 4714 lidclibns
1399 4631 1496 4739 ipsis
1511 4629 1710 4710 interfecit
1727 4631 1897 4712 inmani·

93 4762 161 4825 ter
174 4744 352 4854 plurium
366 4739 513 4822 effudit
541 4748 776 4852 sanguinem
802 4744 1030 4852 multasque
1059 4742 1192 4839 villas,
1207 4761 1248 4826 et
1261 4759 1390 4824 terras
1418 4743 1667 4850 consumpsit
1695 4741 1895 4838 incendic,

98 4922 375 4946 a*

137 4988 213 5068 *)E
244 4987 385 5049 formulis
408 4986 521 5046 Marini
543 4983 637 5044 Ebuli
659 4983 765 5048 Form.
788 4988 877 5068 2774,
898 5007 927 5069 p.
950 4985 1019 5065 275.
1041 4998 1063 5048 t.
1084 4987 1241 5048 ”Pertinet
1262 4987 1364 5048 forsan
1385 4983 1427 5048 ad
1448 4986 1505 5046 An.
1531 4985 1608 5066 1274
1639 4985 1709 5047 circ.
1742 5005 1804 5068 quo
1825 4983 1890 5044 Re-

180 5091 275 5156 gnum
286 5071 408 5133 tenebat
419 5065 624 5133 Valdemarus
644 5077 736 5150 elque
757 5069 882 5132 Electus
892 5071 1065 5156 Vpsalensis
1075 5068 1212 5133 nondum
1228 5070 1329 5132 suerat
1339 5071 1372 5131 in
1384 5067 1657 5155 Arcbiepiscopum
1669 5071 1891 5130 consec1·atus.”
