4404 5960
807 491 864 514 -
975 446 1053 530 385
1149 451 1221 518 ’.-

129 669 309 754 morimur
326 653 379 748 'ct
405 669 509 752 sicut
536 693 643 778 aque
670 664 889 756 dilabimur
908 682 949 747 ct
979 666 1072 748 licet
1086 684 1214 748 morte
1240 666 1366 749 nichil
1396 669 1447 751 sit
1475 672 1630 753 cercius
1659 674 1752 780 eius„
1772 657 1905 760 tamen

127 783 215 864 hora
244 779 367 859 nichil
396 780 592 860 incercius
619 779 836 859 estimatur.
881 777 977 886 quia
1004 777 1118 886 quod
1146 778 1223 859 tibi
1252 777 1341 859 heri
1368 779 1466 860 mihi
1500 796 1636 892 potest
1663 783 1785 868 hodie
1813 816 1906 869 eue-

128 895 202 978 nire
225 891 333 988 ‚ldeo
361 889 383 969 e
413 916 439 970 o
467 887 579 972 fulco
606 887 800 972 fratribus
828 889 926 970 meis
954 887 1226 996 presentibus.
1255 890 1572 974 consulentibus.
1602 911 1643 974 ct
1667 899 1907 978 unanimiter

126 919 477 1086 consencientibus.
507 1027 629 1080 sanus
657 1016 698 1080 et
733 999 946 1080 incolumis
982 1001 1162 1107 presenti
1205 1001 1353 1109 pagiua
1394 1017 1678 1085 testamentum
1706 1005 1839 1090 condo
1868 1013 1909 1088 ilc

126 1113 288 1206 conficio
317 1111 613 1194 deliberacione
654 1106 829 1219 prouida
858 1108 1109 1221 precedente.
1167 1107 1410 1193 Consideras
1447 1114 1554 1192 enim
1582 1113 1696 1226 quod
1724 1120 1907 1233 personis
1998 1211 2004 1222 ¹

126 1224 392 1307 ecclesiasticis
422 1221 558 1302 nullus
586 1223 700 1303 heres
728 1221 952 1330 proximior
993 1247 1076 1301 esse
1121 1218 1244 1302 debet
1271 1250 1393 1334 quam
1421 1221 1482 1302 his
1524 1229 1597 1334 qui
1639 1253 1728 1312 nos.
1742 1227 1908 1310 domino

124 1336 299 1417 sociauit.
338 1361 413 1414 nec
442 1360 631 1440 magnum
657 1347 719 1414 est
747 1333 780 1411 si
809 1335 846 1413 ei
874 1349 1011 1414 nostra
1040 1333 1276 1440 temporalia
1306 1331 1550 1416 conferimus
1579 1363 1601 1416 a
1630 1363 1715 1446 quo
1742 1339 1907 1447 spiritu*-
1956 1373 1972 1390 κ

125 1445 193 1526 alia
225 1444 365 1526 officia
385 1444 624 1552 suscipimus
651 1460 693 1522 et
720 1443 904 1524 honores.
935 1443 990 1524 do
1017 1457 1058 1523 et
1084 1441 1256 1525 confero
1285 1445 1449 1526 ecclesie
1492 1448 1692 1554 upsalensi
1735 1453 1908 1532 mansio·

124 1583 211 1636 nem
241 1582 367 1635 meam
396 1555 439 1634 in
467 1552 633 1635 berhem
661 1581 753 1650 cum
782 1554 970 1635 omnibus
999 1553 1230 1636 attinenciis
1258 1556 1346 1636 suis·
1375 1581 1619 1667 quecunque
1646 1558 1717 1638 -ibi
1747 1564 1788 1640 in
1816 1589 1909 1670 pre-

125 1668 343 1748 senciarum
363 1680 467 1746 sunt
494 1679 568 1745 aut
595 1663 726 1746 eidem
754 1665 796 1744 in
826 1661 1010 1747 futurum
1039 1659 1157 1772 justis
1184 1663 1315 1747 modis
1344 1666 1525 1775 poterint
1553 1695 1676 1778 aggre
1705 1672 1773 1750 ari.
1811 1672 1909 1751 mihi

123 1795 255 1859 tamen
284 1776 542 1886 possessione.
570 1773 782 1856 usufructu
811 1791 852 1855 et
881 1775 1144 1857 ordinacione
1173 1773 1279 1857 dicte
1294 1777 1510 1859 mansionis
1522 1806 1644 1888 quam
1672 1697 1743 1860 diu
1760 1783 1910 1864 -vtxero

122 1889 343 1971 reseruatis.
385 1887 446 1967 Ne
475 1904 605 1967 autem
635 1913 757 1994 super
785 1887 987 1994 premissis
1015 1887 1057 1966 iu
1087 1901 1293 1994 posterum
1334 1886 1469 1997 aliqua
1513 1890 1640 1997 possit
1682 1891 1912 2001 calumpnia

121 2018 190 2080 aut
219 1997 430 2080 dubitacio
450 1995 628 2104 suborirj
658 2013 884 2106 presentem
913 1997 1089 2082 litteram
1117 1995 1251 2107 sigillo
1280 1999 1451 2107 proprio
1480 2017 1520 2081 et
1534 1997 1704 2082 fratrum
1732 2027 1912 2084 meorum

118 2111 351 2192 Laurencii.
377 2107 565 2216 johannis
593 2124 634 2189 ct
662 2109 806 2216 magni.
850 2107 1020 2218 dignum
1048 2106 1148 2188 duxi
1177 2109 1428 2217 communirj.
1486 2112 1651 2190 Datum
1670 2112 1912 2195 ventabrum
1949 2115 1952 2121 ’

34 2253 44 2270 ⁴
119 2241 229 2304 anno
246 2219 402 2326 dominj
429 2218 501 2300 Μ’.
515 2218 854 2302 CC·.LVIl⁰.llI⁰.
883 2220 1011 2298 Nonis
1031 2245 1121 2328 aug.
1150 2219 1257 2299 Huic
1270 2220 1413 2300 etciam
1429 2219 1560 2302 littere
1575 2221 1715 2330 sigilla.
1745 2222 1911 2331 dominj.
1973 2227 1988 2246 '
2120 2245 2125 2252 ·

118 2335 225 2442 regis
254 2350 295 2413 ct
321 2327 479 2436 dominj
513 2327 627 2411 ducis
655 2338 705 2411 ac'
730 2327 883 2410 domiui
913 2329 1209 2441 archicpiscopj
1250 2357 1427 2439 appensa
1469 2348 1564 2413 suut
1592 2331 1643 2414 ad
1671 2335 1912 2416 corrobora·

118 2448 278 2526 cionem
307 2458 349 2524 et
376 2443 420 2523 in
446 2440 721 2522 testimonium
748 2441 937 2520 veritatis.

116 2590 163 2686 Pi
185 2585 364 2651 fremitans
385 2583 617 2649 Testamentum
638 2583 765 2648 domini.
786 2583 924 2646 Fullonis
944 2581 1177 2729 Arcllriepiscepi
1197 2583 1364 2670 upsalensis
1385 2585 1416 2648 iu
1428 2606 1490 2671 quo
1502 2585 1623 2670 legatur
1633 2589 1765 2670 barrense
1786 2590 1913 2662 emesie
2090 2538 2092 2547 .

219 2727 223 2735 ,
938 2687 1013 2752 epse
1026 2688 1099 2730 eust.
1383 2683 1386 2690 ·
1437 2681 1441 2690 ·
1906 2702 1909 2711 «
2055 2677 2058 2688 “

517 2777 647 2866 Sigillcn
667 2777 726 2852 Neo
751 2801 782 2859 1,
803 2777 824 2844 8
845 2779 1031 2857 hostialiue3
1052 2780 1092 2844 dc
1107 2780 1212 2862 dirigo
1231 2781 1291 2855 lito
1312 2797 1392 2864 ²-7
1414 2778 1520 2862 duna·

111 3161 258 3334 illd.
446 3319 452 3331 ,
754 3205 863 3308 125
874 3242 903 3347 7
951 3201 1000 3308 d.
1050 3205 1121 3310 28
1169 3203 1301 3350 Aug.
1593 3147 1596 3154 Ι
1681 3200 1914 3318 'Vitcrbo

85 3481 90 3489 ,
124 3486 128 3495 ,
187 3414 299 3492 Ρᾶἢῖ
314 3423 497 3488 hunone
519 3422 590 3488 ths
611 3420 831 3502 Skyddsllrct
847 3423 897 3485 lb'r
918 3421 1106 3495 Skokloster.

1545 3485 1797 3592 'nobb'

286 3643 529 3722 Ausxunusu
557 3643 774 3750 episcopus
801 3667 942 3720 seruus
971 3665 1181 3722 seruorum
1210 3637 1288 3750 dej.
1318 3637 1484 3728 Dilectis
1511 3641 1554 3721 in
1567 3640 1720 3724 christo
1742 3601 1914 3722 filiabus:

95 3813 103 3831 .
139 3816 147 3834 .
183 3816 195 3833 .
229 3749 456 3834 Abbatisse
483 3768 525 3835 et
554 3749 787 3858 Conuentuj
815 3749 1050 3856 Monasterij
1076 3749 1131 3831 de
1162 3747 1244 3832 Sko
1287 3750 1561 3834 Cistercicnsis
1595 3749 1750 3834 ordinis
1785 3753 1915 3860 Vpsa·

90 3863 230 3946 lensis
282 3861 456 3942 diocesis
498 3862 676 3946 Salutem
723 3878 764 3941 et
815 3859 1077 3969 apostolicam
1117 3860 1447 3950 benedictionem.
1505 3863 1743 3956 Deuotionis
1783 3877 1916 3950 uestro

90 3993 300 4057 meretur
331 3971 482 4054 alectus
509 3991 554 4055 ut
584 4000 659 4054 uos
689 3971 829 4053 fauore
858 3970 963 4054 sedis
986 3972 1214 4081 ‘apostolice
1237 3989 1526 4082 prosequentes
1555 3973 1678 4053 uobis
1703 4000 1826 4083 quam
1854 3971 1915 4054 di-

83 4115 175 4196 gne
210 4083 443 4196 postulatis
458 4085 626 4192 gratiam
642 4083 843 4166 faciamus.
873 4085 1101 4192 Eapropter
1129 4082 1273 4176 dilecte
1301 4085 1344 4162 in
1374 4081 1537 4164 domino
1552 4083 1640 4168 filie'
1660 4085 1805 4166 uestris
1819 4111 1915 4193 sup·

79 4193 412 4308 plicationibus
426 4195 621 4292 inclinati,
651 4219 843 4304 personas
872 4211 1027 4278 uestras
1055 4221 1148 4274 cum
1178 4193 1365 4276 omnibus
1381 4192 1497 4274 bonis
1517 4223 1599 4305 que
1627 4196 1670 4276 in
1697 4197 1915 4306 presentia·

76 4337 185 4391 rum
221 4304 537 4389 rationabiliter
579 4303 792 4418 possidetis
820 4319 892 4392 aut
920 4307 963 4390 in
992 4303 1176 4388 futurum
1205 4305 1319 4391 iustis
1348 4301 1476 4386 modis
1518 4321 1728 4415 prestante
1749 4306 1914 4394 domino

71 4419 308 4530 poteritis
348 4417 516 4526 adipisci
556 4417 633 4498 sub
663 4415 772 4497 beati
808 4417 913 4497 Petri
943 4431 984 4495 et
1013 4434 1149 4496 nostra
1191 4414 1443 4534 protectione
1477 4419 1783 4525 suscipimus&
1822 4442 1914 4538 pre·

71 4533 226 4614 sentis
261 4527 419 4636 scripti
448 4528 677 4637 patrocinio
703 4527 1004 4634 communimus.
1036 4525 1146 4607 Nulli
1175 4550 1274 4632 ergo
1288 4529 1360 4604 &c
1393 4543 1528 4618 nostre
1549 4528 1812 4636 protectionis
1831 4535 1912 4616 ιδιο.

69 4645 178 4726 Dat.
218 4637 422 4754 Viterbij
452 4639 501 4720 V.
525 4637 691 4726 kalend.
720 4637 946 4746 Septembr.
975 4635 1234 4724 pontificatus
1262 4634 1393 4742 nostrj
1420 4642 1541 4728 Anno
1568 4637 1720 4728 Tertio.

595 4778 772 4863 ,lllybulluu
792 4776 908 4861 borget
928 4781 938 4840 i
956 4778 1035 4846 ,roda
1054 4777 1116 4841 och
1137 4777 1210 4859 gula
1230 4773 1435 4848 ciboetrtdu.
