4368 5950
901 369 904 377 '
1000 377 1058 396 “·
1170 361 1251 419 ΜΟ
1361 378 1420 397 -·

133 643 205 690 .,
326 569 544 714 aliq„
979 540 1299 688 12202dsst
1344 565 1474 680 Nou.
1681 663 1688 677 .
1877 566 2069 704 Lateran.

212 777 218 797 ⁸
348 846 352 854 ,
389 787 483 868 Palis,
508 785 665 870 Honorius
686 785 740 860 111.
764 784 814 848 till
836 783 990 870 Biskopen
1011 785 1022 847 i
1044 783 1154 865 Skara,
1174 785 1307 850 riirande
1325 786 1596 866 frastenhvilka,
1607 784 2070 875 undandragandesigbotgts'ring

442 872 454 932 i
475 869 594 932 kloster
616 869 667 932 for
691 869 731 932 de
750 868 831 952 drlp
853 889 920 930 som
940 867 1013 930 med
1034 869 1148 954 uppsat
1170 870 1249 933 eller
1271 867 1355 934 uida
1374 873 1412 936 af
1429 871 1502 934 dem
1524 869 1688 954 begingos‚
1708 867 1853 944 bortlade
1872 867 1930 934 den
1949 873 2075 958 Andeliga

441 951 571 1036 drtgten
596 951 657 1015 och
678 949 788 1016 tradde
809 953 821 1014 i
841 951 1017 1036 tlktenslrap.
2063 951 2066 958 ’

1536 1063 1967 1138 ΓαήφΑωᾱὴηῆ

415 1287 422 1299 ,
461 1203 677 1314 ¹Honorius
704 1201 923 1312 Episcopus
946 1201 1100 1283 Servus
1128 1201 1348 1286 Servorum
1375 1205 1464 1284 Dei.
1494 1203 1720 1284 Venerabili
1744 1203 1911 1284 Fratri.
1940 1262 1949 1281 .
1977 1201 2076 1312 .Epi·

507 1343 622 1425 scopo
650 1314 848 1394 Semensi.
907 1311 1086 1394 Salutem
1114 1317 1186 1392 &a

472 1454 710 1536 Audivimus
753 1451 864 1563 quod
905 1451 1073 1563 quidam
1115 1451 1261 1533 Clerici
1297 1468 1373 1533 ,tue
1409 1453 1589 1533 Dioresis
1633 1453 1677 1533 in
1719 1453 1851 1534 Sacris
1894 1452 2078 1534 ordinibus

308 1561 538 1664 constituti,
568 1567 640 1676 qui
668 1561 889 1674 aliquando
919 1565 1002 1644 sive
1030 1582 1194 1672 sponte,
1223 1566 1304 1644 sive
1334 1593 1427 1647 casu
1456 1563 1665 1645 homicidii
1695 1569 1847 1646 crimen
1882 1565 2075 1657 incurrant,

228 1678 241 1686 “
290 1697 402 1762 ,mox
437 1683 596 1762 abieoto
631 1676 775 1756 habitu
804 1675 978 1774 clericali
1007 1676 1140 1784 palam
1169 1673 1220 1756 de
1248 1675 1359 1755 facto
1387 1674 1545 1756 ducunt
1573 1702 1733 1771 uxores,
1762 1677 1874 1758 etin
1903 1677 2077 1784 apostasia

219 1793 232 1822 '
307 1781 621 1900 dampnabiliter
663 1787 897 1895 gloriantes,
940 1787 1096 1894 jactant
1125 1814 1165 1867 se
1194 1789 1318 1896 magis
1346 1815 1468 1895 quam
1497 1802 1616 1866 antea
1646 1785 1792 1868 llorere
1821 1787 2078 1896 temporalium

305 1903 504 1998 ubertate,
535 1928 620 1980 non
650 1893 908 1993 attendendo
938 1896 1049 2008 quod
1078 1897 1203 1977 nichil
1232 1912 1292 1977 est
1320 1896 1520 1979 infelicius
1543 1897 1997 2007 l'elioitatepeccantum.
2032 1899 2078 1976 Ne

305 2015 429 2124 igitur
458 2013 555 2094 tales
583 2009 634 2091 de
663 2037 734 2090 sua
762 2009 924 2088 valeant
953 2009 1104 2091 malitia
1132 2009 1297 2116 gloriari
1326 2037 1418 2089 cum
1446 2010 1540 2090 licet
1570 2006 1724 2090 ordinis
1745 2009 2079 2091 executioainmit·

304 2141 415 2206 tatur
451 2137 628 2205 caracter
663 2137 799 2201 tamen
839 2137 1043 2200 remaneat
1072 2119 1328 2201 Fraternitati
1357 2136 1427 2199 tue
1456 2147 1530 2229 per
1559 2120 1779 2228 apostolica
1806 2125 1958 2229 scripta
1988 2145 2079 2196 man·

304 2235 467 2332 damus,
495 2252 696 2344 quatenus
725 2227 958 2337 hujusmodi
986 2228 1208 2311 homicidas
1237 2228 1291 2310 ad
1319 2227 1519 2339 agendum
1534 2232 1812 2342 ¹penitentiam
1841 2234 1884 2312 in
1901 2226 2081 2340 aliquibus
2152 2251 2153 2260 ¹

305 2345 558 2454 Monasteriis
595 2355 754 2423 servato
789 2340 934 2422 habitu
963 2341 1135 2432 clericali
1151 2341 1387 2442 vmonitione
1417 2343 1608 2451 premissa
1635 2370 1709 2452 per
1737 2371 1950 2425 censuram
1977 2338 2081 2420 eccle·

304 2459 503 2538 siasticam
531 2454 802 2563 appellatione
830 2469 984 2533 remota
1013 2453 1243 2561 compellas.
1301 2456 1448 2537 Datum
1480 2455 1673 2554 Laterani
1687 2454 1757 2534 ΙΙΙ.
1773 2457 1915 2538 Nonas
1931 2454 2099 2557 Noven-¹

304 2569 400 2667 bris,
429 2567 689 2650 Pontificatus
718 2564 846 2644 nostri
875 2591 981 2645 anno
1010 2565 1177 2668 Quinto·

315 2959 444 3064 188.
669 3099 672 3106 Δ
759 2981 768 2992 ’
927 2985 1078 3060 1220
1124 2954 1173 3059 d.
1223 2953 1253 3058 3
1301 2955 1429 3060 Nov.
1869 2955 2087 3082 Lateran.
2151 2877 2152 2880 Ὺ

389 3179 482 3242 Pau.
510 3179 670 3242 Honorius
698 3181 751 3240 111.
780 3179 831 3240 till
857 3177 1009 3260 Biskopen
1029 3172 1042 3236 i
1063 3174 1172 3246 saara,
1193 3195 1245 3235 om
1266 3175 1481 3238 rattandetal
1497 3189 1543 3240 ett
1563 3179 1728 3257 miahruk,
1749 3129 1796 3242 att
1817 3183 1956 3252 manner,
1976 3171 2087 3236 hristus

436 3260 874 3427 gfflpurtlaiplggiatteptpplret,
902 3260 1015 3342 ansago
1034 3260 1081 3340 sig
1101 3256 1281 3339 derigenom
1302 3259 1363 3320 fria
1386 3254 1455 3320 irin
1476 3261 1866 3348 fiktenslapstiirbindelsen
1883 3259 1948 3324 och
1969 3254 2087 3319 baratti-

1450 3407 1456 3420 ¹
1531 3453 1562 3508 F·
1583 3469 1610 3508 1³
1628 3457 1671 3526 ts·
1713 3455 1814 3544 aas.
1834 3453 1888 3526 Ea·
1909 3457 1971 3527 ¹⁵s

942 3588 1145 3670 Honorius
1172 3594 1243 3670 &c
1302 3587 1455 3672 Eidem.

333 3800 335 3811 .
467 3731 724 3829 Audivimus,
751 3731 863 3842 quod
892 3730 1082 3810 nonnulli
1114 3748 1183 3812 tue
1213 3733 1411 3830 Diooesis,
1440 3732 1591 3843 quibus
1620 3749 1680 3814 est
1713 3761 1791 3842 pro
1832 3736 1997 3814 ratione
2029 3757 2089 3812 vo·

301 3849 436 3928 luntas
473 3844 667 3954 propriis,
684 3841 900 3925 aflectibus
934 3843 1216 3938 circumventi,
1245 3845 1279 3922 si
1307 3843 1474 3952 quando
1502 3871 1643 3925 eorum
1674 3871 1822 3926 uxores
1850 3844 2090 3927 adulterium

301 3957 473 4042 diabolo¹
493 3969 734 4065 suggerente
763 3953 1036 4045 committunt,
1064 3977 1194 4061 usque
1223 3953 1325 4036 adeo
1353 3980 1395 4034 se
1423 3952 1598 4036 eredunt
1631 3981 1655 4033 a
1689 3954 1854 4037 vinculo
1889 3957 2091 4038 matrimo-
2149 4043 2152 4058 Ι

299 4072 358 4152 nii
387 4068 612 4166 absolutos,
642 4063 754 4178 quod
783 4064 931 4147 eisdem
958 4062 1189 4144 viventibus
1218 4064 1313 4144 alias
1343 4064 1460 4173 quasi
1489 4067 1598 4147 licite
1631 4066 1927 4176 superducunt.
1996 4066 2092 4170 Quia

298 4208 397 4263 vero
440 4208 559 4261 error·
597 4179 664 4260 eui
705 4205 788 4257 non
830 4175 1029 4254 resistitur
1070 4171 1233 4256 videtur
1260 4174 1563 4285 quodammodo
1591 4178 1813 4286 approbari
1840 4205 1892 4260 ne
1925 4179 2093 4270 aliorum

299 4291 459 4401 eulpam
487 4306 600 4370 tuam
628 4289 784 4389 efficere
811 4284 994 4382 ridearis,
1023 4285 1284 4367 Fraternitati
1311 4303 1379 4366 tue
1407 4316 1482 4398 per
1513 4289 1734 4399 apostolica
1760 4290 1913 4399 scripta
1931 4277 2091 4372 manda'·

298 4429 406 4497 mus,
447 4420 645 4512 quatenus
680 4399 849 4480 abusum
884 4395 1118 4504 hujusmodi
1151 4394 1202 4477 de
1241 4398 1398 4479 Dioresi
1439 4417 1510 4481 tua
1538 4397 1700 4485 studeas
1727 4403 1889 4512 penitus
1921 4403 2091 4485 abolere.

297 4511 501 4592 Abnsores
536 4541 612 4622 per
645 4507 856 4593 censuram
890 4507 1199 4589 ecclesiasticam
1233 4509 1504 4622 appellatione
1532 4514 1758 4624 postposita
1785 4510 2093 4623 compescendo.

299 4621 449 4716 Datum
476 4624 666 4706 Laterani
693 4623 765 4704 ΙΙΙ.
793 4622 933 4704 Nonas
960 4615 1217 4720 Novembris,
1245 4623 1508 4710 Pontificatus
1535 4626 1664 4710 nostri
1690 4631 1812 4711 Anno
1840 4629 2018 4732 Quinto.
