4370 5950
805 451 1218 531 -151-

115 677 240 780 123.
403 711 408 720 ·
645 676 1282 822 ·1·206*)d.12·tan.
1465 603 1470 626 Ι

90 967 94 972 ,
186 898 280 964 Psfv.
304 904 506 978 lunocnurrus
528 899 597 990 ltus
617 899 697 962 Bref
714 901 762 962 till
785 896 968 962 &Arte-nist.
1000 903 1145 964 Annaeus
1172 899 1313 978 iLund,
1347 901 1504 986 angiende
1525 926 1561 968 en
1582 906 1714 988 quana,
1736 867 1801 966 som
1823 879 1907 968 sirit

240 982 399 1048 tsi-totvm
422 981 492 1044 med
514 1003 550 1043 en
568 982 700 1068 xAdling,
724 1004 809 1058 men,
831 983 881 1044 fiir
902 995 949 1044 att
981 985 1122 1045 undvika
1155 985 1348 1066 gistermilet
1385 989 1507 1068 autagit
1537 987 1650 1062 doket3
1684 985 1755 1049 med
1786 986 1911 1050 betan-

239 1070 314 1149 ning
336 1075 384 1126 att
405 1066 468 1127 bon
489 1067 633 1148 antingen
656 1065 755 1128 borda
775 1065 936 1129 sullborda
955 1067 1153 1152 tktenskapet
1175 1069 1253 1130 eller
1280 1069 1473 1151 ordentligen
1504 1071 1576 1152 ingi
1606 1071 1617 1132 i
1647 1069 1747 1152 ntgon
1778 1073 1906 1134 Nunne·

240 1151 348 1214 orden.

239 1233 240 1238 ,
391 1239 396 1250 ,
1348 1233 1403 1286 ‘lt
1423 1247 1445 1286 ιε
1463 1235 1488 1289 8.
1523 1229 1579 1286 An.
1596 1231 1621 1284 8.
1640 1229 1692 1300 ΕΡ·
1713 1230 1770 1299 ¹95·

279 1367 531 1446 Innocentius
564 1363 783 1475 Episcopus
819 1365 974 1446 Seruus
1012 1325 1232 1448 Servorum
1268 1370 1357 1449 Dei.
1386 1369 1617 1450 Venerabili
1642 1369 1788 1459 Fratri
1814 1424 1823 1445 .
1854 1425 1863 1447 .
1892 1427 1906 1451 ..

312 1476 515 1556 Lunderasi
538 1474 841 1587 Arebiepiscopo
874 1477 1063 1558 Salutem.
1095 1482 1167 1558 &a
1663 1511 1666 1518 ·

273 1622 336 1700 Ex
366 1635 481 1729 parte
508 1637 579 1699 tua
606 1621 755 1699 nostris
786 1638 847 1701 est
874 1622 1039 1703 auribus
1067 1623 1303 1720 intimatum,
1318 1620 1432 1731 quod
1453 1651 1545 1704 cum
1565 1586 1904 1731 quedam'mulier

103 1733 320 1816 diocesaua
348 1748 419 1811 tua
450 1729 583 1810 velum
611 1729 817 1811 viduitatis
845 1759 981 1812 coram
1008 1730 1169 1813 duobus
1191 1731 1419 1814 Abbatibus
1439 1733 1713 1841 assumpsisset
1740 1729 1905 1814 benedi-

102 1849 242 1927 ctione
272 1841 487 1950 sollempni
517 1868 608 1921 cum
642 1841 910 1922 celebratione
939 1844 1054 1924 misse
1083 1872 1128 1922 ac
1157 1845 1324 1924 Letania
1351 1843 1455 1924 sicut
1491 1844 1633 1926 debuit
1669 1842 1942 1940 accedentes

102 1954 369 2066 postmodum
383 1950 549 2062 quidam
563 1951 713 2033 nobilis
727 1953 799 2060 qui
813 1979 882 2031 sex
901 1954 1105 2035 mensibus
1120 1971 1212 2034 ante
1241 1953 1549 2063 proponebatur
1577 1953 1784 2033 mulierem
1798 1981 1905 2034 eam·

101 2066 197 2149 dem
227 2062 783 2160 mediantibusinternunciis
812 2091 885 2171 per
913 2064 1037 2145 verba
1066 2061 1117 2144 de
1132 2067 1326 2172 presenti,
1342 2092 1435 2144 arra
1450 2066 1569 2146 etiam
1585 2064 1819 2172 interposita
1834 2061 1904 2144 dc·
1968 2115 1974 2132 ι

1 2235 2 2240 ¹
101 2197 337 2287 sponsasse,
354 2171 493 2257 audito
510 2170 623 2283 quod
638 2174 780 2253 mulier
801 2175 888 2280 ipsa
901 2175 1036 2254 velum
1051 2191 1338 2283 assumpserat,
1353 2175 1460 2256 misit
1474 2173 1525 2256 ad
1540 2203 1626 2256 eam
1654 2191 1701 2252 ut
1730 2170 1905 2283 despon-

102 2290 302 2370 sationem
329 2286 474 2366 factam
502 2283 675 2364 carnalis
703 2285 853 2393 copula
873 2305 1121 2395 sequeretur.
1151 2287 1217 2368 Tu
1236 2313 1334 2368 vero
1363 2304 1578 2397 postquam
1606 2285 1683 2366 fuit
1710 2281 1763 2365 ad
1792 2302 1904 2370 tuam

101 2397 354 2482 audientiam
383 2425 446 2478 res
462 2394 636 2504 perlata,
663 2396 846 2476 inhibere
861 2397 1028 2495 ernasti,
1056 2425 1107 2478 ne
1127 2415 1218 2478 ante
1233 2396 1520 2479 discussionem
1534 2395 1692 2505 negocii
1706 2423 1747 2476 se
1761 2421 1926 2486 carna-v
1997 2476 2009 2500 N

101 2512 199 2592 liter
211 2509 527 2592 commiscerent.
557 2504 819 2617 Postmodum
835 2523 969 2589 autem
997 2537 1021 2588 a
1048 2508 1214 2590 muliere
1242 2510 1330 2617 ipsa
1357 2506 1401 2588 in
1429 2524 1498 2589 tua
1526 2507 1728 2617 presentia
1754 2507 1907 2588 consti·

100 2615 193 2704 tuta
222 2620 391 2730 quesisti
419 2634 559 2699 utrum
586 2617 849 2700 consensisset
864 2620 907 2698 in
928 2617 1070 2717 illum,
1106 2637 1148 2702 et
1176 2648 1301 2730 quare
1330 2618 1383 2699 ab
1411 2618 1483 2700 illo
1504 2637 1693 2730 quereret
1713 2619 1904 2728 separari.

101 2722 175 2812 At*
185 2731 254 2812 illa
276 2759 317 2812 se
339 2733 382 2811 in
394 2728 511 2810 illum
526 2729 771 2809 consensisse
785 2728 975 2826 confessa,
991 2729 1114 2828 dixit,
1129 2729 1243 2841 quod
1258 2729 1465 2812 audiverat
1480 2758 1571 2811 eum
1587 2757 1670 2812 esse
1686 2728 1795 2920 lepra
1810 2756 1904 2836 pen-

99 2869 282 2940 cussum,
298 2859 339 2922 et
353 2841 408 2922 ob
422 2839 500 2919 hoc
515 2840 601 2947 ejus
615 2837 747 2924 fuerat
762 2839 1020 2920 abhominata
1034 2842 1277 2950 complexus.
1296 2842 1399 2921 Cum
1413 2859 1545 2922 autem
1559 2851 1717 2951 po'stmo
1748 2866 1816 2918 um
1830 2865 1904 2946 per
2036 2945 2039 2950 Ι

99 2969 227 3033 testes
249 2952 418 3034 idoneos
447 2950 524 3029 tibi
538 2949 662 3031 fuerit
676 2949 833 3059 plenior
848 2949 956 3031 facta
972 2950 1081 3048 fides,
1098 2950 1210 3061 quod
1225 2967 1318 3032 ante
1332 2979 1444 3034 susce
1475 2954 1624 3035 tionem
1637 2947 1717 3033 reli
1738 2963 1905 3028 mutuus

1 3099 2 3102 ¹
100 3066 377 3144 intervenerat
399 3063 505 3142 inter
520 3061 628 3167 ipsos
656 3089 732 3168 per
746 3057 876 3154 verba,
888 3058 938 3142 de
952 3063 1132 3171 presenti
1147 3088 1374 3158 consensus,
1390 2979 1533 3144 Sedem
1547 3059 1698 3144 duxisti
1712 3056 1906 3169 apostoli*-

24 3165 29 3175 ’
99 3201 194 3256 cam
227 3169 532 3264 consulendam,
560 3187 699 3270 utrum
727 3169 805 3253 veli
828 3174 1031 3281 susceptio
1053 3171 1246 3282 impediat
1259 3173 1558 3254 matrimonium
1570 3171 1674 3254 inter
1688 3171 1808 3280 ipsos.
1823 3170 1908 3250 Nos

98 3303 239 3366 autem
255 3284 515 3364 Fraternitati
530 3298 600 3363 tue
614 3281 751 3361 taliter
765 3281 1066 3391 respondemus
1081 3283 1194 3394 quod
1209 3301 1249 3364 et
1264 3284 1297 3366 si
1312 3287 1438 3394 possit
1453 3311 1538 3365 non
1551 3283 1776 3365 inconsulte
1791 3277 1905 3362 vide·

100 3398 153 3492 ri,
183 3392 298 3505 quod
313 3423 366 3474 ex
379 3423 462 3504 quo
478 3387 777 3474 matrimonium
791 3395 898 3474 inter
912 3423 1105 3502 personas
1119 3395 1317 3502 legitimas
1328 3423 1402 3504 per
1415 3393 1539 3478 verba
1553 3393 1604 3477 de
1619 3394 1795 3503 presenti
1811 3417 1910 3472 con·

98 3506 299 3601 trahitur,
330 3505 407 3586 illis
436 3505 662 3586 viventibus
690 3507 734 3585 in
762 3504 877 3585 nullo
899 3506 1026 3613 possit
1040 3535 1135 3586 casu
1152 3503 1334 3606 dissolvi,
1349 3521 1396 3586 ut
1409 3507 1572 3588 vivente
1586 3505 1765 3615 reliquus
1780 3501 1831 3584 ad
1846 3528 1907 3582 se-

101 3618 245 3700 cunda
271 3632 366 3697 vota
393 3616 669 3722 transmigret,
698 3614 819 3695 etiam
847 3615 880 3696 si
909 3641 1014 3695 unus
1042 3616 1222 3699 fidelium
1249 3618 1357 3699 inter
1384 3615 1490 3728 quos
1518 3633 1578 3698 est
1600 3633 1733 3696 ratum
1761 3614 1904 3722 conju-

100 3731 220 3837 gium
250 3728 362 3808 fieret
394 3723 615 3821 hereticus,
643 3740 684 3805 et
711 3725 838 3806 nollet
866 3752 1104 3835 permanere
1131 3757 1223 3808 cum
1252 3727 1380 3810 altero
1408 3729 1493 3808 sine
1520 3724 1763 3809 contumelia
1791 3750 1902 3805 crea·

99 3841 224 3936 toris,
256 3839 333 3920 nisi
361 3836 465 3918 forte
493 3863 606 3916 secus
633 3836 747 3916 fieret
775 3865 824 3918 ex
856 3837 1102 3919 revelatione
1131 3837 1267 3921 divina
1296 3867 1376 3950 que
1396 3852 1561 3948 superat
1575 3865 1735 3920 omnem
1763 3832 1903 3942 legem,

102 3952 212 4032 sicut
240 3977 264 4029 a
295 3944 538 4059 quibusdam
567 3948 722 4028 Sanctis
751 3945 896 4056 legitur
924 3976 1008 4029 esse
1035 3947 1208 4047 factum,
1237 3948 1320 4032 Nos
1348 3963 1483 4031 tamen
1510 3946 1692 4036 nolentes
1721 3943 1903 4055 aprede·

103 4088 312 4143 sessorum
341 4075 575 4140 nostrorum
604 4059 782 4166 vestigiis
811 4061 855 4139 in
890 4059 969 4140 hoc
1004 4063 1176 4142 articulo
1204 4062 1343 4142 subito
1377 4059 1601 4157 declinare,
1638 4061 1709 4169 qui
1736 4082 1903 4166 responf

103 4171 204 4254 dere
234 4170 422 4264 consulti,
452 4165 565 4279 quod
593 4185 809 4278 antequam
842 4169 1140 4254 matrimonium
1169 4169 1221 4252 sit
1249 4201 1323 4279 per
1351 4169 1549 4254 carnalem
1578 4167 1766 4278 copulam
1799 4193 1899 4247 con·

101 4300 366 4379 summatum,
402 4280 498 4362 licet
531 4279 654 4359 alteri·
676 4280 912 4390 conjugium
953 4283 1111 4392 reliquo
1153 4286 1273 4363 etiam
1314 4282 1544 4392 inconsulto
1586 4280 1637 4361 ad
1666 4279 1903 4388 religionem

101 4396 297 4485 transire,
327 4395 383 4472 ita
411 4387 524 4501 quod
553 4389 733 4500 reliquus
762 4419 812 4472 ex
841 4409 939 4474 tunc
954 4392 1129 4503 legitime
1144 4392 1296 4504 poterit
1309 4393 1424 4476 alteri
1439 4390 1633 4503 copulari.
1668 4390 1756 4472 Hoc
1770 4391 1903 4498 ipsum

100 4505 184 4588 tibi
207 4503 453 4585 consulimus
482 4499 780 4588 observandum
809 4503 850 4583 in
874 4506 1042 4587 articulo
1053 4520 1282 4614 prenotato,
1297 4505 1480 4616 quamvis
1494 4503 1594 4585 falsa
1608 4502 1660 4582 sit
1674 4527 1792 4582 cansa
1806 4528 1904 4608 pro·
1991 4501 1994 4512 '
2024 4516 2028 4526 “

100 4633 199 4728 pter
227 4643 350 4725 quam
377 4613 429 4694 ad
457 4612 748 4721 susceptionem
779 4613 1003 4725 predictam
1035 4617 1177 4699 mulier
1203 4625 1264 4697 est
1291 4616 1475 4712 inducta,
1504 4640 1596 4695 cum
1623 4612 1708 4696 sine
1722 4611 1904 4722 qualibet

100 4728 176 4812 tali
205 4753 326 4808 causa
354 4723 396 4805 id
412 4727 542 4832 ipsum
575 4721 781 4832 religionis
808 4726 980 4809 obtentu
996 4726 1125 4809 facere
1141 4725 1347 4838 potuisset.
1363 4731 1491 4809 Porro
1509 4725 1601 4807 licet
1615 4722 1798 4833 predicta
1813 4750 1902 4803 mu·
2044 4815 2048 4822 .

102 4835 179 4922 licr
208 4836 394 4920 videatur
421 4837 465 4916 in
491 4834 572 4964 veli
598 4839 817 4946 suscepisse
845 4839 1050 4946 religionis
1065 4837 1250 4921 habitum
1265 4838 1533 4948 assumpsisse,
1545 4836 1581 4978 si
1595 4851 1728 4918 tamen
1746 4835 1844 4917 velit
1857 4835 1902 4914 in
2023 4937 2028 4954 ‚

103 4983 504 5194 ffisblllr
523 5043 584 5108 oid
601 5043 686 5110 detta
706 5045 761 5110 acb
780 5043 820 5109 de
839 5045 862 5110 3
871 5045 1025 5130 ,sedanda
1044 5049 1186 5170 anmirlrt
1205 5049 1245 5112 dr
1267 5045 1358 5122 1205,
1374 5067 1441 5114 som
1459 5045 1537 5114 doclr
1561 5047 1594 5130 ej
1620 5047 1800 5112 instimmcr
1825 5039 1903 5108 aad
2003 5097 2008 5122 ,
