4370 5950
561 410 563 416 Ι
680 505 682 510 -
821 444 1240 561 2-“1337-

134 711 266 822 ¹⁰9·
412 809 415 826 Ι
464 683 469 690 ’
724 599 1000 818 1119811.
1054 672 1121 778 16
1167 673 1297 779 Nov.
1693 671 1924 806 Lateran.

209 896 306 960 We.
329 897 529 962 laecum
550 896 620 963 1112·
639 897 724 962 Sur
745 895 795 966 till
816 891 995 980 beke-lli&
1018 892 1158 960 mneos
1177 891 1238 990 oclt
1259 891 1497 976 Dum-Cepitbt
1515 895 1527 956 i
1547 892 1665 991 Lunai,
1679 891 1812 966 rdrande
1831 899 1925 989 sanet

263 989 311 1124 :t
330 999 442 1126 aare
458 973 1171 1146 attereretrabsasta
1187 973 1469 1126 tantae
1482 975 1562 1040 ‘¹¹⁶¹
1582 976 1622 1062 t
1643 975 1754 1068 tva
1774 975 1921 1066 n...
2028 1081 2032 1088 .

427 1106 436 1142 '
1320 1139 1359 1195 K.
1377 1157 1414 1197 tn.
1434 1153 1457 1193 aa
1474 1139 1533 1210 all&
1551 1137 1606 1194 Aa
1626 1155 1649 1194 ι.
1666 1135 1786 1210 Eplaa.

540 1293 543 1308 '
571 1279 623 1358 A.
652 1277 956 1389 Arctcpacopo
983 1292 1022 1356 et
1050 1277 1238 1387 Capitale
1270 1277 1482 1358 Lmedenei.

296 1419 358 1500 Ex
386 1417 512 1499 literis
539 1445 641 1529 quas
668 1433 716 1498 tu
748 1417 885 1515 nobis,
914 1415 1039 1500 frater
1067 1413 1400 1528 Archiepiscope,
1429 1414 1642 1500 destinasti
1654 1413 1923 1500 intelleximus

126 1529 339 1614 manifeste
367 1527 482 1640 quod
510 1556 682 1638 regnum
710 1527 863 1625 Daciae,
904 1545 1104 1640 quantum
1147 1526 1199 1608 ad
1228 1555 1276 1609 ea
1303 1557 1394 1640 quae
1429 1527 1495 1638 jus
1538 1525 1619 1610 fori
1659 1527 1922 1636 contingunt,
1955 1583 1958 1589 -

59 1683 60 1688 ¹
126 1638 493 1724 consuetudinibus
521 1642 603 1720 suis
631 1646 672 1721 8<
699 1639 1023 1738 institutionibus
1052 1640 1208 1748 Regum
1236 1667 1401 1722 suorum
1430 1639 1595 1722 omnino
1623 1657 1800 1752 regatur.
1815 1638 1923 1721 vnde

129 1752 290 1856 nullum
326 1779 444 1832 usum
472 1766 800 1832 testamentorum
827 1750 938 1834 illius
967 1751 1187 1861 provinciae
1213 1751 1361 1833 habere
1390 1751 1613 1862 contingit,
1636 1751 1708 1863 qui
1737 1748 1836 1830 alibi
1853 1808 1857 1818 ,
1877 1751 1922 1832 in

117 1859 281 1946 ¹ultimis
309 1860 591 1944 decedentium
619 1861 899 1943 voluntatibus
927 1860 1149 1952 secundum
1178 1859 1348 1970 legalem
1362 1861 1660 1944 observantiam
1679 1858 1920 1944 custoditur.

126 1976 171 2058 Si
198 2003 298 2056 vero
326 1972 474 2084 aliquis
501 1973 771 2083 possessiones
799 1972 953 2084 aliquas
981 1972 1164 2082 claustris
1191 1973 1254 2054 vel
1284 1973 1371 2054 aliis
1399 1963 1596 2084 religiosis
1611 1973 1711 2056 locis
1738 1975 1782 2054 in
1810 1971 1933 2054 bona·

127 2083 362 2168 valetudine
389 2083 455 2164 vel
483 2084 694 2166 voluntate
722 2083 861 2165 ultima
889 2084 1134 2166 constitutus
1162 2081 1251 2166 vult
1278 2111 1355 2193 pro
1382 2112 1550 2167 suorum
1570 2083 1751 2168 remedio
1778 2109 1921 2193 percae

125 2216 264 2280 torum
293 2193 491 2291 conferre,
519 2194 625 2275 hanc
654 2194 842 2276 Ecclesiae
869 2192 1106 2278 sorderendi
1148 2192 1319 2275 formam
1347 2223 1432 2280 esse
1473 2197 1691 2308 proponis,
1733 2191 1847 2306 quod
1875 2196 1920 2274 in
1993 2293 1997 2311 .

124 2304 364 2417 hujusmodi
392 2304 684 2388 donationibus
711 2305 915 2388 modicum
948 2323 1066 2387 terrae
1101 2306 1312 2388 consuevit
1347 2335 1569 2406 assumere,
1605 2308 1747 2389 autin
1789 2323 1923 2387 extre-

126 2421 268 2502 mitate
296 2415 430 2526 pallii,
458 2415 571 2526 quod
600 2444 723 2497 manu
755 2417 948 2526 Episcopi
976 2415 1042 2498 vel
1070 2416 1286 2526 cujuslibet
1313 2417 1478 2499 alterius
1530 2417 1690 2500 Praelati
1732 2414 1921 2502 Ecclesiae

128 2532 371 2625 sustinetur,
400 2545 471 2608 aut
499 2552 620 2637 super
648 2527 781 2638 ipsum
809 2526 931 2609 altare
967 2528 1106 2636 aliquo
1140 2529 1371 2610 involutum
1442 2529 1632 2612 amniculc
1666 2525 1765 2609 cum'
1786 2524 1924 2610 debita
2025 2628 2027 2634 s

125 2639 357 2723 humilitate
385 2637 639 2748 ponendum,
666 2637 744 2720 sub
771 2639 1001 2720 testimonio
1029 2635 1252 2722 videntium
1280 2646 1320 2722 ssr
1347 2557 1610 2738 audientium,
1638 2639 1767 2722 torma
1795 2638 1924 2722 dona·

126 2753 251 2834 tionis
279 2747 512 2858 hujusmodi
540 2750 831 2861 subsequente,
859 2778 950 2860 quae
992 2751 1163 2832 scotatio
1204 2749 1425 2860 vulgariter
1467 2750 1708 2862 appellatur.
1767 2747 1922 2831 Verum
2040 2759 2042 2766 '

128 2865 228 2974 quia
256 2858 488 2971 hujusmodi
518 2858 684 2941 donatio
713 2860 910 2952 malitiose
939 2890 962 2943 a
991 2861 1234 2971 quibusdam
1275 2862 1590 2960 cavillatoribus,
1619 2865 1723 2944 sicut
1765 2862 1921 2957 asseris,

127 2972 360 3084 impeditur,
389 3001 412 3052 a
440 2969 559 3052 nobis
586 2971 790 3054 humiliter
817 2971 1048 3081 postulasti,
1077 3001 1129 3054 ne
1157 2972 1245 3054 loca
1260 2972 1445 3082 religiosa
1474 2981 1514 3056 &
1542 2973 1743 3072 Ecclesiae,
1771 2971 1923 3084 quibus

127 3085 266 3166 multae
284 3083 553 3195 possessiones
568 3081 645 3164 sub
672 3079 892 3164 scotatione
920 3081 1154 3193 hujusmodi
1182 3100 1276 3166 sunt
1302 3084 1477 3181 collatae,
1505 3084 1557 3164 ab
1585 3084 1790 3196 aliquibus
1882 3111 1921 3165 s·

126 3198 210 3279 sint
223 3195 287 3276 vel
316 3192 490 3294 debeant
520 3210 669 3274 temere
690 3193 941 3306 perturbari,
971 3211 1140 3305 paterna
1168 3194 1386 3278 debeamus
1414 3193 1671 3276 solicitudine
1693 3109 1921 3306 providile.
1984 3209 1987 3216 '

128 3307 327 3390 Nolentm
355 3305 481 3414 igitur
510 3320 557 3384 ut
584 3303 683 3386 tales
711 3305 1037 3402 constitutiones,
1067 3333 1168 3417 quas
1197 3305 1441 3388 diuturnitas
1456 3307 1669 3418 temporis,
1699 3322 1747 3386 ut
1769 3307 1924 3404 asseris,

128 3417 382 3512 observavit,
410 3421 450 3498 8<
477 3443 575 3496 usus
602 3415 908 3500 consuetudinis
957 3416 1155 3500 hactenus
1197 3415 1432 3527 approbatae
1474 3419 1654 3516 retinuit,
1695 3417 1922 3498 temeritate

126 3527 315 3641 qualibet
341 3525 615 3623 infirmentur,
642 3524 876 3609 discretioni
904 3545 1045 3636 vestrae
1072 3556 1147 3636 per
1162 3527 1384 3638 apostolica
1397 3529 1549 3640 scripta
1571 3527 1808 3610 mandamus
1823 3554 1924 3640 qua·

125 3657 247 3722 tenus
276 3636 515 3720 donationes
545 3664 686 3718 eorum
714 3665 805 3748 quae
831 3637 907 3719 sub
937 3639 1109 3722 obtentu
1136 3637 1440 3721 consuetudinis
1476 3639 1680 3737 claustris,
1715 3636 1923 3735 Ecclesiis,
2029 3651 2033 3658 '

125 3752 193 3834 vel
225 3748 474 3861 quibuslibet
503 3746 601 3829 locis
643 3745 841 3856 religiosis
881 3750 948 3858 pie
978 3777 1023 3831 ac
1052 3747 1222 3859 provide
1265 3748 1554 3850 conferuntur,
1582 3750 1647 3833 vel
1676 3751 1799 3834 etiam
1826 3764 1923 3830 sunt

122 3861 306 3958 collatae,
340 3859 497 3942 faciatis
532 3857 816 3942 irrevocabiles
858 3859 1083 3960 observari,
1111 3889 1202 3944 cum
1230 3858 1463 3969 hujusmodi
1485 3863 1664 3972 signum,
1692 3857 1805 3991 quod
1833 3885 1921 3939 sco-

124 3976 229 4057 tatio
260 3969 428 4076 dicitur,
456 3997 541 4050 non
557 3986 638 4052 tam
667 3969 782 4051 laetae
810 3969 1040 4054 donationis
1067 3999 1191 4085 quam
1218 3973 1378 4055 traditae
1414 3975 1675 4082 possessionis
1689 3987 1741 4052 sat
1755 3968 1947 4052 evidens·

126 4100 421 4196 argumentum.
457 4083 488 4162 si
517 4110 622 4192 quos
651 4081 968 4165 contradictores
996 4084 1232 4166 inveneritis
1260 4103 1330 4172 aut
1352 4081 1541 4182 rebelles,
1574 4083 1814 4167 auctoritate
1828 4079 1923 4164 freti

126 4194 373 4307 apostolica,
402 4221 477 4304 per
506 4219 716 4298 censuram
744 4193 1066 4295 ecclesiasticam,
1094 4196 1318 4278 monitione
1346 4197 1566 4304 praemissa,
1594 4191 1755 4274 sublato
1782 4192 1922 4304 appel·

126 4307 294 4390 lationis
323 4303 534 4387 obstaculo
561 4321 871 4430 compescentes.
930 4307 1078 4390 Datum
1106 4307 1295 4390 Laterani
1323 4306 1431 4388 XVI.
1461 4303 1553 4388 Kal.
1582 4303 1826 4387 Decembris.
1905 4325 1908 4339 ·
