4406 5966
708 451 722 524 ·,
812 449 870 470 -
980 403 1062 514 699
1170 449 1228 470 -
1353 469 1355 477 ι

121 640 251 774 846.
518 751 522 758 ,
772 547 1272 782 (απ-((51.1)

195 863 313 929 Bmcm
333 861 414 928 ianr.
434 859 490 925 llts
510 857 682 946 Fiiruyelse
702 858 740 922 ai
755 856 842 970 tldrc
863 836 980 924 Freda-
998 855 1062 923 och
1081 853 1403 924 llandels-Tmctstcr
1422 855 1496 926 nied
1516 857 1657 947 Lybc‘ck.

1529 986 1532 996 Δ
1619 945 1657 1002 tt.
1676 957 1706 1006 t·
1722 943 1780 1002 ((5.

281 1083 481 1164 Bmesavs
512 1077 587 1162 Dei
616 1077 752 1190 gracia
778 1076 866 1161 dux
893 1079 1122 1176 Sweorum,
1150 1075 1342 1193 prefecto,
1371 1076 1605 1164 consulibus
1633 1077 1674 1163 8(
1701 1075 1915 1193 burgensi·

115 1193 191 1276 bus
219 1192 417 1276 universis
444 1190 648 1274 civitatem
677 1189 946 1274 Lubicensem
972 1187 1295 1274 inhabitantibus
1330 1189 1634 1274 omnebonum
1664 1217 1757 1276 cum
1784 1186 1916 1279 salute

113 1307 194 1388 vite
222 1307 422 1417 presentis
451 1304 604 1412 pariter
631 1307 673 1384 8(
700 1302 849 1386 future.
878 1303 986 1408 Quia
1015 1327 1099 1384 non
1126 1298 1328 1384 credimus
1341 1305 1532 1387 memoria
1556 1306 1774 1406 recessisse,
1831 1305 1916 1392 uod

113 1442 187 1499 nos
215 1417 387 1498 nuncios
415 1433 575 1499 nostros
604 1413 757 1498 advos
785 1415 830 1497 in
858 1411 1016 1526 jejunio
1043 1412 1194 1496 scilicet
1228 1414 1481 1524 prepositum
1508 1417 1670 1500 Er'ievm
1698 1423 1739 1501 8(
1767 1419 1816 1502 10
1846 1430 1918 1503 au*

111 1556 206 1616 nem
234 1528 403 1610 Calvvm
431 1527 658 1637 specialiter
685 1527 997 1625 transmisimus,
1029 1527 1127 1636 quia
1154 1523 1329 1608 vidimus
1358 1523 1592 1635 diligenter,
1621 1528 1736 1642 quod
1762 1528 1917 1615 discor·

34 1688 38 1695 ·
113 1638 179 1723 dic
208 1639 335 1722 fomes
367 1644 407 1720 8(
435 1638 587 1722 invidia
616 1635 701 1720 odii
725 1639 838 1736 inter
864 1666 941 1721 nos
970 1644 1011 1720 8(
1041 1664 1114 1719 vos
1142 1635 1273 1720 voluit
1301 1635 1497 1736 suboriri,
1545 1660 1715 1750 propter
1741 1645 1918 1726 marinos

112 1767 445 1862 transgressores,
475 1751 549 1860 qui
575 1752 688 1860 pacis
717 1748 856 1833 federa
890 1747 1184 1847 turbaverunt,
1226 1766 1436 1848 monentes
1462 1777 1536 1831 vos
1577 1777 1653 1861 per
1679 1750 1841 1836 eosdem
1870 1771 1919 1836 ut

111 1889 235 1972 super
264 1861 374 1943 bono
402 1861 514 1970 pacis
543 1858 762 1972 diligenter
789 1860 1017 1945 deliberare
1046 1858 1266 1960 deberetis,
1295 1865 1336 1941 8(
1368 1857 1483 1970 quod
1511 1888 1585 1941 nos
1613 1877 1746 1948 certos
1772 1863 1918 1948 redded

111 1975 208 2056 retis
235 2001 358 2083 super
386 1975 601 2085 proposito
628 1989 765 2058 vestro
794 2001 869 2084 per
897 1974 1074 2086 aliquem
1101 1971 1344 2082 burgensem
1364 1971 1538 2054 civitatis
1566 1990 1716 2074 vestre,
1745 1979 1817 2088 qui
1834 2003 1918 2061 ma-

110 2105 202 2169 ture
232 2100 335 2168 esset
376 2087 492 2168 etatis
518 2091 559 2168 8(
586 2111 710 2201 super
736 2087 916 2199 antiquis
947 2087 1070 2196 gestis
1097 2086 1286 2168 notitiam
1315 2099 1475 2194 gereret
1503 2082 1736 2194 pleniorem.
1793 2091 1917 2172 Inno⁶

110 2211 239 2279 tescat
267 2198 393 2304 igitur
421 2195 557 2296 vobis,
585 2195 700 2307 quod
727 2223 802 2280 nos
831 2199 1027 2279 nuncium
1058 2215 1237 2280 vestrum
1264 2197 1507 2305 recepimus,
1535 2223 1655 2307 quem
1672 2201 1716 2280 in
1742 2202 1918 2310 negotiis
1954 2247 1958 2256 ·

111 2307 282 2419 agendis
310 2306 665 2418 &promovendis
695 2310 923 2392 invenimus
951 2308 1234 2419 multipliciter
1260 2304 1482 2420 providum
1510 2313 1549 2389 8(
1576 2306 1805 2394 discretum.
1835 2313 1916 2394 Ha·

108 2421 276 2504 buimus
306 2422 433 2530 igitur
459 2447 553 2503 cum
581 2420 724 2504 eodem
752 2448 875 2531 super
911 2421 1022 2533 pacis
1064 2415 1284 2502 concordia
1312 2419 1445 2529 primo
1490 2418 1739 2531 colloquium
1767 2428 1807 2505 8(
1833 2443 1917 2508 tra·

104 2545 285 2630 etatum,
314 2559 436 2644 quem
469 2531 646 2614 illustres
675 2534 881 2644 principes
922 2531 1075 2614 scilicet
1118 2530 1247 2615 felicis
1288 2531 1481 2614 memorie
1506 2557 1580 2612 rex
1608 2535 1804 2615 Sveorum
1831 2537 1917 2618 Ka·
1965 2631 1967 2638 y

101 2661 249 2743 nvtvs,
279 2645 374 2725 Dux
403 2642 580 2726 Saxouie
609 2644 807 2728 Henricvs
835 2651 876 2725 8(
904 2645 1103 2754 Byrgervs
1137 2642 1224 2727 dux
1252 2641 1448 2726 Sveorum
1489 2643 1596 2724 inter
1639 2643 1919 2730 Theutonicos
1997 2745 2001 2750 ¹

34 2859 38 2868 Ι
102 2763 144 2840 8(
182 2756 579 2868 Sweosantiquitus
606 2755 883 2838 firmaverunt.
910 2757 996 2838 Hos
1025 2784 1124 2865 ergo
1152 2755 1428 2866 transscriptis
1455 2754 1499 2836 in
1526 2754 1677 2865 quibus
1697 2755 1828 2839 forma
1843 2785 1916 2868 pa·

103 2870 164 2952 cis
195 2867 278 2976 jam
307 2866 492 2977 predicte
521 2866 702 2978 plenarie
737 2871 970 2952 continetur
1012 2883 1096 2950 tam
1133 2867 1282 2975 nostris
1322 2882 1445 2978 quam
1487 2867 1630 2951 vestris
1658 2868 1916 2978 prelectis&

102 2979 259 3063 auditis
286 2979 515 3062 invenimus
543 2977 686 3061 eadem
712 2979 756 3059 in
782 2979 971 3092 omnibus
998 2977 1258 3065 concordare.
1314 2983 1396 3062 Pro
1425 2993 1488 3058 ter
1516 2977 1629 3088 quod
1657 2978 1916 3088 presentibus

78 3089 411 3176 'venerabilibus
444 3089 618 3176 dominis
661 3091 980 3202 Archicpiscopo
1024 3089 1239 3200 Upsalensi
1265 3092 1305 3174 8(
1333 3005 1598 3202 sullbaganeis
1626 3091 1708 3176 suis
1737 3091 1915 3172 Domino
1944 3143 1946 3156 ι

70 3203 268 3287 ·Karvlo
295 3202 442 3285 Karuli
470 3200 586 3298 ducis
615 3201 718 3300 lilio,
747 3201 917 3286 domino
946 3203 1124 3302 Karvlo,
1161 3199 1276 3285 ducis
1306 3201 1465 3285 Ulfouis
1492 3199 1596 3302 filio,
1638 3202 1806 3314 aliisque
1834 3202 1914 3286 dis·
2048 3299 2049 3304 Ν

97 3314 352 3401 cretioribus
379 3315 496 3423 regni
523 3315 653 3395 nostri
682 3315 896 3402 statuimus
925 3313 1093 3397 firmiter
1135 3340 1277 3430 pacem
1320 3313 1532 3428 pristinam
1573 3333 1660 3395 esse
1687 3315 1914 3396 necessario

4 3519 5 3528 ,
96 3424 384 3514 renovandam
411 3429 452 3509 8(
479 3425 745 3545 imposterum
773 3425 1062 3516 inviolabiliter
1090 3423 1384 3508 observandam
1414 3426 1604 3525 maxime,
1634 3425 1730 3537 quia
1760 3427 1793 3508 si
1823 3425 1914 3509 lites

96 3549 141 3624 8(
172 3541 309 3651 iurgia
338 3564 412 3647 per
440 3553 710 3627 antecessores
739 3553 901 3619 uestros
928 3539 1131 3648 sapienter
1160 3541 1201 3615 8(
1228 3537 1308 3616 fine
1343 3533 1484 3622 debito
1523 3538 1736 3642 terminata
1764 3539 1913 3619 iterum

97 3653 153 3738 de
185 3650 256 3734 die
285 3653 328 3732 iu
357 3648 465 3731 diem
493 3647 691 3742 deberent
719 3650 761 3730 iu
791 3650 950 3730 irritum
987 3640 1189 3746 revocari,
1232 3673 1443 3758 nunquam
1485 3675 1626 3730 secura
1668 3647 1780 3757 pacis
1813 3674 1913 3730 eon·
2011 3677 2017 3684 ·

96 3761 249 3848 cordia
281 3761 409 3872 possit
437 3761 488 3844 ab
515 3761 747 3852 hominibus
775 3759 958 3842 inveniri.
988 3761 1188 3842 Volumus
1231 3759 1356 3870 igitur
1396 3785 1535 3840 omnes
1577 3759 1829 3841 Lubec'enses
1846 3757 1912 3848 -ad

93 3902 280 3986 reguum
309 3888 494 3964 nostrum
522 3899 615 3960 cum
644 3873 914 3960 mercimoniis
948 3874 1154 3963 venientes
1182 3897 1205 3950 a
1233 3868 1392 3952 tributo
1420 3874 1461 3950 8(
1489 3867 1680 3952 theloneo
1723 3869 1911 3982 quolibet

94 4016 188 4072 esse
220 3986 375 4067 liberos
402 3990 444 4065 8(
468 3999 689 4093 exemptos.
718 3984 760 4066 Si
788 3983 861 4096 qui
890 4009 989 4064 vero
1015 3983 1244 4073 decivitate
1275 3997 1408 4063 vestra
1437 4004 1590 4061 moram
1612 3978 1827 4064 nobiscum
1851 3980 1911 4064 fa·

91 4125 194 4185 cere
224 4097 432 4189 voluerint
457 4097 500 4176 in
529 4121 658 4204 regno
685 4111 828 4178 nostro
854 4095 1055 4202 habitare,
1097 4110 1196 4186 tunc
1239 4093 1427 4176 volumus
1455 4110 1502 4175 ut
1528 4093 1659 4201 patrie
1686 4109 1824 4175 nostre
1853 4093 1909 4176 le·

87 4211 223 4322 gibus
258 4226 425 4300 utantur
455 4212 495 4288 &
522 4222 733 4315 regantur,
762 4211 803 4301 8,(
830 4207 948 4298 Sveei
976 4206 1027 4299 de
1055 4223 1191 4292 cetero
1220 4203 1497 4314 appellentur,
1526 4209 1566 4284 8(
1595 4202 1674 4286 hcc
1702 4203 1809 4287 idem
1837 4231 1908 4313 pe-
1997 4257 2010 4292 ,-
2070 4245 2073 4260 -
2190 4253 2198 4264 .

86 4325 243 4416 timus,
276 4336 323 4401 ut
352 4344 425 4401 vos
453 4320 560 4411 circa
589 4332 788 4412 nostrates
816 4315 870 4409 ad
912 4333 1084 4412 vestram
1126 4318 1328 4400 civitatem
1369 4316 1577 4400 venientes
1621 4315 1909 4399 inviolabiliter
1948 4386 1951 4398 ,

86 4431 343 4514 observetis.
371 4431 559 4522 Pretarea
584 4428 619 4522 si
644 4431 736 4542 quis
763 4428 816 4522 de
843 4444 977 4511 vestra
1012 4429 1175 4512 civitate
1204 4429 1381 4536 aliquam
1408 4452 1459 4507 ex
1487 4426 1740 4528 nostratibus
1766 4453 1910 4537 passus

84 4542 225 4625 fuerit
257 4539 453 4648 injuriam
482 4539 534 4623 ud
562 4564 637 4625 nos
668 4569 761 4638 rum
797 4540 939 4635 litteris
975 4541 1184 4624 vestris&
1221 4537 1402 4646 legitimo
1443 4539 1580 4620 veniat
1606 4539 1840 4620 testimonio
1865 4543 1906 4620 8(

81 4677 168 4736 nos
200 4644 415 4731 eidemin
443 4651 670 4733 continenti
698 4650 919 4735 secundum
949 4652 1057 4761 leges
1085 4649 1216 4760 patrie
1244 4649 1412 4758 planum
1433 4651 1689 4759 &integrum
1716 4646 1906 4749 faciemus

77 4763 179 4848 lieri
211 4761 382 4843 iusticie
409 4759 764 4870 complementum,
793 4767 834 4845 8(
862 4790 935 4846 vos
962 4761 1211 4846 nostratibus
1236 4758 1445 4844 vobiscum
1462 4760 1723 4872 consimiliter
1738 4757 1904 4844 faciatis.

76 4942 385 4971 m

122 5010 150 5086 *)
175 4997 280 5070 Jerus-
310 4995 490 5078 K.v.114,
