4384 5946
810 493 884 536 ·.-.-.
978 449 1036 566 dg
1139 493 1273 536 -,,,-

122 699 181 754 um
207 669 562 770 vestrummisisse
590 684 707 777 grato
736 665 988 778 perciperem
1002 670 1147 748 animo
1206 665 1286 747 Sed
1307 666 1450 778 dehoc
1465 667 1573 748 alias.
1631 669 1752 750 Nunc
1767 683 1924 768 autem⁴

121 783 407 864 fraternitatem
435 796 610 882 vestram
638 779 764 862 latere
794 780 902 875 nolo,
932 769 1032 890 quid
1061 779 1251 859 molestiae
1279 779 1378 859 mihi
1393 777 1662 860 Adalwardus
1678 781 1926 890 Episcopus,
2030 862 2039 876 ,

120 891 267 988 intulit,
317 919 456 1000 quem.
486 891 601 970 vobis
644 893 832 988 testibus,
876 893 948 1001 qui
990 889 1242 988 ordinationi
1285 889 1373 996 ejus
1402 889 1659 989 interfuistis,
1690 893 1905 994 Sictonen7

12 1023 13 1064 ἱ
109 1001 174 1094 sis
206 1003 392 1082 Ecclesiae
427 1002 659 1104 consecravi
693 1003 948 1098 Pontificem,
983 1030 1104 1112 quem
1140 1001 1237 1083 dum
1272 999 1446 1081 barbara
1483 1028 1580 1110 gens
1618 1003 1697 1083 sibi
1732 1029 1902 1110 praeesse
1995 1085 1999 1093 ,
2034 1067 2042 1092 ,

119 1114 237 1206 nollet
266 1115 516 1194 Scariensem
546 1113 764 1200 Ecclesiam
793 1113 986 1194 invadere
1002 1115 1137 1221 coepit.
1196 1116 1296 1192 Peto
1324 1113 1469 1222 igitur,
1484 1126 1531 1190 ut
1545 1115 1741 1194 nuncium
1756 1142 1923 1216 meum,¹

119 1227 182 1336 qui
209 1217 306 1304 illuc
335 1225 466 1304 iturus
496 1240 575 1319 est,
605 1223 658 1305 ad
687 1225 999 1335 Dalbogiensem
1027 1225 1160 1329 velitis
1189 1224 1435 1332 Episcopum
1464 1221 1650 1330 dirigere.
1702 1225 1802 1306 'llaec
1830 1225 1903 1304 ha·

12 1345 13 1348 ‘
120 1337 190 1418 beo
218 1334 277 1416 de.
299 1335 467 1442 Synodo
495 1363 589 1445 quac
603 1334 796 1436 dicerem,
811 1364 903 1420 cum
918 1336 1049 1416 &alia
1064 1337 1191 1416 multa
1206 1337 1306 1430 sint,
1322 1362 1412 1444 quae
1427 1332 1580 1416 fastidii
1594 1361 1733 1414 caussa
1747 1338 1902 1418 omitto.

124 1721 203 1831 23ss
732 1727 882 1870 1073
929 1723 1036 1888 den
1080 1709 1306 1830 anebr.

192 1947 294 2007 Pisae
316 1946 499 2009 Assume
521 1949 584 2025 llas,
608 1945 663 2006 vid
690 1946 966 2027 diverstmdningen
987 1928 1024 2006 ai
1041 1947 1180 2008 Pallium
1202 1947 1252 2007 till
1273 1943 1453 2008 trie-Bisa
1476 1948 1596 2010 Luam
1617 1948 1628 2006 i
1650 1947 1821 2028 limburg,
1843 1948 1908 2029 gif—

239 2051 282 2088 na
304 2028 495 2092 stadlltstelse
516 2031 566 2092 idr
586 2027 873 2114 irie-Biskoparne
895 2032 905 2092 i
930 2029 1094 2110 Hamburg
1118 2039 1164 2092 att
1188 2049 1264 2092 vera
1287 2027 1366 2096 Pdss·
1389 2032 1523 2110 Legater
1544 2034 1560 2105 i.
1579 2030 1709 2114 Sverige
1729 2029 1789 2095 och
1805 2031 1940 2111 dirige,
2045 2015 2048 2022 ⁴
2156 2022 2159 2034 ’

179 2171 180 2176 ,
240 2111 377 2204 Norden.

1593 2177 1601 2186 ’
1657 2228 1694 2283 x.
1712 2228 1771 2296 441.

272 2361 532 2442 dismanta*
550 2366 765 2474 episcopus
799 2390 939 2444 servus
962 2390 1183 2444 rservorum
1218 2365 1304 2445 Dei.
1370 2361 1720 2444 Reuerendissimo
1749 2368 1788 2442 &
1816 2387 1909 2442 san-

117 2475 286 2554 ctissimo
328 2472 515 2552 Liemaro
556 2492 704 2557 sanctes
745 2475 1128 2582 Hammaburgensis
1152 2476 1357 2557 Ecclesiae
1391 2473 1709 2581 Archiepiscopo
1743 2474 1908 2582 suisque

116 2583 407 2665 successoribus
443 2612 583 2692 pacem
619 2594 657 2666 &
685 2587 856 2692 salutem
885 2588 928 2666 in
957 2602 1213 2694 perpetuum.
1273 2587 1475 2667 Convenit
1503 2585 1740 2692 Apostolico
1770 2583 1908 2665 mode·

115 2697 253 2792 ramini
290 2697 358 2802 pia
387 2695 584 2803 religione
613 2697 863 2805 pollentibus
893 2697 1090 2776 benevola
1112 2699 1377 2805 compasione
1406 2722 1641 2776 succurrere
1670 2702 1709 2776 ὃς
1737 2723 1908 2804 poscen-

13 2861 14 2864 ,
116 2807 211 2886 tium
240 2807 384 2885 animis
413 2805 536 2886 alacri
565 2806 786 2888 deuotione
815 2809 1034 2915 impertire.
1093 2807 1155 2910 Ex
1184 2809 1261 2891 hoc
1291 2810 1397 2888 enim
1413 2807 1515 2886 lucri
1531 2807 1784 2914 potissimum
1805 2834 1908 2913 prae·

12 2907 13 3000 f
116 2917 234 2996 mium
268 2915 379 3024 apud
415 2916 668 2998 conditorem
697 2920 877 2999 omnium
906 2920 1134 2998 Dominum·
1151 2919 1297 3030 procul
1327 2918 1454 2999 dubio
1483 2945 1780 3025 promeremur,
1810 2915 1908 2998 dum
1960 2953 1963 2959 ·

12 3019 14 3080 ⁵
116 3027 358 3108 venerabilia
379 3029 468 3107 loca
489 3046 693 3136 oportune
708 3029 760 3109 ad
776 3029 981 3110 meliorem
997 3029 1314 3108 fuerint‘statum
1328 3031 1415 3108 sine
1430 3027 1558 3108 dubio
1573 3026 1783 3136 perducta.
1828 3029 1908 3135 lgi-

12 3185 13 3234 4
116 3153 181 3216 tur
207 3141 304 3248 quia
335 3139 568 3246 postulastis
584 3168 606 3220 a
622 3142 741 3220 nobis
756 3157 957 3251 quatenus
972 3139 1141 3247 pallium
1155 3141 1231 3220 tihi
1245 3141 1608 3220 transmitteremus
1624 3145 1663 3218 8(
1676 3138 1908 3246 Archiepis·

113 3264 300 3357 copatum
330 3250 713 3358 Hammaburgcnsis
741 3251 928 3332 Ecclesiae
957 3267 1089 3330 totum
1117 3253 1321 3360 integrum
1350 3250 1426 3329 tibi
1441 3250 1788 3346 confirmaremus,
1803 3251 1908 3331 sicut

114 3387 136 3438 a
175 3359 469 3467 praedecessore
512 3379 655 3448 nostro
697 3364 871 3442 Domino
915 3362 1084 3442 Nicolao
1119 3362 1240 3469 hujus
1271 3361 1501 3470 apostolicae
1530 3360 1653 3455 sedis,
1682 3367 1720 3441 &
1749 3364 1909 3444 coeteris

111 3471 407 3551 successoribus
436 3474 517 3550 suis
548 3470 754 3555 decretum
785 3490 864 3568 est,
893 3473 1078 3552 inclinati
1106 3474 1372 3580 petitionibus
1402 3472 1565 3551 Domini
1585 3471 1634 3552 H.
1657 3473 1909 3553 Francorum

12 3579 13 3584 ’
112 3583 453 3667 &Romanorum
479 3583 602 3690 Regis
631 3585 854 3692 apostolica
884 3585 1126 3684 auctoritate
1147 3581 1431 3677 concedimus,
1460 3609 1552 3662 cum
1582 3581 1770 3663 omnibus
1784 3611 1907 3692 gene-

111 3692 247 3772 raliter
277 3710 402 3802 atque
431 3695 660 3800 specialiter
690 3694 787 3774 locis
816 3689 868 3774 ad
898 3692 1072 3774 eundem
1093 3693 1307 3802 praefatum
1322 3710 1500 3774 vestrum
1515 3693 1908 3802 archiepiscopatum

110 3804 431 3910 pertinentibus,
466 3805 633 3888 scilicet·
648 3808 783 3884 omnia
812 3832 913 3914 quae·
930 3806 1055 3884 vestri
1085 3821 1355 3886 antecessores
1384 3805 1466 3883 suis
1494 3803 1704 3915 laboribus
1733 3805 1906 3914 acquisi-
1984 3835 1987 3840 ·

109 3931 274 4016 rerunt,
319 3914 384 3993 vel
427 3917 548 3994 etiarn
583 3943 718 3996 amore
748 3933 907 3994 aeternae
936 3917 1078 4023 patriae
1107 3917 1165 3995 ibi
1195 3945 1218 3994 a
1248 3914 1580 3995 Christicolarum
1609 3913 1796 3994 fidelibus
1826 3915 1906 3993 lar-

51 4061 64 4091 ι
109 4025 189 4132 gita
218 4043 319 4106 sunt
347 4024 412 4135 uel
442 4026 502 4106 lar
532 4027 691 4128 iuntur,
721 4056 812 4106 cum
841 4026 919 4106 illis
948 4027 1087 4123 etiam,
1147 4029 1195 4132 ui¹
1218 4053 1327 4106 nunc
1357 4043 1429 4105 tuo
1458 4043 1640 4133 tempore
1657 4023 1793 4104 divina
1808 4052 1906 4134 pro·
1984 4021 2010 4050 '¹
2084 4090 2090 4100 .

109 4149 269 4245 tegente
300 4138 450 4244 gratia,
480 4057 533 4216 al
562 4136 712 4216 Christi
741 4137 927 4217 conversi
954 4155 1049 4216 sunt
1078 4057 1217 4234 fidem,
1246 4136 1435 4217 videlicet
1465 4137 1663 4244 episcopis
1691 4139 1905 4217 Norveno·

108 4273 214 4343 rum,
244 4249 477 4343 Danorum‚
506 4249 711 4327 Sueonum
740 4277 814 4329 nec
844 4277 929 4328 non
958 4249 1137 4328 omnium
1166 4249 1552 4356 Septentrionalium
1568 4248 1755 4356 partium.
1813 4249 1904 4327 Pal·
1931 4297 1958 4338 ,ι

109 4351 205 4438 lium
239 4385 408 4468 quoque
443 4358 520 4439 tibi
554 4361 864 4438 transmittimus
898 4365 1082 4438 &usum
1111 4359 1199 4467 ejus
1228 4361 1271 4438 in
1301 4359 1602 4467 praenominatis
1631 4386 1653 4436 a
1683 4356 1904 4465 praedeces-

106 4493 196 4548 sore
231 4473 344 4576 Papa
373 4469 485 4550 festis
518 4469 752 4550 habendum
772 4471 855 4549 'tibi
886 4477 925 4550 ἃ
954 4471 1141 4550 omnibus
1170 4473 1249 4550 tuis
1277 4469 1574 4552 successoribus
1603 4485 1804 4576 perpetuo
1833 4469 1903 4552 de·

105 4580 329 4676 cernimus,
358 4588 396 4661 Sc
425 4581 468 4660 in
497 4582 631 4661 omnia
661 4580 854 4688 praedicta
883 4609 1010 4688 regna
1037 4597 1096 4677 te,
1124 4583 1211 4662 vice
1228 4598 1379 4678 nostra,
1395 4583 1591 4690 Legatum
1607 4582 1901 4662 constituimus.

105 4687 311 4798 Deinceps
340 4719 436 4770 vero
466 4690 623 4770 nullum
653 4685 1061 4801 Archiepiscoporum
1090 4693 1153 4772 vel
1184 4676 1466 4773 Coloniensem
1494 4690 1558 4770 vel
1587 4690 1710 4772 alium
1731 4685 1902 4802 quemli-

105 4795 192 4897 bet,
223 4801 271 4880 in
301 4818 433 4882 vestra
462 4801 633 4883 dioeoesi·
653 4802 777 4884 ullam
804 4804 883 4885 sibi
910 4801 1126 4884 vendicare
1156 4802 1408 4884 decernimus
1437 4817 1696 4912 potestatem,
1718 4805 1902 4914 quinimo

12 5007 13 5012 Ν
106 4912 306 5021 &ipsius
332 4919 371 4992 ἃ
399 4915 494 5022 ipsis
523 4919 562 4994 Sc
590 4913 778 5014 omnibus
807 4916 974 4995 omnino
1002 4914 1215 4995 suademus
1244 4913 1470 4996 cultoribus
1499 4941 1603 4995 verae
1631 4915 1839 5023 religionis
1854 4933 1901 4996 ut
1980 4973 1983 4982 ,

12 5053 13 5124 }
106 5020 361 5131 adjutorium
396 5031 434 5108 Sc
468 5025 611 5108 solatia
645 5025 761 5106 vobis
796 5029 840 5109 in
875 5025 1063 5108 omnibus
1098 5024 1399 5123 administrent,
1434 5042 1636 5138 quatenus
1664 5054 1741 5135 pro
1769 5029 1899 5135 gratia
