4404 5960
685 289 701 340 t

835 495 900 519 ....
1003 397 1090 560 '375
1156 479 1258 520 ψ..
1375 497 1385 506 .

177 673 321 758 retiam
349 697 398 752 ac
424 668 653 754 libertatem
681 673 779 783 ipsis
806 671 1089 773 concedentes,
1117 669 1307 784 videlicet
1334 689 1382 753 ut
1409 671 1531 758 iidem
1559 677 1671 756 omni
1698 672 1807 784 jure,
1835 677 1947 786 qvod

150 701 288 866 dilecti
316 783 442 893 patris
472 785 603 866 nostri
629 808 877 894 suorumqve
919 780 1259 891 praedecessorum
1300 799 1484 893 tempore
1526 785 1697 869 feliciter
1738 787 1802 868 usi
1829 805 1948 887 sunt,

147 896 254 978 sicut
281 895 454 988 lllustris
481 896 647 978 Henrici
669 895 793 988 Ducis
820 894 1060 977 Brunswich
1089 893 1217 976 felicis
1245 897 1447 978 memoriae
1475 899 1705 1008 privilegia,
1731 895 1948 1006 jamdictis
1977 960 1981 968 ι
2026 939 2032 950 κ

76 1033 83 1046 ’
148 1008 316 1092 Civibus
343 1034 467 1116 super
494 1005 634 1088 eadem
668 1006 855 1089 libertate
882 1007 1028 1088 collata
1070 1008 1301 1103 continent,
1342 1023 1544 1117 perpetuo
1579 1009 1705 1091 libere
1734 1009 1949 1118 perfruan-

148 1134 228 1200 tur.
256 1121 309 1200 Et
336 1111 383 1200 u't
398 1119 496 1200 ‘hee
523 1117 691 1200 donatio
720 1134 859 1202 nostra
892 1105 1048 1199 stabilis
1076 1124 1116 1199 8r
1143 1119 1382 1200 inconvulsa
1422 1123 1656 1228 perenniter
1697 1139 1946 1229 perseveret,

149 1246 386 1339 praesentem
415 1229 675 1332 charticulam
705 1257 797 1312 cum
824 1230 1048 1339 sigillorum
1077 1247 1309 1313 nostrorum
1338 1233 1558 1314 munimine
1593 1230 1782 1314 duximus
1822 1235 1947 1318 robo-
1977 1325 1985 1348 ι

149 1339 329 1425 randum.
359 1342 461 1422 Acta
489 1355 586 1422 suut
612 1339 699 1423 haec
726 1367 835 1424 anno
864 1343 1025 1424 Domini
1053 1341 1336 1425 M⁰.cc·.1.v⁰.
1364 1345 1484 1426 tertio
1513 1341 1611 1425 Idus
1638 1343 1760 1424 lunii.

156 1727 288 1858 426.
791 1731 942 1838 1255
989 1730 1055 1894 d.
1091 1731 1159 1852 18
1207 1732 1325 1838 Jun.

233 1949 314 2012 am.
334 1950 417 2014 ans
439 1949 478 2014 aa
497 1949 508 2012 a
528 1951 706 2034 amapng
726 1951 902 2036 auamug
922 1953 971 2016 au
991 1905 1224 2038 rmauapa
1244 1953 1305 2016 oen
1325 1953 1438 2019 roma
1458 1949 1669 2036 peomne
1689 1959 1736 2016 aa
1754 1971 1836 2037 mg·
1856 1955 1946 2020 suun
2080 1919 2083 1928 ’

285 2033 329 2116 sig
350 2032 389 2096 de
410 2034 462 2096 vid
483 2037 580 2100 miitet
600 2037 611 2098 i
631 2036 807 2120 Sleuniuge
827 2035 865 2098 dr
890 2031 967 2116 ¹²43
986 2036 1072 2119 gilae
1092 2035 1216 2118 stadgar
1236 2037 1285 2100 till
1305 2037 1518 2102 cucumae.

1601 2149 1809 2216 kanna

318 2288 575 2370 Lauaaucws
604 2287 671 2370 dei
698 2288 834 2398 mucia
861 2288 1106 2396 lincopensis
1148 2289 1374 2402 episcopus.
1406 2287 1573 2368 Dilectis
1600 2288 1642 2368 in
1672 2286 1825 2368 christo
1854 2288 1945 2371 filiis

149 2393 259 2478 clero
288 2403 328 2478 8ι
356 2399 511 2508 populo
540 2398 775 2507 guthlandia
802 2399 1042 2480 constitutis.
1071 2399 1241 2511 salutem
1274 2405 1318 2484 in
1346 2401 1526 2481 onmium
1540 2400 1753 2480 saluatore.
1783 2401 1946 2482 Nemini

149 2506 320 2592 dubium
349 2512 567 2592 auotoritas
597 2512 791 2593 canonica
821 2509 1076 2622 derelinquid
1104 2513 1206 2622 quin
1234 2513 1460 2625 legatorum
1488 2503 1710 2621 apostolice
1730 2509 1835 2592 sedis
1863 2525 1944 2593 sta·

148 2636 239 2701 tuta
267 2622 374 2703 edita
402 2623 445 2702 in
474 2622 687 2731 prouincia
714 2623 793 2704 sibi
821 2623 1028 2703 commissa
1058 2622 1208 2732 durent
1249 2640 1451 2736 tamquam
1494 2639 1694 2816 perpqtua
1723 2622 1818 2704 licet
1846 2649 1945 2704 ean·

149 2730 241 2814 dem
270 2735 528 2843 postmodum
557 2752 651 2816 sunt
678 2737 837 2844 egressi.
866 2737 968 2817 Cum
998 2738 1125 2843 igitur
1150 2735 1394 2819 venerabilis
1422 2750 1540 2844 pater

150 2847 341 2926 memorie
369 2847 591 2928 sabinensis
619 2848 831 2956 episcopus
860 2847 1079 2954 apostolice
1097 2847 1212 2954 ¹sedis
1241 2850 1395 2960 legatus
1422 2873 1529 2932 anno
1550 2844 1704 2926 domini
1732 2845 1943 2927 millesimo

149 2954 423 3039 ducentesimo
450 2954 760 3070 quadragesimo
792 2959 962 3066 septimo
988 2956 1084 3039 dum
1122 2961 1164 3040 in
1193 2987 1320 3069 regno
1372 2959 1516 3040 swecie
1544 2957 1763 3068 legacionis
1804 2956 1943 3037 officio

149 3064 388 3178 fungeretur
417 3086 461 3150 vt
489 3097 620 3152 mores
648 3074 689 3149 8<
716 3071 840 3150 uitam
868 3070 1090 3178 corrigeret
1103 3070 1368 3152 sacerdotum.
1399 3088 1480 3151 tam
1499 3071 1542 3150 in
1570 3067 1755 3178 partibus
1782 3069 1941 3149 vestris.
2011 3161 2014 3168 .

148 3208 269 3290 quam
299 3181 342 3260 in
372 3181 542 3290 singulis
570 3181 657 3261 aliis
691 3181 853 3291 legacie
868 3207 939 3294 sue
967 3181 1146 3261 terminis
1174 3197 1324 3263 statuta
1340 3179 1512 3263 ediderit
1540 3181 1591 3261 ab
1619 3180 1806 3261 omnibus
1833 3180 1942 3260 inui-

147 3291 351 3374 olabiliter
378 3291 646 3375 obseruanda.
674 3308 998 3403 quorumtenor¹
1026 3290 1242 3404 diligenter
1272 3292 1409 3375 *furerat
1436 3293 1479 3371 in
1508 3290 1674 3399 publico
1710 3291 1844 3399 sepius
1871 3318 1942 3399 ex·

114 3399 349 3512 ¹planatus.
379 3431 453 3484 nos
481 3404 628 3483 horum
655 3419 899 3485 statutorum
917 3397 1111 3510 ¹uestigiis
1154 3403 1384 3486 inherentes
1427 3404 1591 3484 firmiter
1619 3401 1847 3483 inhibemus
1890 3429 1942 3484 ne

76 3612 83 3626 Ι
146 3512 401 3604 sacerdotum
432 3515 657 3604 concubine
685 3515 750 3596 uel
778 3542 919 3596 eorum
946 3513 1021 3622 filij
1049 3515 1121 3623 qui
1149 3532 1241 3623 post
1269 3516 1550 3624 prenominata
1569 3513 1654 3594 neti
1668 3529 1764 3594 sumt
1791 3529 1943 3594 statuta

1631 2733 1805 2816 illelmus
1833 2733 1943 2815 bone
2055 2741 2064 2760 ‘

146 3626 215 3708 uel
242 3630 366 3708 eciam
382 3624 655 3736 =postmodum
682 3628 877 3708 nascituri
906 3644 998 3732 post
1025 3641 1196 3706 mortem
1224 3627 1445 3710 sacerdotis
1472 3623 1526 3707 ad
1561 3651 1741 3705 mansum
1775 3623 1940 3706 ecclesie
2069 3684 2071 3698 .

146 3765 270 3849 super
298 3739 502 3852 aliquibus
531 3737 768 3819 ordinandis
804 3737 925 3816 rebus
952 3735 1022 3816 uel·
1065 3734 1330 3845 disponendis
1371 3751 1603 3847 presumant
1633 3733 1824 3817 accedere
1865 3761 1941 3818 nec

146 3852 367 3962 quicquam
395 3849 622 3960 perciplant
660 3848 712 3928 ab
741 3851 931 3929 intestato
960 3845 1010 3928 de
1039 3847 1116 3928 hiis
1158 3877 1238 3959 que
1282 3851 1468 3940 sacerdos
1503 3848 1568 3927 uel
1606 3845 1772 3926 ecclesia
1800 3849 1941 3928 mortis

136 3982 330 4071 ,tempore
358 3959 600 4072 possidebat.
636 3961 892 4069 Quicumque
922 3978 1056 4042 autem
1084 3957 1240 4070 aliquid
1269 3958 1513 4048 coutra'hec
1532 3957 1822 4068 presumpserit
1849 3957 1939 4066 ipso

145 4075 256 4159 facto
298 4069 726 4156 excommunicacionis
767 4071 1009 4152 sentenciam
1058 4099 1100 4154 se
1141 4073 1305 4154 nouerit
1338 4071 1562 4153 incurrisse.
1620 4071 1696 4148 Per
1725 4083 1939 4150 testamen·

145 4205 234 4270 tum
263 4195 397 4266 autem
425 4184 532 4267 licite
555 4202 727 4293 possunt
759 4182 986 4266 sacerdotes
1029 4186 1268 4295 cuicumque
1313 4183 1515 4264 voluerint
1562 4178 1760 4288 delegare.
1802 4179 1940 4289 siquid

144 4286 287 4382 mortis
315 4314 498 4405 tempore
526 4294 734 4404 possident
762 4322 813 4376 ex
841 4291 1074 4375 hereditate.
1102 4295 1167 4376 uel
1199 4293 1378 4376 artificio
1408 4310 1479 4376 aut
1518 4288 1715 4372 doctrina.
1744 4317 1815 4372 seu
1857 4293 1938 4372 eci·

139 4393 212 4492 'am
246 4407 356 4489 dono
398 4410 455 4514 eis
498 4405 606 4487 sacto
649 4405 997 4514 contemplacione
1033 4434 1118 4486 non
1159 4399 1324 4487 ecclesie
1365 4422 1426 4487 set
1468 4431 1649 4512 persone.
1679 4403 1938 4518 precipimus

142 4548 311 4653 quoque
339 4517 384 4626 jn
411 4520 589 4630 nomine⁸
603 4517 716 4599 ihesu
745 4517 896 4598 christi.
925 4524 965 4598 ἃ
992 4518 1034 4597 in
1062 4519 1215 4598 uirtute
1244 4515 1480 4599 obediencie
1510 4513 1686 4596 districte
1702 4505 1936 4596 mandamus
1951 4615 1969 4643 κ
2037 4519 2040 4530 “
2088 4537 2095 4544 ·

142 4629 314 4742 siugulis
343 4627 557 4739 prepositis
580 4631 740 4713 nostris.
769 4645 814 4708 vt
843 4631 919 4738 ipsi
948 4631 1180 4710 continuam
1210 4615 1430 4710 adhibeant
1458 4622 1770 4708 sollicitudinem
1798 4631 1838 4706 8a
1865 4654 1936 4706 cu·

141 4773 233 4829 ram
262 4743 494 4848 diligentem
522 4769 573 4826 ne
601 4741 699 4851 quid
730 4757 872 4823 contra
900 4742 975 4822 hec
1004 4741 1070 4821 uel
1098 4739 1173 4821 alia
1198 4737 1352 4821 domini
1373 4737 1594 4822 sabinensis
1622 4750 1772 4819 statuta
1786 4756 1935 4819 temere

142 4855 197 4940 ab
227 4853 427 4964 aliquibus
456 4868 729 4962 attemptetur.
760 4854 908 4936 Datum
938 4880 1045 4934 anno
1074 4849 1229 4935 domini
1256 4851 1536 4962 M⁰.CC·.LV⁰.
1564 4844 1630 4931 die
1666 4847 1777 4953 lune·
1796 4849 1935 4962 proxi·
2010 4840 2013 4855 '

139 4997 207 5052 ma
236 4983 329 5054 ante
360 4964 505 5054 festum
532 4965 662 5045 sancti
689 4961 876 5072 johannis
903 4965 1089 5075 baptiste.
1637 4983 1649 4990 ·

205 5109 253 5174 Pa
274 5097 447 5172 nannum
468 5094 553 5192 maed
574 5106 629 5170 lilii
651 5105 895 5170 concubinarum
917 5126 980 5170 non
1000 5104 1220 5168 hereditabunt
1240 5115 1351 5191 patres.
1372 5103 1492 5189 sigillet
1512 5105 1561 5171 till
1580 5103 1634 5170 dat
1653 5112 1751 5170 mesta
1770 5099 1872 5166 bom.
