4370 5950
819 427 890 506 '‘‚
996 381 1068 487 149
1183 425 1240 446 ...

83 625 87 629 ’Ὺ
150 647 267 716 121.
375 637 441 656 ··
744 648 753 659 ·
959 609 1124 722 1'203.
1200 713 1215 732 ,

212 828 347 974 Kolnupg
379 833 566 896 wamiam
594 785 865 896 Wituaurnssons
893 813 1083 895 bekrtiftelse
1117 833 1157 917 pt
1188 831 1292 894 Lunds
1313 833 1507 916 Domliyrlias
1524 822 1768 920 'erhdllna'gods
1788 839 1848 904 och
1869 841 1930 914 tat·

289 935 365 974 cer.

1654 1029 1687 1083 B.
1708 1045 1736 1084 t:
1757 1035 1795 1087 15.
1883 1061 1891 1070 -

295 1164 559 1268 Confirmocio
588 1163 821 1266 libertatum
848 1183 887 1244 ct
912 1166 1175 1244 ιιίοηαοιόιιιιιη
1191 1155 1355 1244 ¹ecclesio
1385 1164 1582 1246 lundensis
1603 1198 1679 1276 por
1694 1169 1757 1247 W
1753 1170 1927 1252 aldema-

329 1304 420 1354 rum
449 1279 608 1380 Regem.
703 1283 704 1286 ’

294 1417 345 1494 In
373 1420 536 1497 nomine
565 1435 699 1499 sancte
726 1437 768 1499 et
794 1417 1004 1500 indiuidua
1035 1421 1223 1501 trinitatis
1253 1423 1340 1528 Ego
1370 1419 1662 1502 Waldemarus.
1692 1423 1798 1532 regis
1826 1425 1927 1504 wal·

127 1528 283 1610 demari
312 1526 427 1606 filius.
458 1556 530 1636 per
561 1528 625 1609 dci
654 1531 827 1636 graciam
856 1548 897 1611 et
926 1530 1246 1638 disposicionem.
1278 1531 1391 1638 regni
1420 1529 1620 1612 danorum
1655 1534 1928 1616 monarchiam
1981 1599 1995 1608 .
2040 1551 2046 1559 ’

135 1659 281 1719 tenens.
345 1638 447 1750 Cum
484 1638 661 1719 sederem
699 1640 742 1720 in
777 1642 890 1721 sollo.
927 1643 970 1749 jn
1008 1644 1170 1721 ciuitate
1201 1641 1466 1722 lundensium.
1495 1670 1576 1751 que
1606 1661 1665 1724 cst
1693 1647 1928 1751 metropolis
2044 1663 2046 1666 ’

129 1751 257 1834 danie.
306 1777 382 1856 pro
410 1747 688 1857 disponendis
732 1752 1032 1860 prouinciarum
1076 1754 1263 1858 negociis.
1293 1752 1474 1860 jutellexr
1504 1770 1545 1832 et
1572 1756 1746 1860 cognoui
1774 1753 1930 1838 bonum

134 1890 219 1942 esse.
269 1879 317 1940 et.
337 1861 609 1941 ecclesiasticis
637 1862 876 1944 utilitatibus
917 1864 1182 1943 necessarium
1211 1862 1262 1943 ad
1291 1864 1487 1942 cautelam
1517 1861 1755 1943 futurorum.
1786 1863 1929 1971 predia

133 1973 203 2054 deo
239 1973 388 2054 collata
424 1989 463 2051 et
501 1972 690 2053 annuales
728 2001 869 2055 census
898 1991 1019 2082 atque
1047 1974 1337 2080 possessiones.
1357 1976 1467 2082 regia
1496 1974 1772 2055 munificencia
1801 1973 1929 2057 dona-

14 2131 18 2136 ·
131 2103 188 2165 tas
229 2112 254 2162 a
291 2084 440 2162 nostris
476 2084 806 2166 antecessoribus.
844 2085 955 2193 regia
990 2086 1168 2164 tuicione
1195 2087 1344 2164 muniri
1373 2102 1413 2165 et
1441 2086 1667 2174 municione
1695 2085 1811 2167 tueri.
1870 2089 1929 2170 Vt

132 2211 266 2275 nostra
304 2197 470 2302 quoque
506 2193 815 2276 confirmacione
843 2212 883 2275 et
905 2197 1145 2276 testimonio.
1177 2196 1396 2303 suscipiant
1423 2195 1649 2276 firmitatem
1678 2217 1928 2304 perpetuam.
2024 2277 2031 2285 .

131 2333 206 2416 que
249 2333 326 2412 per
368 2331 481 2409 reges
517 2304 714 2413 gloriosos
749 2325 1021 2386 antecessores
1057 2323 1216 2398 nostros
1259 2305 1492 2413 legittimam
1535 2323 1576 2385 et
1604 2306 1929 2414 inrefragabilem

131 2413 352 2497 secundum
395 2415 502 2521 leges
545 2418 661 2524 regni
705 2433 970 2525 susceperunt
1007 2415 1269 2498 donacionem
1306 2417 1449 2497 Sancte
1477 2417 1602 2524 igitur
1631 2419 1822 2498 memorie
1855 2448 1930 2504 rex
1977 2425 1993 2532 ¹.

129 2526 317 2607 kanutus.
351 2525 465 2606 cuius
494 2527 733 2607 venerandis
762 2527 943 2637 reliquiis
974 2526 1174 2610 leonensis
1204 2527 1381 2608 ecclesia.
1411 2528 1543 2608 immo.
1573 2529 1698 2608 totius
1726 2532 1841 2635 regni
1856 2531 1930 2614 da·

128 2663 276 2719 norum
307 2633 520 2718 decoratur
548 2637 784 2748 amplitudo.
842 2640 894 2717 ln
924 2641 1086 2720 ciuitate
1116 2638 1308 2747 predicta.
1339 2636 1415 2719 deo
1445 2653 1485 2718 et
1513 2657 1650 2720 sancto
1672 2641 1827 2718 martiri
1842 2641 1929 2722 lau·

129 2751 280 2850 reneio,
316 2750 603 2830 monasterium
637 2751 821 2831 instituit.
854 2749 993 2858 predia
1022 2769 1066 2852 et
1090 2751 1356 2858 possessiones
1385 2747 1562 2831 donauit.
1592 2749 1756 2832 donata.
1787 2771 1927 2834 aucto·

127 2863 244 2940 ritate
288 2859 417 2966 regali
453 2859 664 2941 roborauit
699 2863 750 2940 Et
784 2887 833 2940 ex
870 2858 1038 2942 donatis.
1071 2861 1378 2968 preposituram.
1408 2878 1451 2939 et
1479 2888 1629 2941 nouem
1658 2861 1926 2946 sacerdotales

127 2968 368 3080 prebendas.
401 2998 492 3050 cum
521 2973 722 3050 scolarum
752 2970 947 3050 beneficio
976 2973 1192 3051 constituit.
1251 2971 1364 3050 Jtem.
1396 2969 1446 3050 de
1475 2972 1641 3051 annuali
1671 2999 1792 3052 censu
1820 2973 1926 3052 eius-

128 3081 225 3168 dcm‘
247 3083 436 3161 ciuitatis.
465 3083 537 3191 q'ui
566 3109 615 3163 ex
644 3084 812 3191 antiqua
840 3081 1130 3162 consuetudine
1159 3108 1236 3189 pro
1266 3083 1365 3161 areis
1396 3077 1484 3160 dari
1499 3084 1600 3161 solet
1614 3083 1758 3186 viginti
1773 3101 1926 3191 septem

127 3221 293 3273 marcas.
337 3193 382 3299 jn
426 3191 561 3274 dotem
590 3210 631 3271 et
660 3192 897 3301 desponsale
926 3192 1103 3273 ecclesie·
1119 3208 1407 3299 prememorate
1435 3193 1549 3272 annis
1578 3193 1746 3298 singulis
1775 3192 1924 3300 perdo·

127 3307 252 3385 nauit.
314 3307 367 3382 Et
394 3305 436 3382 in
463 3302 528 3384 die
557 3300 824 3384 dedicacionis
854 3331 986 3382 coram
1014 3302 1149 3384 multis
1178 3321 1218 3382 et
1246 3301 1485 3382 venerandis
1502 3302 1693 3384 testibus.
1724 3304 1925 3412 episcopis

125 3432 164 3494 et
192 3414 430 3522 presbiteris
463 3414 570 3493 illius
598 3416 802 3522 temporis.
832 3414 1059 3493 stabulariis
1088 3431 1128 3492 et
1157 3412 1291 3492 multis
1318 3411 1526 3494 nobilibus
1554 3410 1710 3492 diuerse
1740 3417 1854 3494 etatis
1882 3431 1923 3496 et

124 3524 295 3606 ordinis.
353 3521 431 3602 deo
460 3523 629 3632 preside.
659 3523 890 3605 eternaliter
918 3526 1122 3606 stabiliuit.
1189 3527 1388 3605 Pretcrea.
1413 3525 1462 3605 de
1478 3525 1665 3606 omnibus
1679 3527 1806 3604 terris.
1823 3553 1924 3633 quas

122 3635 202 3716 deo
240 3654 284 3716 et
320 3636 496 3744 glorioso
533 3636 689 3715 martiri
724 3637 928 3715 laurencio
963 3633 1085 3716 dedit.
1123 3662 1278 3714 omnem
1317 3637 1468 3742 regiam
1502 3635 1700 3742 justiciam
1730 3635 1924 3718 fratribus
1988 3643 1993 3654 ’

124 3746 226 3827 inibi
258 3776 336 3854 pro
365 3763 556 3854 tempore,
587 3745 664 3829 deo
679 3743 965 3846 famulantibus
981 3748 1179 3853 perpetim
1195 3747 1347 3824 annuit.
1364 3746 1420 3852 jta
1435 3765 1481 3825 ut
1495 3749 1537 3825 in
1551 3762 1749 3853 potestate
1765 3749 1816 3827 sit
1830 3772 1926 3853 pre·

119 3859 246 3963 positi
277 3875 585 3966 ceterorumque
613 3856 784 3936 fratrum
814 3853 1016 3964 quidquid
1045 3883 1161 3936 cause
1190 3859 1406 3938 emerserit.
1421 3859 1551 3940 tribus
1567 3856 1766 3936 duntaxat
1779 3884 1924 3964 excep·

120 3970 181 4049 tis.
246 3969 338 4050 Hoc
367 3986 437 4049 est.
467 3968 623 4077 siquis
651 3969 890 4054 colonorum
919 3983 1032 4047 extra
1062 3995 1201 4074 pacem
1229 3966 1348 4046 fuerit
1378 3971 1543 4074 positus.
1560 3996 1698 4074 pacem
1714 3996 1735 4046 a
1750 3995 1845 4073 rege
1860 3993 1924 4047 re·

120 4077 262 4162 dimat.
294 4080 567 4161 substanciam
599 4077 694 4158 eius.
733 4079 965 4185 prepositus
995 4095 1036 4156 et
1070 4077 1213 4158 fratres
1244 4077 1389 4158 tollant
1417 4080 1530 4158 Jtem.
1559 4081 1591 4157 si
1607 4076 1920 4184 expedicionem.

120 4189 405 4298 predictorum
434 4189 637 4299 quispiam
666 4188 897 4297 neglexerit.
929 4215 1024 4296 erga
1053 4217 1188 4296 regem
1217 4190 1404 4271 emendet
1434 4192 1569 4299 Equos
1598 4186 1808 4266 reddarios
1836 4216 1924 4268 non

119 4301 232 4381 dent.
274 4296 363 4387 nisi.
382 4328 474 4381 cum
501 4325 574 4381 rex
602 4301 699 4405 ipse.
729 4300 902 4379 venerit.
954 4301 1037 4378 Nos
1057 4301 1205 4408 itaque.
1236 4300 1278 4378 in
1306 4299 1512 4381 reddenda
1540 4299 1764 4406 graciarum
1800 4300 1925 4381 actio·
2006 4315 2008 4320 ’

118 4439 171 4492 ne
188 4411 283 4516 deo.
300 4481 310 4500 ,.
328 4412 493 4519 eiusque
540 4410 724 4518 genitrici
753 4410 888 4490 marie.
918 4411 1157 4518 intemerate
1186 4411 1346 4517 virgini:
1376 4437 1561 4520 quorum
1577 4411 1708 4516 gracia
1738 4427 1779 4488 et
1807 4411 1927 4490 meri-

116 4523 181 4602 tis.
224 4551 307 4604 nos
334 4523 393 4602 ¹in
420 4521 627 4601 thronum
669 4535 832 4630 patrum
862 4550 1043 4602 meorum
1072 4521 1347 4602 conscendisse
1376 4521 1575 4602 credimus
1604 4536 1644 4612 et
1673 4522 1939 4600 confitemur.

115 4631 203 4714 Has
235 4660 379 4734 omnes
408 4631 653 4722 donaciones
681 4648 722 4713 et
750 4659 959 4714 causarum
987 4648 1220 4742 prouentus.
1251 4636 1354 4715 sicut
1381 4650 1538 4712 sanctus
1567 4629 1633 4709 ille
1662 4632 1834 4712 instituit
1863 4648 1925 4712 at·

113 4769 199 4853 que
245 4743 466 4848 ordinauit.
504 4759 597 4824 rata
637 4759 690 4824 ct·
720 4744 945 4838 inconwlsa
981 4771 1214 4851 permanere
1243 4744 1506 4824 decernimus.
1537 4759 1658 4852 atque
1687 4745 1926 4826 auctoritate

114 4855 234 4964 regia
272 4855 505 4942 solidamus.
561 4855 684 4939 Juxta
712 4853 823 4939 hunc
851 4861 1016 4968 quoque
1046 4855 1355 4965 priuilegiorum
1383 4875 1576 4938 tenorem.
1607 4881 1687 4962 que
1715 4855 1781 4934 uel
1811 4880 1926 4962 reges
