4382 5964
807 420 1223 527 ..ι-699...

131 649 418 802 769«-
529 595 535 603 ’
773 574 1314 810 assassinis
1470 614 1918 818 'sarsenatae

204 871 285 937 sm.
306 827 438 950 unna
458 875 470 936 a
490 819 665 956 eimanag
684 871 717 934 u
751 882 838 952 gan
858 824 1089 954 Kyrloherden
1122 871 1233 938 rm
1263 871 1334 972 aas
1364 869 1536 957 areisans
1555 871 1614 958 su
1650 873 1875 962 serapam„
1906 875 1919 934 r
2029 853 2035 860 ’
2066 871 2068 876 ’
2160 866 2163 871 ·

257 955 431 1042 solapius
453 955 549 1020 uuo
569 957 615 1020 en
634 956 728 1038 atra
752 967 783 1018 a
802 955 852 1020 uu
872 952 1057 1020 misaam
1556 1038 1582 1092 Α
1608 1035 1624 1090 s
1651 1055 1669 1092 0
1698 1051 1722 1093 n
1741 1038 1771 1108 ¹⁴

154 1256 157 1272 ,
281 1171 496 1274 vOmnibus
523 1200 688 1284 presens
714 1173 911 1282 scriptum
939 1170 1191 1282 inspecturis.
1220 1172 1419 1256 Henricus
1447 1170 1514 1254 dei
1541 1174 1679 1281 gracia
1707 1159 1917 1283 lincopen·
2001 1183 2006 1192 '

34 1289 38 1296 '
121 1282 175 1369 sis
204 1281 438 1392 Episcopus.
466 1285 636 1366 salutem
664 1287 708 1366 in
735 1282 912 1367 domino.
941 1285 1136 1364 Constare
1164 1284 1352 1364 volumus
1394 1284 1603 1365 euidenter
1646 1281 1758 1394 quod
1787 1279 1916 1366 domi·

119 1419 198 1478 nus
220 1393 412 1494 linwidus
441 1396 590 1478 Rector
616 1395 781 1477 ecclesie
808 1393 860 1478 de
903 1394 1125 1477 nessiohult
1158 1396 1203 1475 in
1228 1409 1365 1476 nostra
1407 1397 1617 1502 presencia
1657 1395 1914 1478 constitutus.

7 1581 10 1588 ,
121 1503 319 1616 quioquid
347 1506 447 1586 iuris
473 1505 618 1588 habuit
645 1507 690 1586 in
718 1503 922 1587 bildehult
950 1513 989 1588 &
1016 1504 1203 1587 omnibus
1231 1503 1353 1587 bonis¹
1385 1501 1605 1585 mobilibus
1633 1511 1672 1586 8ι
1701 1507 1917 1589 immobili·

120 1613 199 1699 bus
227 1612 280 1696 ad
308 1614 476 1698 eandem
503 1619 657 1699 curiam
684 1615 986 1727 pertinentibus
1031 1615 1322 1698 liberaliter&
1348 1643 1458 1710 mem
1500 1615 1674 1696 contulit
1702 1615 1756 1697 ob
1785 1618 1916 1702 anime

118 1754 192 1810 sue
219 1726 441 1810 remedium
478 1727 564 1812 sedi
607 1729 851 1838 lincopensis
879 1725 1055 1810 ecclesie.
1085 1727 1137 1809 ab
1166 1755 1215 1807 eo
1274 1728 1316 1807 ui
1344 1726 1472 1808 eidem
1496 1723 1582 1807 sedi
1609 1725 1808 1834 prefuerit
1821 1756 1916 1837 per·

121 1855 249 1948 petuo
278 1836 586 1948 possidendum·
637 1839 867 1950 Nepotibus
894 1855 1030 1922 umen
1073 1840 1154 1920 suis
1201 1756 1389 1918 videlicet
1433 1837 1593 1938 simoni
1635 1839 1677 1918 &
1705 1837 1915 1922 wimundo

121 1947 320 2059 quamdiu
347 1969 443 2033 sunt
470 1949 653 2044 chorales
680 1949 924 2058 lincopensis
953 1949 1123 2032 ecclesie.
1145 1946 1199 2030 ad
1227 1949 1417 2030 uestitum
1445 1953 1486 2030 8ι
1513 1947 1775 2031 calciamenta
1819 1949 1917 2032 assi·

122 2061 268 2170 gnauit
296 2059 402 2141 hona
435 2059 630 2170 predicta.
657 2061 714 2166 Vt
746 2061 873 2171 igitur
900 2062 976 2142 ista
1005 2057 1177 2142 donacio
1205 2074 1444 2170 perpetuam
1472 2058 1655 2168 optineat
1674 2058 1914 2164 firmitatem.

1 2213 3 2220 >
121 2169 265 2280 sigillis
292 2170 611 2281 subscriptarum
641 2197 932 2283 personarum·
945 2171 1138 2253 uidelicet
1166 2167 1319 2252 domini
1334 2169 1564 2280 Hegmundi
1578 2171 1776 2281 prepositi
1804 2169 1916 2254 Wis·
2036 2226 2040 2232 -

121 2279 300 2384 biensis.
349 2280 504 2364 domini
532 2282 653 2365 Olaui
682 2282 821 2367 militis
848 2280 948 2365 dicti
973 2310 1087 2393 gren.
1118 2285 1158 2361 &
1186 2279 1341 2363 domini
1381 2280 1545 2362 beronis
1587 2279 1638 2362 de
1679 2281 1816 2382 husbir
1844 2279 1916 2393 qui

117 2408 330 2504 presentes
358 2391 537 2476 fuerunt.
566 2421 647 2477 vna
675 2421 768 2476 cum
797 2409 951 2476 nostro.
980 2409 1186 2502 presentes
1215 2392 1368 2474 litteras
1396 2391 1529 2474 uoluit
1556 2395 1806 2475 communiri.
1836 2397 1917 2475 Da·

118 2517 207 2588 tum
223 2509 263 2585 &
276 2518 408 2586 actum
424 2520 525 2616 aput
538 2511 688 2587 Accom
718 2507 839 2588 Anno
861 2503 1014 2586 domiui
1028 2503 1459 2586 M⁰.CC⁰LXXX‘III⁰.
1473 2503 1621 2614 quinto
1635 2502 1715 2585 kal.
1731 2505 1917 2616 Augusti.

301 2719 305 2729 ,
398 2716 401 2722 ,
448 2709 449 2714 ,
516 2709 518 2716 ,
621 2643 670 2712 Pa
690 2643 866 2742 dissidens
886 2643 926 2709 de
946 2642 1103 2711 bildehult
1124 2645 1207 2708 circs
1226 2641 1409 2708 nudabult.
1453 2631 1455 2641 ἱ

390 2753 522 2822 semar
541 2753 605 2824 och
624 2757 753 2846 kosppe
780 2755 970 2822 divmlefvor
990 2765 1047 2822 tro
1067 2777 1145 2843 (par
1165 2756 1244 2824 ester
1265 2773 1335 2824 aare
1355 2757 1531 2824 undersotte
1552 2759 1644 2843 sigili.

116 3075 266 3194 .77,0··
761 3040 1269 3189 1283d·1'Aug·
1375 3111 1379 3118 ·
1536 3001 1549 3150 .’
1738 3039 1910 3151 Lund.

198 3256 407 3342 nieman.
428 3217 587 3324 sams
607 3259 699 3323 uuna
719 3259 915 3326 Testamenta
936 3261 975 3326 n
990 3260 1144 3345 ausuaga
1180 3259 1312 3344 godar,
1333 3259 1455 3326 issara
1489 3261 1550 3326 och
1580 3263 1751 3358 pisingas
1771 3261 1820 3327 sn
1861 3264 1912 3330 a·

218 3457 221 3461 ¹
248 3343 419 3425 namugo
439 3341 501 3407 och
521 3345 700 3426 namngttne
719 3361 876 3430 personer.
1618 3417 1649 3483 a
1670 3445 1693 3482 ι.
1716 3427 1774 3499 164
1893 3401 1895 3406 ,

283 3561 495 3644 evadato
522 3581 570 3644 ec.
589 3565 744 3648 aenea
786 3566 930 3646 attare
968 3567 1078 3647 beati
1117 3569 1313 3648 omenta
1342 3537 1420 3679 pir
1454 3565 1654 3647 omnam
1694 3569 1911 3676 aequm

313 3674 637 3757 mcliida-'aeonum
663 3701 753 3756 cum
779 3704 850 3757 suo
877 3679 1161 3758 mmdoersartb.
1783 3679 1789 3696 “

18 3892 24 3907 ,
279 3819 331 3898 Jn
358 3819 521 3900 nomine
548 3817 676 3930 patris
704 3831 746 3899 et
774 3815 846 3900 filii
875 3835 918 3900 et
945 3819 1114 3928 spiritus
1143 3821 1273 3901 sancti
1300 3823 1426 3900 Amen
1456 3821 1544 3930 Ego
1581 3820 1784 3932 haquinus
1814 3819 1907 3904 lun-

110 3925 247 4014 densis
274 3927 596 4012 archidiaconus
624 3955 744 4012 sanus
771 3944 905 4011 mente
934 3945 975 4011 et
1001 3951 1185 4039 corpore.
1211 4009 1212 4012 a
1237 3927 1454 4039 diligenter
1487 3921 1702 4012 aduertens
1730 3929 1924 4014 humano

109 4043 251 4151 generi
278 4040 402 4125 nichil
431 4053 563 4123 morte
590 4035 739 4124 certius
766 4055 808 4122 et
835 4039 959 4121 nichil
988 4041 1180 4122 incertius
1208 4039 1308 4121 hora
1350 4039 1502 4122 mortis.
1551 4041 1734 4152 Jdeoque
1776 4045 1907 4125 anime

108 4177 199 4234 mee
227 4150 447 4262 prouidere
482 4147 711 4234 deliberans
745 4147 797 4233 dc
828 4149 949 4232 bonis
991 4151 1090 4232 mihi
1118 4177 1140 4251 a
1169 4145 1248 4232 deo
1275 4150 1473 4231 concessis
1500 4167 1782 4234 testamentum
1825 4180 1906 4235 me·

108 4289 180 4344 um
217 4280 259 4346 et
285 4261 468 4362 vltimam
496 4247 748 4346 voluntatem
776 4260 910 4342 condo
939 4277 980 4342 et
1008 4259 1156 4344 ordino
1185 4263 1228 4360 in
1255 4260 1364 4342 hunc
1392 4261 1556 4346 modum
1585 4263 1635 4344 Jn
1670 4265 1821 4373 primis.
1854 4263 1905 4346 de
2030 4287 2054 4360 ᾗ

107 4399 311 4456 consensu
352 4371 594 4457 dilectorum
627 4372 802 4454 fratrum
842 4397 1023 4455 meorum
1065 4371 1322 4456 dominorum
1355 4371 1512 4457 scilicet
1543 4376 1739 4484 prepositi
1766 4391 1808 4454 et
1835 4373 1905 4457 de-

106 4482 203 4566 cani
230 4499 272 4567 et
297 4487 425 4568 totius
452 4483 658 4568 lundensis
686 4481 867 4593 capituli.
904 4483 1011 4595 eligo
1038 4483 1289 4592 sepulturam
1317 4480 1368 4563 in¹
1389 4481 1554 4584 ecclesia
1575 4483 1684 4566 beati
1711 4485 1905 4567 laurencii
1980 4491 2028 4574 “,·

105 4591 277 4681 inferius
305 4597 417 4679 iuxta
443 4593 606 4707 gradus.
634 4609 730 4678 ante
746 4595 873 4677 altare
901 4593 1010 4677 beati
1038 4591 1241 4678 vincencii‘
1254 4595 1439 4679 martiris.
1467 4591 1519 4677 Et
1546 4591 1600 4677 ad
1626 4595 1822 4678 honorem
1836 4587 1904 4680 dei
2042 4594 2045 4600 ’

106 4719 152 4788 et
178 4721 313 4788 sancte
329 4707 498 4815 virginis
519 4710 658 4792 matris
685 4706 772 4790 cius
799 4731 846 4787 ac
874 4731 1056 4788 meorum
1084 4705 1127 4788 iu
1154 4703 1426 4788 remissionem
1440 4704 1682 4789 delictorum
1693 4704 1746 4789 ad
1773 4708 1900 4790 altare

106 4813 286 4926 eiusdem
311 4817 440 4903 sancti
465 4819 642 4900 martiris
668 4813 917 4900 sacerdotem
945 4817 1125 4900 instituo.
1150 4830 1195 4898 et
1226 4815 1336 4899 bona
1378 4843 1458 4929 qne
1499 4813 1689 4928 possideo
1716 4817 1760 4898 in
1786 4817 1900 4901 hem·

105 4923 378 5037 minxdyngae.
392 4924 561 5010 'scilicet
592 4925 631 5008 X
662 4927 912 5040 quadrantes
939 4946 1059 5012 terre.
1090 4926 1223 5010 locum
1258 4921 1485 5040 molendiuj
1518 4929 1632 5010 iuxta
1657 4928 1789 5039 ripam
1816 4955 1899 5012 ma·

107 5038 166 5123 ris
199 5055 241 5124 at
266 5053 446 5153 mutuor
485 5033 636 5124 fundos
676 5063 769 5134 cum
812 5034 1000 5126 domibus
1026 5055 1070 5125 et
1096 5039 1327 5124 attinemiis
1364 5039 1449 5146 suis
1481 5056 1522 5124 et
1548 5039 1806 5126 estimocionc
1831 5039 1907 5124 tri·
