4362 5946
984 471 1040 493 -
1150 415 1229 510 aaa
1340 435 1508 509 -·-·.

295 655 360 735 &c
387 651 469 732 filo
496 648 587 732 med
611 645 694 728 Nso
723 645 802 753 275
831 649 897 729 att
921 648 1045 728 uitam
1075 645 1266 760 eternam.
1338 649 1441 730 Cum
1484 647 1648 731 ecclesie
1690 649 1925 762 lincopensis
1958 655 2044 746 edili-

292 764 400 844 cium
428 777 509 843 tam
537 774 818 870 sumptuosum
845 759 898 838 sit
922 755 1036 870 quod
1064 759 1116 841 ad
1145 762 1207 841 sui
1240 757 1530 870 perfectionem
1557 788 1633 870 per
1672 755 1855 844 redditus
1881 763 1949 844 sibi
1975 771 2047 849 atti·

291 887 435 954 nentes
462 898 719 983 nequaqnam
748 865 931 950 sufficere
959 872 1096 980 possit.
1132 870 1406 980 Rogamus&
1435 869 1622 982 rogando
1637 871 1871 955 mandamns
1894 877 2051 985 quatinus

292 982 546 1092 presencium
559 1005 561 1010 ’
574 981 742 1063 latorem
774 978 954 1062 edituum
984 981 1154 1090 predicti
1194 1001 1502 1092 procuratorem
1552 983 1727 1095 benigne
1759 989 1818 1082 ¹Sa
1859 983 2050 1070 favorabili·
2143 959 2145 1014 l

192 1111 195 1119 “
293 1109 359 1174 ter
386 1093 586 1204 colligatis
620 1091 874 1174 &subditos
902 1107 1058 1173 vestros
1092 1107 1139 1173 ut
1181 1094 1312 1176 eidem
1338 1092 1497 1176 edificio
1527 1115 1689 1178 manum
1714 1097 1927 1206 ¹porrigant
1962 1096 2053 1179 adiu-

293 1205 437 1286 tricem
465 1207 661 1287 instanter
688 1202 895 1287 moneatis.
911 1204 1081 1285 scientes
1095 1201 1207 1316 qu'od
1224 1202 1412 1287 dominus
1429 1207 1641 1318 gregorius
1655 1235 1762 1317 papa
1776 1207 1884 1287 bone
1898 1210 2054 1290 memorie
2144 1241 2145 1264 ι

290 1313 494 1398 relaxanit
508 1316 768 1427 quatraginta
797 1315 881 1424 dies
895 1313 1221 1424 benefactoribus
1237 1316 1480 1426 lincopensis
1495 1318 1659 1398 ecclesie
1674 1316 1725 1398 de
1739 1319 1915 1399 iniuncta
1932 1320 1980 1398 eis
2003 1347 2056 1428 pe
2144 1349 2145 1376 ³

822 1425 1069 1508 ‘nnocentius
1098 1430 1219 1508 etiam
1248 1425 1615 1541 quatragintadies‚
1631 1425 2058 1510 Willelmussabinensis
2142 1387 2145 1528 l

250 1523 254 1526 ,
291 1425 477 1510 nitentia.
492 1427 679 1510 dominus
694 1450 801 1538 papa

294 1540 509 1650 episcopus
524 1537 744 1649 apostolice
758 1457 864 1620 sedis
879 1537 1034 1645 legatus
1049 1539 1232 1620 similiter
1261 1541 1519 1649 quatraginta
1535 1536 1630 1620 dies.
1659 1538 1744 1621 Nos
1758 1557 1894 1620 autem
1908 1538 1955 1620 de
1969 1542 2059 1620 mise·

252 1749 257 1752 ³
292 1648 481 1731 ricordia'
498 1649 653 1732 domini
681 1651 808 1731 nostri
836 1650 950 1731 ihesu
978 1647 1119 1731 christi
1147 1651 1298 1732 confisi.
1333 1652 1574 1732 auctoritate
1603 1649 1880 1843 apostolorum
1908 1651 2003 1760 petri
2031 1665 2062 1730 et
2103 1731 2106 1737 Δ
2144 1691 2145 1714 r

294 1759 419 1868 pauli.
437 1761 488 1842 dc
502 1761 684 1842 iniuncta
700 1761 921 1868 penitentia
935 1759 1204 1876 quadraginta
1221 1761 1305 1866 dies
1319 1762 1558 1858 relaxamus,
1574 1761 1626 1840 ab
1658 1789 1699 1840 as
1715 1762 1847 1843 autem
1861 1767 2059 1842 &conver

293 1883 363 1950 tus
377 1872 444 1952 stti
458 1875 622 1955 metoris
651 1872 865 1981 parisensis
894 1874 1090 1952 concessit
1133 1871 1274 1956 iisdem
1287 1871 1615 1954 benefactoribus
1630 1872 1792 1983 plenam
1808 1872 2064 1982 participarie-

293 2007 388 2064 nem
415 1985 595 2064 omnium
623 1984 825 2064 bonorum
854 2009 935 2094 que
964 1981 1068 2063 liunt
1095 1973 1139 2063 in
1170 1983 1355 2093 predicto
1370 1985 1625 2065 monasterio.
1640 2000 1722 2066 tam
1744 1985 1788 2064 in
1816 1985 1950 2094 capite
1963 2007 2063 2092 quan
2144 2039 2145 2078 q

290 2091 342 2174 'in
370 2093 569 2176 membris.
600 2110 646 2175 vt
661 2095 867 2176 annuatim
895 2094 1151 2175 celebrantur
1179 2095 1229 2174 X.
1260 2094 1368 2174 milia
1390 2096 1609 2176 missarum.
1645 2095 1967 2202 elemosynarum
2004 2117 2066 2201 que
2142 2151 2145 2246 ⁴

295 2203 354 2285 ibi
369 2203 472 2291 fiunt
485 2233 571 2289 non
585 2223 646 2289 est
660 2233 860 2287 numerus.
889 2207 1039 2286 Datum
1054 2233 1162 2292 anno
1178 2206 1468 2288 incarnationis
1482 2204 1635 2286 domini
1651 2205 1979 2289 atcuxmnt

878 2349 999 2432 sigillet
1019 2349 1187 2415 bomsallct.
1229 2351 1354 2413 Brefvet
1374 2348 1513 2413 sladadt.

301 2709 457 2855 367..
1134 2728 1301 2857 1249.
1748 2688 2070 2816 Amnehirad.

378 2927 517 3012 Konung
538 2919 615 2992 Eric
633 2925 795 2992 Enrcssotts
818 2929 976 2992 Dombref
992 2931 1041 2993 till
1073 2931 1244 2993 lnvdnarne
1275 2933 1407 2994 iAmne
1428 2929 1526 2994 hait-ad
1557 2929 1618 2992 och
1640 2929 1784 2994 Wisnum
1817 2929 1980 3012 angdende
2000 2929 2074 2990 blm·

354 3029 357 3042 ·
430 3016 543 3076 harnes
564 3015 574 3075 i
596 3011 785 3078 Warnbems
804 3013 920 3076 kloster
941 3023 1002 3076 tritt
1021 3015 1070 3077 till
1092 3022 1136 3078 ett
1157 3014 1305 3078 murman
1326 3019 1336 3078 i
1358 3018 1440 3077 Anu
1462 3026 1540 3079 samt
1567 3015 1661 3077 balet·
1674 3015 1763 3092 Νη,
1795 3013 1960 3076 astensem
1988 3008 2077 3074 fiirbe·

353 3155 356 3165 ,
432 3096 527 3160 rdrde
547 3095 708 3160 hemmans
728 3096 901 3206 rimmken.
1735 3149 1740 3164 .
1819 3175 1968 3247 36⁴9·
2033 3152 2036 3162 .

464 3316 611 3398 Emcus
642 3315 708 3398 dei
737 3311 873 3426 gracia
902 3316 1089 3397 omnibus
1118 3331 1159 3396 et
1188 3315 1357 3422 singulis
1377 3335 1380 3340 ’
1400 3301 1673 3423 ampnaherad
1718 3315 1857 3427 atque·
1886 3309 2079 3397 Wisnbem

183 3487 184 3490 ,
295 3423 618 3509 inhabitantibus
646 3430 690 3508 in
719 3427 884 3510 domino
912 3428 1081 3506 salutem
1109 3444 1150 3508 et
1179 3429 1288 3535 regie
1309 3427 1519 3539 dignitatis
1534 3425 1767 3535 presidium,
1797 3415 2082 3508 Seruorumdei

265 3549 281 3576 ³
294 3538 426 3622 Nobis
454 3536 696 3617 dilectorum
729 3538 1017 3619 Monachorum
1049 3535 1099 3618 de
1129 3538 1335 3618 warnhem
1363 3538 1570 3647 querelam
1611 3565 1733 3644 super
1776 3529 2082 3646 possessionibus

281 3649 408 3731 'siluis
436 3663 478 3728 et
506 3647 687 3757 piscariis
715 3677 815 3758 quas
844 3647 1007 3756 pacifica
1035 3651 1286 3754 possessione
1329 3666 1512 3756 tempore
1557 3649 1683 3755 patris
1725 3651 1855 3731 nostri
1903 3664 1947 3728 et
1988 3658 2084 3721 antea

140 3827 151 3838 .
289 3761 401 3858 ‚siout
427 3761 552 3841 eciam
581 3757 822 3867 quibusdam
837 3759 982 3840 litteris
1010 3779 1050 3840 et
1077 3760 1245 3840 testibus
1274 3757 1486 3866 fidedignis
1510 3756 1736 3838 audiuimus
1765 3757 2034 3868 possederant
2053 3747 2084 3826 in

295 3871 518 3982 prouinciis
545 3872 688 3950 vestris
716 3871 928 3979 proposita
956 3897 1092 3949 coram
1119 3868 1238 3951 nobis
1268 3868 1546 3949 adiudicamus
1561 3867 1710 3949 eisdem
1736 3869 1966 3951 monachis.
1994 3859 2085 3944 colo·

294 3987 405 4066 niam
433 3985 476 4064 in
508 4009 632 4089 ampn
655 4010 747 4063 cum
775 3981 887 4060 siluis
916 3981 1022 4088 agris
1050 3987 1175 4088 pratis
1205 3980 1502 4088 piscacionibus
1543 3996 1584 4059 et
1630 3980 1818 4060 omnibus
1854 3983 1946 4061 suis
1983 3968 2089 4086 perti·

284 4097 449 4187 vnenciis
476 4092 798 4205 quibuscumque
827 4118 956 4200 prope
986 4091 1050 4173 nel
1079 4108 1230 4171 remote
1266 4090 1499 4171 iacentibus.
1531 4109 1572 4170 et
1585 4090 1813 4197 specialiter
1828 4091 2088 4200 piscacionem

295 4207 341 4288 in
368 4233 501 4314 ampn.
532 4205 770 4285 Distinctam
799 4202 993 4289 limitibus
1036 4203 1101 4282 uel
1131 4205 1313 4282 terminis
1356 4202 1619 4308 infrascriptis
1668 4201 1902 4308 incipiendo
1956 4195 2088 4282 asilus

295 4318 478 4426 ipsorum
507 4316 800 4408 monachorum
825 4314 978 4398 scilicet
1006 4311 1169 4394 venised
1198 4314 1242 4420 jn
1271 4311 1529 4420 Byornswnd
1544 4309 1637 4392 inde
1667 4311 1717 4406 iri¹
1738 4309 2017 4394 Toffuasund.
2036 4302 2089 4386 de·

296 4427 393 4508 inde
420 4429 464 4508 in
478 4426 671 4510 Luwsten
688 4424 842 4506 Exinde
870 4429 913 4505 in
944 4423 1123 4504 lakasten
1155 4423 1248 4503 inde
1274 4423 1320 4530 jn
1348 4421 1633 4504 clemetzordet
1661 4423 1706 4530 jn
1734 4421 2091 4531 kerlingaholmum

297 4528 351 4620 ad
378 4555 614 4646 perpetuam
642 4538 933 4644 possessionem
975 4533 1178 4644 pacificam
1207 4548 1248 4610 et
1290 4534 1467 4642 quietam
1495 4550 1536 4612 et
1565 4533 1641 4614 boc
1686 4537 1945 4643 appensione
1989 4521 2092 4639 sigilli

295 4649 428 4728 nostri
456 4647 736 4738 confirmamus
764 4645 891 4754 igitur
918 4642 1231 4754 quibuscunque
1260 4641 1369 4750 ipsos
1397 4642 1442 4750 jn
1457 4644 1597 4753 aliquo
1612 4647 1906 4752 premissorum
1923 4663 2093 4754 presum-

298 4755 427 4870 pserit
468 4755 662 4862 impedire
677 4757 742 4837 uel
770 4753 999 4865 aliqualiter
1026 4753 1238 4834 molestare
1267 4768 1448 4831 nostram
1465 4771 1466 4775 ‘
1482 4757 1625 4860 procul
1659 4754 1787 4840 dubio
1823 4760 2022 4840 incurrat
2045 4741 2094 4828 vl·

301 4869 469 4951 cionem.
498 4865 643 4946 Datum
674 4863 933 4978 Ampnherad
960 4869 1080 4945 Anno
1109 4863 1264 4946 domini
1290 4863 1543 4946 lllCCXLlX.
