4406 5966
866 411 1019 466 ²-
1132 407 1384 506 702*-

2183 319 2189 446 l

296 636 429 747 seo.
920 629 1169 742 mara
1224 629 1473 778 15Aug.
1779 634 2081 804 unrapng.
2181 597 2189 786 ε’

373 855 491 922 Bnom
511 851 605 918 lura
624 851 704 928 Bref
718 849 853 918 adtende
872 847 1042 920 'Itrllfiilret
1061 852 1113 918 ldr
1131 849 1263 938 Lybeck
1281 861 1364 918 tamt
1382 845 1519 917 stmude
1537 848 1593 916 arf
1607 849 1690 918 ester
1707 850 1773 920 ddd
1792 861 1896 922 arrian.v

1802 969 1839 1028 tt
1856 988 1885 1030 r·
1903 975 1962 1030 (σθ.

460 1106 673 1192 anonnus
700 1103 776 1186 Dei
803 1105 934 1214 gratia
961 1102 1046 1188 dur
1073 1104 1290 1204 Sveorum,
1316 1103 1415 1188 viris
1440 1101 1623 1214 providis
1657 1104 1887 1206 Advocato,
1924 1110 2082 1193 consilio

220 1261 224 1272 ·
293 1228 334 1306 &
368 1219 572 1319 communi
587 1219 640 1299 'L
669 1215 821 1308 bicensi
866 1214 1035 1299 salutem
1063 1218 1106 1301 in
1134 1213 1302 1298 domino
1341 1219 1635 1326 sempiternam.
1682 1217 1912 1307 ,Venientes
1941 1219 1997 1302 ad
2023 1249 2085 1305 nos

293 1331 442 1414 nuncii‘
459 1331 596 1430 vestri,
654 1329 812 1410 ominus
843 1325 1085 1412 Wilhelmvs
1111 1327 1239 1414 Albvs
1268 1325 1458 1410 dominus
1485 1327 1714 1412 Fridericvs
1745 1329 1990 1444 bardewyc,
2018 1335 2087 1414 viri

154 1438 157 1446 ’
294 1441 458 1526 discreti
485 1449 526 1526 8(
564 1438 747 1553 providi,
789 1438 975 1522 consules
1016 1438 1192 1524 civitatis
1235 1455 1368 1524 vestre
1402 1467 1454 1525 ex
1481 1455 1598 1551 parte
1640 1440 1876 1552 petivenmt
1905 1474 1930 1526 a
1958 1443 2089 1540 nobis,

352 1571 495 1636 atenus
512 1554 633 1644 ,cives
661 1567 816 1633 vestros
843 1547 896 1632 ad
924 1564 1060 1659 partes
1087 1568 1246 1635 nostras
1273 1580 1366 1646 cum
1380 1551 1582 1635 mercibus
1610 1554 1693 1636 suis
1720 1555 1933 1637 venientes
1960 1556 2090 1638 facere

292 1584 532 1749 deberemus
560 1692 647 1772 eam
676 1662 871 1774 graciam,
900 1689 1025 1772 quam
1057 1665 1164 1746 cives
1191 1665 1321 1746 nostri
1363 1660 1516 1746 advos
1557 1666 1763 1748 venientes
1789 1695 1813 1748 a
1841 1665 1970 1777 longo
1998 1687 2089 1750 tern-

243 1857 244 1862 a
291 1806 394 1887 pore
423 1779 467 1856 in
494 1771 657 1858 civitate
684 1790 818 1865 vestra
844 1771 1035 1866 babuisse
1066 1793 1309 1876 noscuntur,
1336 1790 1537 1888 quantum
1565 1775 1617 1860 ad
1644 1775 1880 1860 theloneum
1900 1806 1988 1860 non
2015 1780 2089 1859 sol·

291 1888 480 1972 rendum.
510 1887 643 1996 Super
670 1911 755 1997 quo
783 1883 860 1994 pro
888 1911 1024 1966 amore
1052 1892 1093 1967 &
1121 1887 1297 1971 amicitia
1325 1899 1447 1998 quam
1474 1915 1573 1999 erga
1598 1915 1672 1973 vos
1699 1889 1913 1990 habemus,
1959 1889 2091 1972 taliter

290 1999 601 2110 respondemus,
630 1995 741 2122 quod
771 2021 929 2106 paoem,
957 1995 1186 2083 libertatem
1215 2003 1256 2082 8(
1281 1999 1576 2082 immunitatem
1605 1997 1769 2085 deuon
1807 1999 2010 2084 solvendo
2038 2021 2090 2084 te·

293 2112 444 2208 lonso,
463 2137 546 2220 qua
573 2114 777 2204 nostrates
800 2108 843 2190 in
873 2108 1037 2192 civitate
1064 2128 1200 2204 vestra
1228 2109 1407 2226 gaudere
1435 2113 1685 2222 permittitis,
1722 2112 1890 2196 eandem
1918 2113 2092 2198 homini·

292 2223 372 2304 bus
400 2217 561 2322 vestris,
586 2222 704 2312 sicuti
730 2223 775 2316 iu
801 2222 1021 2316 nostriset
1049 2239 1344 2318 antecessorum
1377 2240 1609 2304 nostrorum
1638 2223 1765 2305 literis
1801 2224 1966 2334 plenius
1995 2253 2090 2306 oon·

292 2337 465 2430 tinetnr,
494 2360 586 2416 cum
615 2330 818 2426 mercibus
845 2332 928 2425 suis
956 2329 1009 2413 ad
1037 2353 1173 2444 partes
1200 2351 1361 2428 nostras
1389 2335 1645 2423 venientibus
1665 2337 1943 2445 promittimus
1973 2341 2014 2417 8(
2043 2335 2092 2420 de

292 2470 403 2528 novo
431 2445 715 2538 confirmamus
744 2445 800 2526 ita
830 2439 1046 2545 duntaxat,
1073 2445 1188 2558 quod
1216 2446 1468 2558 gubernator
1500 2448 1615 2529 navis
1643 2447 1719 2528 sub
1747 2444 1827 2528 fide
1860 2443 1933 2556 sna
1962 2451 2090 2528 nomi-

293 2571 364 2638 net
391 2584 459 2640 eos
487 2585 592 2669 quos
619 2575 763 2650 vestrae
790 2554 966 2650 civitatis
994 2559 1122 2665 novit,
1153 2561 1296 2653 esteris
1324 2559 1407 2640 suis
1435 2559 1570 2640 nautis
1584 2559 1637 2639 ab
1659 2561 1713 2639 eis
1727 2561 1922 2667 separatis
1952 2587 2091 2641 eorum

294 2666 509 2750 Advocato
535 2669 615 2760 loci
643 2667 697 2762 ad
724 2694 847 2779 quem
875 2665 1160 2768 declinaverit,
1201 2697 1285 2753 esse
1313 2671 1512 2764 veraciter
1555 2671 1663 2752 cives
1689 2686 1856 2752 vestros.
1886 2669 2092 2780 Adjieien·

182 2809 188 2813 ·
291 2796 353 2861 tes
386 2778 561 2890 quodsi
589 2778 778 2890 naufragi
805 2778 999 2877 damnum
1021 2781 1197 2894 aliquem
1224 2782 1333 2891 apud
1363 2809 1437 2863 nos
1466 2782 1518 2865 de
1544 2783 1689 2864 vestris
1718 2784 1928 2890 contingat
1956 2786 2093 2864 incur·

292 2917 401 2987 rere,
429 2891 603 3002 quilibet
629 2893 674 2972 in
700 2889 914 3001 naufragio
941 2896 1187 2977 constitutus
1214 2895 1299 2990 sine
1327 2892 1555 3003 calumpnia
1575 2891 1799 3004 possidebit
1826 2893 1950 2991 illud,
1981 2893 2095 3004 quod

292 3001 344 3085 de
371 3003 494 3085 rebus
521 3006 604 3086 suis
631 3003 853 3098 extrahere
869 3005 1021 3112 poterit
1048 3009 1089 3088 &
1115 3005 1266 3114 juvare.
1295 3008 1503 3102 Praeterea,
1531 3007 1564 3087 si
1592 3033 1715 3118 quem
1727 3019 1968 3097 extraneum
1984 3005 2093 3117 apud

188 3115 193 3125 ’
292 3140 367 3195 nos
395 3114 499 3193 mori
519 3116 749 3224 contingat,
777 3113 849 3224 qui
881 3139 966 3196 non
993 3115 1145 3198 habeat
1170 3116 1393 3227 legitimum
1411 3141 1700 3214 successorem,
1731 3144 1868 3199 omnes
1882 3143 1963 3215 res,
1993 3146 2095 3230 quas

279 3221 491 3335 possidet,
518 3220 648 3333 redigi
665 3225 828 3312 'debent
842 3226 1100 3336 inscriptura
1128 3243 1171 3310 et
1197 3228 1275 3309 sub
1302 3227 1412 3312 fideli
1444 3227 1630 3326 custodia
1643 3228 1877 3326 sacerdotis,
1893 3231 2093 3312 exactoris

178 3355 181 3366 “
291 3335 394 3445 regii
421 3363 468 3416 ao
497 3335 690 3436 melioris,
720 3364 767 3417 ao
794 3336 993 3446 majorum
1020 3338 1072 3421 de
1099 3339 1262 3421 civitate
1289 3366 1360 3420 seu
1388 3338 1480 3420 loeo
1507 3338 1592 3439 illo,
1620 3341 1664 3420 in
1685 3366 1771 3452 quo
1788 3341 1994 3423 mortiuus
2022 3359 2092 3438 est,

293 3473 387 3529 cum
414 3447 645 3529 testimonio
674 3449 784 3529 bono
812 3446 973 3556 deponi.
1001 3450 1054 3530 Et
1081 3452 1114 3532 si
1139 3449 1400 3560 postmodum
1443 3447 1551 3548 infra
1592 3477 1743 3532 annum
1773 3459 1813 3534 8(
1842 3468 2006 3535 noctem
2033 3454 2089 3532 le·

293 3558 458 3666 gitimus
488 3557 605 3638 heres
634 3555 861 3656 advenerit,
891 3559 1029 3641 literas
1055 3577 1210 3644 vestras
1237 3589 1372 3644 seeum
1408 3559 1609 3672 deferens,
1655 3590 1729 3673 per
1757 3591 1860 3674 quas
1904 3581 2084 3646 constare

291 3667 439 3778 possit,
467 3670 560 3779 quis
588 3670 641 3750 sit
667 3669 803 3768 heres,
831 3698 896 3752 res
924 3669 1127 3780 predictas
1157 3671 1413 3782 integraliter
1443 3672 1658 3769 obtinebit.
1696 3669 1856 3777 Quodsi
1885 3675 1992 3756 infra
2020 3703 2089 3756 an-

196 3867 199 3874 ,
293 3807 393 3862 num
420 3786 459 3862 8(
487 3797 648 3863 noctem
675 3779 811 3862 nullus
838 3783 1013 3882 venerit,
1041 3783 1115 3895 qui
1142 3783 1196 3886 sit
1222 3783 1356 3890 heres,
1384 3811 1434 3886 eu
1462 3781 1541 3880 hoo
1567 3787 1704 3866 statim
1745 3785 1907 3896 elapso,
1951 3814 2093 3870 secun·

293 3888 390 3974 dum
417 3891 525 4002 leges
554 3893 683 4003 patrie
711 3890 979 3988 devolventur
1006 3893 1063 3976 ad
1086 3893 1226 4005 fiscum
1252 3894 1410 4006 regium
1437 3921 1503 3977 res
1522 3905 1749 3994 memorate.
1780 3897 1838 3979 Ut
1851 3900 1981 4007 igitur
2000 3926 2096 4010 pre·

230 4031 234 4039 ’
292 4005 412 4086 nrissa
440 4005 574 4085 omnia
601 4003 731 4087 robur
757 4005 957 4102 firmitatis
984 4001 1203 4088 obtineant
1223 4011 1264 4089 8(
1290 4013 1316 4114 a
1342 4006 1502 4108 nemine
1528 4008 1686 4118 possint
1726 4010 1976 4121 impugnari,
2005 4039 2098 4120 pre·

212 4113 219 4124 '
291 4130 446 4196 sentem
474 4115 662 4225 paginam
691 4115 812 4224 sigilli
840 4115 970 4216 nostri
1001 4119 1222 4202 munimine
1249 4115 1416 4227 leelmus
1442 4115 1641 4218 roborari,
1670 4121 1821 4202 Datum
1837 4119 2096 4232 Lynkoping

293 4241 481 4335 presente
517 4225 737 4308 venerabili
780 4228 946 4327 domino
992 4227 1214 4312 Laurentio
1257 4227 1484 4338 Upseliensi
1531 4230 1850 4344 ‚Archiepiseopo
1879 4237 1921 4315 8(
1951 4235 2101 4316 ceteris

208 4377 218 4391 ·
294 4337 604 4448 quamplurimis
631 4337 837 4420 nobilibus
863 4321 1143 4448 regnl'nostri
1168 4343 1212 4426 in
1239 4326 1343 4424 festo
1370 4343 1655 4454 assumptionis
1682 4343 1723 4426 S.
1752 4344 1891 4428 Mariae
1925 4346 2110 4456 virginis·

218 4491 222 4496 ·
294 4446 479 4558 gloriosse
508 4477 616 4533 anno
643 4447 798 4534 domini
824 4450 966 4534 MCLI.
1928 4488 1935 4494 ·

2186 825 2189 964 l
