4398 5958
481 521 490 538 ι
550 498 554 507 ,
743 542 747 554 ι
1011 453 1068 472 -
1141 375 1259 518 Χ198
1371 454 1428 476 -
1560 349 1563 356 ¹

333 643 510 794 598.·
964 635 1114 783 1275
1161 639 1328 744 dos
1377 637 1475 746 Jul.

409 862 613 946 umqum
631 858 644 922 i
663 858 765 924 ms
788 860 794 874 '
857 857 919 922 ocb
939 858 1038 925 stass
1057 835 1138 925 sams
1158 859 1409 942 irie-Djtknens
1429 862 1439 922 i
1459 859 1579 944 Upsala
1610 859 1801 924 Vidimation
1821 861 1856 922 af
1870 861 1949 924 rto.
1965 865 2061 929 ono·
2147 809 2148 812 ¹

459 945 603 1032 uros·th
622 943 753 1040 Btrlls'o
813 942 862 1005 till
882 942 963 1024 iilic
977 942 1072 1006 duel
1086 941 1173 1025 felda
1193 942 1284 1022 dom,
1305 941 1506 1025 henrigenom
1526 943 1675 1006 Flsdstad
1684 945 1732 1007 till
1743 943 1914 1007 Skokloster
1928 946 2063 1012 iteretillu

1754 1056 1876 1114 Antis.
1897 1072 1963 1133 ιτς.

492 1193 693 1300 Omnibus
720 1207 927 1301 presentes
954 1193 1107 1274 litteras
1135 1194 1374 1304 inspecturis
1405 1193 1466 1272 He
1480 1192 1742 1302 Liocope'nsis
1770 1200 1820 1274 δι.
1849 1197 1891 1274 Ε.
1918 1195 2064 1276 seharen-

326 1308 380 1390 sis
396 1303 472 1388 'dei
502 1306 636 1416 gracia
662 1303 866 1412 Episcopi.
895 1323 952 1382 ac·
969 1305 1011 1383 Β.
1041 1302 1375 1402 archidiaconus
1404 1302 1636 1411 wpsalensis
1664 1303 1830 1386 salutem
1864 1307 1903 1384 io
1930 1308 2066 1387 Domino

170 1431 173 1438 “
239 1409 246 1432 ’
327 1419 623 1528 sempiternam.
651 1413 856 1496 Noueritis
885 1441 958 1494 nos
986 1416 1196 1522 Recepisse
1224 1415 1376 1494 litteras
1391 1415 1553 1494 Domini
1567 1443 1673 1523 pape
1694 1417 1737 1494 in
1750 1416 1827 1496 bac
1842 1413 1966 1496 forma.
1990 1417 2067 1495 Gre-

327 1529 467 1640 gorius
495 1529 711 1637 cpiseopus
738 1531 812 1606 &c
844 1525 896 1606 Se
923 1526 1004 1606 Ν.·ο
1035 1526 1125 1606 563.
1154 1527 1261 1627 Quia
1291 1525 1415 1632 igitur
1443 1525 1674 1632 supradicte
1696 1525 1868 1607 domine.
1897 1527 2067 1607 Abbatissa

103 1737 108 1746 Ι
214 1662 221 1673 ’
326 1647 622 1722 &conuentus
641 1637 759 1728 Dicta
785 1637 897 1716 curia
924 1662 999 1744 per
1025 1637 1351 1743 prenominatum
1380 1633 1598 1715 dominum.
1629 1638 1670 1716 P.
1689 1637 1796 1718 ,lieet
1830 1633 1958 1716 eadem
1985 1638 2073 1742 curia
2147 1647 2148 1676 ¹

324 1749 474 1836 eisdem
502 1746 744 1830 monialibus
771 1745 868 1826 olim
895 1748 1191 1828 sentencialiter
1219 1743 1342 1825 fuerit
1369 1744 1597 1827 adiudicata
1618 1759 1742 1854 prout
1771 1749 1815 1826 in
1843 1748 2069 1826 instrumento

326 1889 447 1970 super
474 1860 561 1942 boc·
581 1855 767 1940 coniecto
795 1856 952 1964 plenius
980 1857 1130 1938 dicitur
1157 1858 1362 1936 contineri.
1398 1857 1476 1936 iam
1516 1856 1637 1965 longo
1680 1873 1862 1965 tempore
1902 1871 2008 1964 prout
2039 1886 2071 1936 o·

326 1971 487 2053 mnibus
515 1971 558 2050 in
585 1995 715 2077 regno
741 1966 885 2049 sweoie
905 1970 1139 2062 vconstitutis
1154 1967 1250 2046 satis
1264 1983 1323 2046 est
1338 1966 1591 2047 manifestum
1615 1967 1813 2048 violenter
1829 1966 1979 2049 fuerant
2002 1994 2070 2075 spo

326 2081 434 2195 liate.
462 2081 546 2162 Nos
572 2077 794 2186 sepedictus
821 2076 1001 2159 dominas
1029 2080 1271 2161 abbatissam
1309 2084 1348 2174 δι
1382 2095 1629 2158 conuentum
1663 2081 1705 2157 ih
1734 2080 1852 2158 Dicte
1880 2081 1980 2158 curie
2004 2103 2071 2184 pos.
2147 2127 2148 2160 ι

71 2183 77 2190 ’
208 2198 210 2202 ’
273 2183 285 2190 ’
326 2192 541 2274 sessionem
568 2189 818 2270 auctoritate
840 2188 1074 2297 apostolica.
1116 2189 1235 2270 nobis
1268 2192 1311 2269 in
1339 2189 1415 2269 hac
1458 2207 1573 2296 parte
1615 2192 1823 2270 'commissa
1865 2190 2071 2268 restituimus
2146 2187 2148 2224 ⁷

327 2302 485 2384 iusticia
507 2301 700 2409 exigente.
737 2299 957 2379 venerabili
986 2301 1092 2408 patri
1108 2301 1282 2383 domino.
1313 2303 1356 2380 F.
1385 2295 1702 2409 archiepiscopo
1716 2300 1939 2411 wpsalensi.
1965 2314 2071 2376 aucto

257 2492 268 2508 ,
328 2415 449 2494 ritate
477 2410 697 2520 apostolica
726 2409 893 2491 firmiter
921 2411 1186 2520 iniungentes.
1216 2408 1485 2515 Quatinusad
1514 2412 1837 2519 prenominatam
1853 2411 1993 2490 curiam
2006 2435 2072 2516 per·

316 2522 519 2605 ‘sonaliter
548 2520 754 2603 accedens.
783 2521 888 2628 ipsas
917 2519 1110 2603 dominas.
1141 2524 1382 2604 abbatissam
1412 2529 1723 2602 &conuentum
1761 2507 1803 2602 iri
1834 2522 1953 2629 ipsius
1988 2519 2072 2598 curie
2147 2599 2148 2608 ,

329 2633 579 2744 corporalem
608 2632 896 2740 possessionem
927 2634 1161 2712 auctoritate
1192 2633 1413 2741 apostolica
1437 2631 1661 2712 reinducat.
1692 2638 1730 2712 sc
1758 2632 1942 2712 inductas
1967 2625 2072 2709 eaden
2147 2669 2148 2683 ι

330 2745 568 2827 auctoritate
597 2758 757 2822 tueatur
784 2768 922 2822 omncs
944 2741 1217 2823 molestatores
1233 2741 1450 2824 earundem
1479 2743 1736 2851 superdicta
1766 2743 2003 2853 possessione
2019 2763 2087 2846 per,
2147 2771 2148 2784 ¹

329 2881 534 2939 censuram
547 2886 550 2894 ·
565 2851 868 2934 eeclesiasticam
883 2851 1186 2959 compescendo.
1217 2856 1362 2935 Actum
1391 2856 1433 2934 in
1460 2851 1563 2934 festo
1584 2856 1699 2935 beate
1715 2855 1841 2935 marie
1870 2850 2072 2960 magdalene.

329 2995 438 3050 anno
465 2963 629 3047 domiui.
658 2963 1046 3044 M·.CC⁰.LXX⁹.V⁹.
1926 2975 1932 2989 ·

598 3100 768 3210 ‘Sigillent
788 3104 847 3166 Nto
872 3124 898 3181 r,
920 3123 938 3164 2
960 3043 1555 3185 hingandeilinnets·lda1·,'sladade;
1577 3107 1636 3167 Neo
1658 3105 1676 3164 3
1698 3106 1817 3168 minas.

258 3615 263 3624 Α
334 3427 467 3613 599.
533 3445 536 3454 ’
652 3612 658 3622 g
952 3462 1501 3608 1275d.·11sept.

410 3682 546 3763 Kourmg
567 3679 696 3742 onom
716 3679 755 3740 las
773 3637 944 3762 gasvobref
957 3683 998 3768 pa
1019 3685 1138 3745 Nornsa
1159 3681 1208 3744 till
1230 3681 1416 3744 Slolloster.
1437 3731 1439 3740 ,
1735 3763 1761 3816 D
1789 3781 1805 3818 ι
1833 3765 1927 3836 Tm
1952 3767 1975 3831 ς)

494 3896 693 3978 Omnibus
721 3913 933 4004 praesentes
962 3894 1112 3977 litteras
1140 3899 1284 3978 visuris
1326 3898 1389 3978 vel
1418 3895 1615 3977 audituris
1653 3897 1822 4007 Magnos
1869 3902 1916 3979 D.
1945 3875 1989 3976 GL
2014 3895 2076 3972 Res

330 4010 537 4091 chorum
565 4008 731 4088 salutem
761 4008 800 4087 in
827 4009 1001 4086 Domino
1031 4010 1322 4116 sempiternam.
1351 4009 1423 4087 llla
1447 4036 1537 4116 quae
1565 4024 1760 4115 geruntur
1781 4009 1905 4118 digna
1924 4005 2077 4087 memoria

161 4153 166 4160 ·
286 4171 294 4186 ι
329 4123 372 4202 in
402 4123 550 4226 scripta
578 4118 710 4201 solent
738 4116 883 4226 redigi,
913 4133 1070 4196 etcum
1099 4121 1311 4199 autenticis
1339 4118 1478 4228 sigillis
1506 4122 1548 4197 in
1579 4116 1734 4226 publica
1766 4135 2026 4208 monumenta,
2047 4125 2079 4189 ut

326 4230 441 4343 ¹quod
474 4231 648 4311 brevitas
676 4230 786 4325 vitae,
814 4245 883 4308 aut
917 4227 1047 4308 labilis
1089 4231 1278 4310 memoria
1322 4231 1516 4310 oblivioni
1560 4226 1611 4308 de
1651 4226 1758 4308 facili
1800 4229 2001 4321 tradetur,
2025 4225 2078 4302 boc

211 4405 215 4412 .
327 4345 530 4450 scriptura
558 4339 711 4419 sincera
740 4337 909 4421 veritate
943 4339 1095 4417 notitiae
1137 4356 1391 4447 posterorum
1433 4341 1591 4448 ingerat
1619 4353 1659 4417 et
1687 4342 1945 4420 transmittat.
1998 4336 2078 4435 Qu·

330 4455 497 4559 propter
526 4451 626 4532 serie
654 4441 859 4556 piaesentis
887 4451 1042 4557 paginae
1065 4448 1112 4528 in
1141 4451 1372 4558 pupplicam
1394 4449 1635 4558 proferimus
1650 4453 1876 4546 notionem,
1906 4476 1978 4527 nos
1997 4467 2078 4522 nan·

329 4561 481 4661 sionem
510 4563 716 4656 Noruseer,
742 4558 795 4640 ad
818 4559 1038 4639 claustrum
1067 4557 1319 4642 dominarum
1348 4563 1391 4640 in
1419 4563 1514 4656 ScO,
1544 4562 1584 4638 in
1601 4560 1831 4640 -remedium
1870 4563 2006 4639 animae
2028 4574 2080 4630 ne

331 4686 423 4774 strae
450 4670 682 4765 contulisse,
711 4698 803 4749 cum
831 4667 956 4764 silvis,
986 4670 1183 4777 piscariis,
1208 4671 1370 4765 incolis,
1399 4687 1439 4748 et
1470 4670 1687 4751 attinentiis
1729 4671 1911 4778 ejusdem
1941 4662 2079 4748 mansio·

330 4780 394 4861 nis
420 4780 633 4878 universis,
666 4781 756 4887 jure
785 4796 980 4888 perpetuo
1022 4777 1319 4883 possidendam,
1361 4778 1433 4859 tali
1461 4779 1692 4862 conditione
1734 4779 1957 4874 mediante,
1995 4764 2079 4884 qu⁰d

309 5045 317 5056 ’
370 5023 397 5098 *J
419 5017 493 5081 ned
513 5018 769 5102 anmtrlningent
790 5021 868 5084 Coll.
889 5020 961 5083 med
982 5015 1380 5104 original-permebresret'
