4370 5950
939 441 1006 514 ..ιωΙ
1114 449 1186 542 154
1297 465 1419 512 ...ε’

258 721 382 826 127·
746 799 748 809 1
891 681 1039 785 1206
1087 681 1134 784 d.
1191 717 1253 784 12
1304 671 1411 784 Jan.
1620 807 1623 815 ῃ
1847 671 2042 781 ¹Rom

325 904 417 966 Prlfv.
438 903 637 964 hammus
658 901 729 964 lllts
749 902 940 986 uppmaning
960 903 1009 963 till
1032 901 1164 982 Kooung
1186 901 1329 962 Susam
1350 901 1396 977 ll,
1418 910 1465 962 ott
1485 901 1676 963 lb'rekomma
1697 899 1751 962 det
1770 896 1915 975 andeliga
1936 897 2043 984 instil-

377 987 422 1049 la·
443 983 492 1048 Rir
514 983 666 1066 verldslig
688 983 834 1060 domstol,
856 993 904 1044 att
924 983 1014 1046 deme
1036 983 1096 1046 bus
1116 983 1324 1068 uppbr'annas,
1345 1003 1385 1046 m.
1408 1005 1448 1044 m.

1445 1095 1481 1152 A.
1501 1113 1524 1151 r.
1541 1113 1566 1150 ι.
1584 1099 1609 1166 4.
1751 1091 1783 1152 Β.
1801 1109 1825 1148 a:
1848 1093 1904 1160 ¹9⁸·

308 1281 310 1286 ·
410 1233 676 1314 Ittrtocsrtrlus
706 1232 920 1340 episcopus
947 1257 1088 1311 seruus
1122 1258 1332 1312 seruorum
1366 1230 1442 1312 dei.
1500 1227 1715 1310 Carissimo
1743 1229 1785 1308 in
1814 1225 1967 1307 christo
1999 1225 2044 1334 fi?
2155 1239 2159 1245 '

225 1345 309 1452 llio.
339 1405 349 1426 .
378 1344 531 1424 Illustri
560 1343 661 1452 Regi
690 1342 864 1423 Suethie.
894 1341 1062 1421 salutem
1091 1349 1130 1422 Sc
1159 1343 1422 1452 apostolicam
1450 1339 1786 1421 benedictionem.
1843 1339 1936 1417 Non
1951 1336 2043 1416 abs-

241 1483 323 1566 que
366 1453 501 1535 cordis
535 1451 802 1536 amaritudine
840 1452 1119 1534 intelleximus.
1156 1453 1462 1566 quodquidam
1499 1451 1591 1532 laici
1619 1449 1669 1532 de
1708 1451 1850 1554 Regno
1878 1447 2045 1528 Suetlrie

174 1583 176 1590 ’
242 1569 287 1646 in
294 1567 405 1646 uiros
413 1562 1047 1671 ecclesiasticosdamnpnabilem
1061 1565 1317 1646 insolentiam
1333 1579 1574 1646 exercentes.
1591 1589 1683 1642 cum
1698 1561 1776 1667 ipsi
1790 1585 1927 1638 eorum
1945 1557 2044 1636 sub·

240 1680 299 1759 ire
327 1675 532 1759 iudicium.
561 1683 600 1756 &
629 1674 848 1757 secundum
877 1673 1127 1756 uoluntatem
1158 1679 1339 1785 ipsorum
1354 1673 1539 1757 ecclesias
1567 1674 1756 1781 recipere.
1785 1667 2043 1766 &dimittere

241 1786 537 1874 contradicunt.
566 1786 624 1867 illi
653 1787 795 1869 domos
810 1813 952 1867 eorum
966 1785 1200 1890 incendunt.
1223 1793 1262 1866 ὃς
1284 1804 1367 1867 tam
1382 1789 1424 1866 in
1439 1787 1625 1892 personis
1641 1809 1765 1900 quam
1781 1781 1823 1860 in
1839 1781 1960 1862 rebus
1972 1802 2042 1858 eos

239 1900 454 1982 molestant
482 1899 659 2008 gramter
688 1905 727 1978 ὃς
755 1896 954 2005 affligunt.
1012 1898 1116 1976 Cum
1144 1899 1269 2006 igitur
1297 1913 1512 1996 nexatores
1540 1894 1803 1976 ecclesiastice
1832 1890 2042 1972 libertatis.

238 2038 324 2107 non
373 2027 456 2099 tam
498 2009 697 2118 spirituali
739 2036 861 2118 quam
890 2006 1085 2087 materiali
1113 2008 1249 2115 gladio
1278 2010 1360 2089 sint
1397 2005 1574 2090 arcendi.
1601 2005 1852 2086 serenitatem
1888 2002 2040 2109 regiam

139 2223 140 2228 .
204 2135 207 2141 ’
237 2147 437 2230 rogamus.
466 2147 686 2201 monemus.
716 2125 756 2199 8r
784 2121 828 2197 in
856 2115 1021 2197 domino
1049 2119 1318 2199 exhortamur.
1347 2119 1541 2228 quatinus
1571 2131 1871 2226 presumptorcs
1900 2113 2041 2192 huius·

52 2267 55 2276 ¹
238 2231 349 2312 modi
379 2246 476 2310 uta
505 2231 579 2310 tali
637 2232 912 2339 resumptione
940 2227 1145 2309 desistant.
1175 2229 1325 2311 tradita
1354 2216 1432 2313 tibi
1458 2245 1657 2338 potestate
1673 2224 1899 2332 compellas.
1960 2224 2039 2301 Da·

239 2357 328 2422 tum
362 2341 487 2422 Rome
516 2259 636 2450 apud
658 2342 850 2423 Sanctum
877 2341 1042 2420 Petrum
1072 2341 1123 2422 II.
1155 2341 1254 2422 Jdus
1283 2343 1462 2424 ianuarii
1491 2339 1750 2450 pontificatus
1779 2337 1909 2415 nostri
1931 2361 2039 2414 anno

239 2452 410 2534 Octauo.

978 2587 1149 2675 blybullen
1170 2591 1349 2656 bortlallen.

36 2803 40 2826 ι
161 2793 162 2796 ¹
250 2823 374 2928 128.
872 2821 1021 2926 1206
1070 2823 1117 2926 d.
1172 2823 1393 2928 mian.
1698 2808 1703 2820 ’
1862 2781 2033 2927 Rom.

319 3044 410 3105 Ptfv.
431 3043 631 3106 lnocmrrus
653 3043 722 3102 lllts
743 3041 822 3102 Bref
838 3039 888 3101 till
910 3039 1087 3106 'Arte-Bisk.
1109 3043 1251 3104 Annaeus
1271 3043 1282 3103 i
1304 3043 1410 3120 Lund,
1432 3041 1503 3104 med
1514 3043 1686 3127 befallning
1707 3057 1754 3106 att
1773 3046 1879 3122 lrrilar,
1900 3065 1965 3105 som
1985 3047 2036 3108 fiir

369 3125 442 3187 vtld
464 3127 504 3208 pt
527 3124 670 3205 andeliga
691 3143 835 3205 personer
856 3143 932 3184 voro
955 3125 965 3184 i
986 3124 1079 3195 bano,
1100 3127 1200 3186 slulle
1221 3125 1327 3187 sandes
1366 3125 1417 3187 till
1451 3126 1529 3187 Rom
1563 3127 1612 3188 scr
1646 3139 1693 3188 att
1723 3128 1879 3189 derstltdcs
1912 3129 2035 3191 erbilla

369 3207 536 3290 alliisning3
558 3227 626 3268 men
647 3226 699 3266 om
719 3205 758 3266 de
780 3205 888 3286 begtu
908 3205 1027 3272 brottet
1049 3207 1098 3267 fo‘r
1118 3219 1166 3268 att
1192 3207 1307 3268 befrias
1327 3208 1410 3268 ifrdn
1435 3208 1592 3290 lydnaden
1613 3221 1678 3271 mot
1699 3213 1746 3271 sin
1767 3209 1938 3288 husbonde‚
1970 3210 2030 3273 och

366 3290 547 3366 omdenne,
568 3309 678 3370 genom
705 3287 794 3350 deras
826 3287 983 3364 fulmaro,
1015 3289 1115 3350 slulle
1148 3289 1249 3350 blifva
1283 3289 1441 3372 betydligt
1473 3291 1617 3368 lidande,
1649 3291 1751 3354 kunde
1785 3289 2036 3378 lale-Bislopen

368 3371 510 3435 meddela
531 3370 731 3453 alliisningen,
752 3369 811 3431 och
833 3371 941 3452 flltlgga
961 3372 1060 3453 nigon
1083 3391 1183 3432 annam
1206 3371 1269 3432 bot.
1439 3454 1460 3506 F
1490 3473 1514 3506 Γ
1537 3457 1567 3507 ¹3
1610 3463 1652 3512 Aa
1682 3459 1698 3510 8
1726 3452 1770 3523 ΕΡ
1803 3472 1828 3506 n
1859 3457 1886 3520 g)

399 3593 653 3670 Innocentius
680 3585 899 3697 Episcopus
927 3587 1089 3669 Servus
1108 3581 1329 3670 Servorum
1346 3591 1433 3671 Dei.
1462 3591 1696 3672 Venerabili·
1704 3593 1858 3672 Fratri.
1900 3655 1907 3670 .
1939 3653 1949 3671 .
1981 3656 2031 3688 .,,

433 3701 635 3782 Lundcrrsi
659 3701 977 3809 ArcbicpiscopO,
1010 3699 1190 3781 Salutem
1219 3707 1290 3781 &c
1597 3707 1600 3714 ’

397 3844 583 3926 Relatum
612 3860 675 3922 cst
702 3841 838 3939 nobis,
867 3842 977 3951 quod
1007 3871 1099 3922 cum
1128 3843 1254 3954 aliqui
1289 3845 1394 3924 servi
1422 3860 1493 3923 tue
1529 3844 1737 3952 provincie
1766 3821 1937 3952 propter
1966 3848 2031 3926 in-

231 3957 445 4065 jectionem
474 3983 664 4034 manuum
694 3957 734 4033 in
764 3953 954 4035 clericum
983 3955 1198 4034 violentam
1213 3958 1256 4033 in
1273 3955 1479 4036 Cononem
1501 3955 1689 4035 incidunt
1704 3957 1902 4036 sententie
1930 3985 2031 4064 pro-

230 4069 424 4179 mulgate,
453 4065 720 4174 allegantibus
749 4064 921 4147 dominis
951 4065 1183 4146 eorumdem
1213 4065 1324 4176 quod
1354 4093 1490 4147 carere
1519 4067 1727 4173 mancipiis
1757 4068 1837 4145 suis
1861 4065 2029 4167 nolunt,

82 4215 101 4234 ⁶
230 4183 366 4261 venire
395 4177 623 4260 adsedem
652 4177 910 4285 apostolicam
940 4176 1175 4257 absolvendi
1204 4206 1286 4257 non
1316 4195 1476 4275 curant,
1508 4204 1582 4285 per
1611 4177 1858 4258 occasionem
1881 4177 2026 4286 hujus-

230 4291 339 4372 modi
372 4289 579 4372 eludentes
611 4287 915 4370 ecclesiasticam
952 4286 1215 4397 disciplinam.
1282 4288 1483 4390 Quocirca
1525 4289 1558 4366 F
1559 4287 1787 4368 raternitati
1821 4305 1905 4370 'tue
1949 4319 2028 4399 per

231 4401 451 4506 apostolica
482 4403 632 4509 scripta
660 4399 914 4496 mandamus,
943 4402 1134 4508 quatinus
1163 4429 1231 4480 eos
1260 4402 1395 4479 venire
1423 4397 1642 4505 compellas
1678 4399 1729 4480 ad
1750 4398 1893 4480 Sedem
1912 4403 2030 4510 Apo-

229 4509 411 4590 stolicam
440 4509 734 4606 absolvendos,'
755 4538 846 4590 cum
861 4511 967 4618 ‘plus
994 4513 1046 4592 sit
1076 4513 1162 4590 Deo
1192 4537 1313 4620 quam
1342 4508 1495 4588 homini
1528 4505 1808 4608 deferendum,
1826 4513 1901 4592 nisi
1916 4511 2027 4594 fece·
2077 4565 2091 4586 .

229 4620 312 4732 rint
339 4619 418 4700 hoc
448 4623 490 4701 in
522 4621 779 4704 fraudem'ut
807 4619 1043 4704 subtrahant
1060 4651 1114 4715 'se
1144 4621 1342 4730 obsequio
1370 4618 1627 4714 dominorum
1639 4615 1655 4719 ,⁴
1666 4639 1736 4701 aut
1751 4623 1828 4730 ipsi
1850 4643 2028 4732 propter

224 4731 302 4811 hoc
330 4730 414 4809 sine
442 4759 513 4810 sua
545 4732 666 4842 culpa
694 4734 940 4814 incurrerint
968 4761 1091 4840 grave
1119 4730 1353 4838 dampnum.
1382 4748 1424 4810 et
1454 4733 1495 4811 in
1525 4733 1723 4815 utrolibet
1744 4761 1840 4814 casu
1860 4735 2022 4844 poteris

264 4969 290 5048 *)
310 4969 421 5030 Finnes
441 4969 596 5032 tirensom
615 4976 674 5034 Nto
700 4979 755 5037 123
776 4973 874 5036 bland
895 4973 1075 5037 Decretales
1096 4973 1241 5053 Gregorii
1266 4973 1322 5052 tx,
1345 4995 1414 5038 men
1441 4959 1512 5038 med
1533 4945 1593 5039 (len
1610 4974 1759 5058 lelaltiga
1771 4937 2016 5040 diverslrrillent

305 5051 502 5134 lugdunensi
523 5051 773 5139 Archiepiccopo.
