4398 5958
1008 457 1423 540 -4-502-

327 694 438 762 mant
465 700 663 759 assumere
699 675 880 756 uicinum
912 677 1044 757 locum
1074 675 1243 758 fratrum
1277 675 1440 758 alterius
1480 673 1634 758 ordinis
1676 675 1783 758 infra
1823 693 1967 760 cenum
1990 709 2064 790 qua·
2146 651 2147 654 .

326 787 512 895 draginta
541 814 762 867 cannarum
788 787 966 895 spacium
998 814 1074 896 per
1101 783 1235 868 sedem
1277 787 1538 895 apostolicam
1581 804 1836 896 pretaxatum
1876 792 1962 874 sine.
1986 793 2066 897 ipso

326 927 416 978 rum
445 897 610 980 licencia
638 913 680 978 et
708 902 882 980 asse'nsu.
911 900 1115 1005 Rogamus
1141 913 1287 978 tamen.
1315 896 1427 1009 quqd
1456 895 1509 978 ad
1538 897 1659 977 talem
1686 899 1859 1006 graciam
1887 897 2066 1006 faciendam

327 1007 511 1092 difficiles
531 1035 573 1090 se
602 1035 686 1088 non
716 1004 900 1093 reddant.
931 1007 1004 1094 uhi
1032 1035 1082 1092 ex
1109 1007 1341 1115 disposione
1375 1009 1608 1088 situaoionis
1636 1008 1726 1090 loci.
1754 1008 1908 1090 nullum
1929 1011 1985 1089 uel
2007 1039 2068 1093 no

326 1119 461 1204 dicum
490 1120 546 1202 eis
573 1115 843 1234 preludioium
870 1133 1097 1225 generatur.
1158 1119 1343 1200 Preterea
1370 1146 1463 1198 cum
1481 1121 1661 1226 'quisque
1691 1146 1834 1199 cauere
1881 1117 2007 1200 debeat
2033 1149 2069 1201 ne

327 1229 446 1314 alicui
474 1229 597 1318 faciat
630 1227 743 1339 quod
777 1227 864 1312 fieri
892 1229 966 1316 sibi
997 1226 1133 1312 nollet.
1170 1255 1244 1312 uso
1271 1227 1506 1314 electionem
1533 1229 1764 1342 ‚sepulture
1806 1230 1964 1309 alicuius
2004 1257 2069 1338 pen

325 1367 432 1422 sone.
448 1338 560 1457 apud
574 1338 717 1429 fratres
732 1335 894 1426 alterius
902 1336 1056 1426 ordinis
1070 1339 1205 1445 patris.
1221 1354 1261 1420 et
1277 1340 1423 1426 matris,
1442 1337 1578 1420 fratris
1593 1359 1632 1419 et
1646 1340 1795 1422 sororis
1811 1343 1979 1447 personis
1991 1339 2068 1420 dun·

325 1467 435 1538 taxat
464 1452 650 1558 exceptis.
685 1450 887 1530 immutari
922 1476 999 1531 nec
1041 1448 1172 1556 legata
1201 1448 1349 1529 eisdem
1378 1448 1530 1529 relicta.
1573 1448 1744 1533 diminui
1771 1477 1846 1557 per
1873 1478 1912 1528 se
1938 1449 1994 1529 uel
2018 1477 2070 1557 per

325 1559 458 1648 alium.
487 1560 631 1668 aliquis
661 1585 882 1667 procurare
908 1574 1122 1665 presumat.
1150 1558 1373 1650 Attendant
1387 1560 1512 1646 eciam
1528 1557 1687 1666 singuli.
1716 1587 1768 1638 ne
1796 1559 1938 1642 honori
1951 1562 2003 1644 sui
2026 1588 2072 1638 or·

326 1670 433 1754 dirus
469 1669 696 1778 improuide
738 1665 1012 1776 prouidentes.
1042 1670 1085 1748 in
1114 1663 1377 1750 contencione
1406 1687 1447 1750 et
1474 1667 1721 1750 emulacione
1750 1695 1948 1756 sermones
1972 1672 2071 1776 prori-

327 1786 452 1890 piant,
482 1779 549 1860 uel
578 1777 800 1887 impediant
826 1778 1008 1858 aliorum.
1051 1780 1224 1907 Jnsuper
1252 1807 1343 1858 cum
1370 1782 1549 1866 securius
1576 1782 1628 1858 sit
1656 1780 1879 1868 consilium.
1907 1778 2073 1866 etfirmius

326 1889 521 1973 iudicium
548 1889 660 1999 quod
689 1889 954 1996 plurimorum
981 1891 1195 1975 sentenciis
1224 1875 1494 1997 approbatur.
1524 1892 1629 1970 circa
1672 1892 1971 1974 obseruanciam
2007 1918 2072 1968 sen·

325 2002 556 2082 tenciarum.
586 1999 1015 2090 excommunicacionis
1045 2019 1085 2090 ,et
1112 1997 1317 2086 interdicti
1345 2000 1397 2080 ab
1421 2000 1509 2108 alijs
1537 2027 1659 2112 quam
1689 2029 1711 2079 a
1740 2027 1897 2091 summo
1912 2001 2072 2107 pontifice.

325 2130 365 2194 et
393 2110 531 2219 legatis
572 2108 678 2191 sedis
711 2109 940 2218 ¹apostolice
975 2111 1123 2219 quibus
1153 2108 1414 2202 deferendum
1457 2110 1691 2238 simpliciter
1733 2113 1978 2218 prolatarum
2017 2135 2074 2215 quc
2146 2179 2147 2206 ,

323 2224 367 2302 in
396 2220 568 2312 dubium
595 2223 851 2308 reuocentur.
887 2219 1000 2299 'inter
1037 2219 1180 2299 fratres
1215 2222 1423 2330 utriusque
1467 2221 1620 2302 ordinis
1663 2221 1885 2310 collacione
1914 2217 2075 2327 prohibita
2141 2307 2143 2314 y

323 2330 519 2440 diligenti.
549 2331 741 2440 requisito
756 2329 874 2408 etiam
902 2330 936 2407 si
965 2356 1125 2422 necesse
1157 2328 1278 2419 fuerit
1307 2331 1476 2422 consilio
1498 2334 1733 2451 sapientum,
1760 2359 1885 2440 quam
1908 2333 2074 2410 cumcon-

322 2443 491 2530 soienoia
528 2440 763 2549 permiserit.
809 2438 1062 2532 uniformiter
1092 2443 1341 2528 obseruator.
1400 2444 1596 2522 Ceterum.
1627 2443 1722 2550 quia
1752 2441 1791 2523 id
1829 2439 1941 2550 quod
1971 2459 2075 2519 contro
2135 2519 2138 2532 ,

323 2553 535 2640 christiane
564 2552 656 2631 fidei
686 2551 919 2657 religionem
947 2553 1230 2643 committatur.
1269 2553 1310 2630 in
1339 2555 1517 2642 omnium
1547 2553 1726 2646 noscitur
1762 2553 1947 2631 iniuriam
1961 2550 2075 2629 redun-

326 2661 432 2743 dare.
474 2662 731 2770 inquisitores
773 2659 948 2766 heretice
996 2662 1207 2768 prauitatis
1251 2663 1386 2742 nullus
1421 2661 1612 2770 impediat
1640 2661 1705 2743 uel
1741 2663 1960 2768 perturbet.
2003 2660 2076 2767 quin
2145 2671 2147 2749 ξ

322 2773 465 2880 pocius
494 2773 571 2878 ipsi
606 2772 684 2851 sibi
726 2785 865 2850 motuo
893 2785 934 2866 ct
962 2771 1033 2882 alij
1062 2772 1210 2852 eisdem
1238 2774 1281 2852 in
1311 2774 1592 2880 persecucione
1628 2771 1751 2880 officij
1794 2771 1985 2862 indefesse
2008 2767 2075 2848 assi·
2146 2777 2147 2782 '

193 2936 200 2950 ι
298 2897 441 2964 stant.
472 2884 576 2974 Cum
607 2883 733 2991 igitur
760 2883 949 2993 premissa
976 2883 1144 2962 uelimus
1173 2897 1312 2962 exacta
1342 2880 1551 2990 diligencia
1580 2911 1672 2972 cum
1692 2882 1924 2980 efficacibus
1949 2878 2075 2959 monitis

322 3010 363 3074 et
389 2994 632 3100 opportunis
661 2992 981 3082 correctionibus
1016 2991 1152 3082 taliter
1192 2991 1418 3100 prouidere.
1449 3009 1495 3072 ut
1523 2992 1574 3071 ah
1604 2991 1799 3072 inchoatis
1844 2995 1958 3100 siqua
1991 2991 2074 3067 uiue·

323 3103 472 3181 neritis.
502 3101 681 3190 uelocius
695 3119 735 3182 et
751 3102 913 3196 caucius
929 3101 1153 3198 recedatur.
1169 3102 1364 3200 assimilia
1380 3103 1512 3204 nullus
1527 3106 1569 3194 in
1584 3117 1788 3211 posterum
1806 3102 1954 3182 audeat
1968 3116 2075 3178 atten-

323 3227 447 3320 ptare.
487 3211 538 3289 Et
566 3228 612 3292 vt
639 3211 819 3321 predicta
849 3215 890 3292 in
921 3211 1112 3293 fratribus
1156 3229 1295 3292 nostro
1324 3215 1540 3308 commissis
1569 3213 1755 3320 regiminj
1793 3229 1976 3321 optatum
2001 3209 2075 3288 cele-

321 3321 405 3399 rius
433 3323 659 3414 soroiantur
687 3320 888 3403 effectum.
919 3321 970 3403 ad
1000 3325 1210 3411 uniuersos
1236 3340 1461 3416 conuentus
1490 3341 1620 3403 uestre
1644 3325 1867 3431 prouincie.
1902 3317 2074 3408 transscri-

324 3446 440 3540 ptum
468 3435 720 3537 presencium
749 3434 871 3522 vestri
895 3433 1018 3540 ¹sigilli
1048 3433 1283 3529 roboratum
1311 3433 1530 3530 munimine
1551 3432 1770 3524 destinetis.
1798 3438 1967 3514 scientes
1992 3425 2075 3537 quod

323 3551 566 3645 memoratus
595 3559 709 3650 pater
731 3543 911 3621 minister
926 3542 1132 3650 generalis.
1162 3542 1388 3640 consimiles
1418 3545 1572 3623 litteras
1588 3545 1778 3625 ministris
1790 3538 2076 3652 prouincialibus

322 3649 474 3730 ordinis
505 3652 566 3732 sui
594 3653 763 3758 scripsit.
791 3651 930 3732 Valete
960 3673 1001 3734 et
1029 3672 1140 3734 orate
1157 3682 1232 3761 pro
1252 3682 1324 3749 mc.
1357 3655 1503 3734 Datum
1525 3653 1725 3762 Lugduni.
1752 3656 1884 3735 Vlii‘.
1913 3651 2004 3733 Jdus
2015 3649 2075 3730 Nc

321 3761 508 3845 uemhris.

322 4127 455 4266 603.
507 4139 514 4151 ’
1138 4149 1305 4292 i275.
1373 4141 1387 4206 ⁴

402 4371 744 4434 Provincial-Pricrens
765 4375 775 4433 i
797 4372 955 4434 Danmark
977 4371 1134 4459 sirifvelsc
1155 4370 1203 4431 till
1225 4370 1354 4432 Prioreu
1375 4372 1385 4430 i
1407 4369 1546 4450 Signina,
1557 4365 1629 4430 med
1642 4363 1815 4446 hefallning
1836 4386 1890 4436 cm
1913 4355 2076 4443 utsupra

451 4455 489 4516 af
503 4454 690 4535 fiiregdende
709 4455 908 4516 fdreskrister.

1759 4529 1974 4584 nsunt

486 4669 536 4746 Jn
565 4669 630 4749 dei
680 4669 762 4749 filio
790 4667 867 4746 sihi
909 4646 1126 4748 karissimis
1169 4669 1296 4775 priori
1345 4667 1552 4748 et.ceteris
1596 4666 1787 4747 fratribus
1829 4663 1985 4744 ordinis
2020 4656 2077 4735 fra·

195 4783 197 4788 ’
321 4797 428 4858 trum
470 4773 767 4883 predicatorum
810 4777 860 4856 de
905 4795 1108 4874 conuentu
1151 4778 1407 4863 ,Sictuniensi
1473 4779 1626 4856 Frater.·
1668 4782 1715 4856 A.
1744 4774 1919 4862 fratrum
1960 4793 2080 4852 eorun-v

236 4985 239 4994 ,
321 4886 412 4968 dem
440 4889 482 4967 in
510 4890 731 4992 prouincia
747 4886 858 4968 daoie
887 4915 1025 4973 serum
1054 4886 1205 4976 inutilis
1224 4889 1401 4977 ‘salutem
1440 4889 1483 4967 in
1510 4886 1675 4968 domino
1698 4886 1991 4994 sempiternam.
2017 4878 2077 4957 No·

320 4999 458 5077 ueritis
486 5021 547 5075 me
576 5000 769 5105 recepisse
798 4999 952 5079 litteras
981 4996 1190 5077 reuerendi
1221 5001 1344 5104 patris
1371 4998 1504 5080 fratris
1532 4997 1718 5105 johannis
1740 4997 1924 5102 magistri
1953 4986 2077 5072 ordint
2146 5091 2147 5106 .
