4398 5958
825 399 888 472 ·-··'
993 387 1102 494 489'
1150 430 1245 495 .‘·.··
1343 409 1345 417 '

43 603 271 723 «585ss
343 660 346 670 ·
704 701 706 703 .
820 607 838 644 ²
940 607 1107 762 ¹275·
1459 609 1462 620 ’
1567 621 1918 780 Sonderborg.
2069 671 2072 679 ‘

205 804 361 888 Fiirening
381 804 516 870 emellan
537 803 673 888 Konung
695 804 773 906 Este
793 806 804 865 i
826 805 989 870 Danmerlt
1009 804 1071 868 och
1092 806 1276 890 Hertigame
1299 809 1429 904 Mrem
1449 807 1610 904 ocbflsstuc
1631 814 1642 874 i
1664 812 1800 898 Sverige.

1620 927 1657 980 Κ.
1675 945 1703 982 a.
1728 930 1784 998 (πή.

290 1059 437 1138 Entcus
467 1058 542 1137 Dei
571 1058 701 1166 gratia
749 1061 969 1154 Danorum,
1012 1056 1330 1169 Selarorumque
1367 1063 1470 1158 Rex,
1514 1063 1702 1143 omnibus
1741 1091 1918 1171 praesens

124 1171 317 1278 scriptum
347 1167 607 1249 cernentibus
621 1168 790 1249 salutem
819 1170 862 1248 in
882 1171 1062 1249 omnium
1085 1169 1311 1251 Salvatore:
1341 1173 1493 1268 Notum
1511 1172 1794 1254 essevolumus
1816 1205 1917 1284 prae·

123 1282 306 1361 sentibus
335 1283 374 1358 8(
404 1278 567 1375 futuris,
597 1278 708 1389 quod
738 1281 843 1360 inter
872 1291 945 1360 nos
973 1309 1024 1360 ex
1058 1308 1138 1360 una
1181 1300 1316 1390 parte,
1345 1287 1385 1361 8(
1418 1283 1582 1366 Nobiles
1611 1313 1657 1364 ac
1686 1285 1917 1395 Magnificus

122 1397 232 1474 viros
262 1393 310 1470 D.
342 1391 531 1499 Magnum
551 1391 700 1471 Ducem
717 1391 890 1486 Sueciae,
920 1397 960 1469 8(
988 1391 1252 1472 Domieellum
1285 1395 1446 1498 Erieum
1475 1395 1637 1476 fratrem
1667 1397 1752 1504 ejus
1780 1425 1830 1478 ex
1859 1399 1916 1479 al·
2034 1407 2057 1436 *

122 1522 230 1600 tera,
259 1501 394 1583 taliter
423 1500 657 1609 placitatum
687 1518 765 1600 est,
808 1499 887 1582 lide
930 1502 1060 1584 media
1072 1565 1090 1606 ,Ι
1113 1509 1152 1584 8(
1179 1503 1429 1586 condictum:
1459 1507 1584 1610 Quod
1612 1534 1686 1586 nos
1715 1511 1810 1617 ipsis
1839 1539 1915 1618 pro

122 1615 278 1697 viribus
306 1641 445 1694 eorum
461 1612 749 1695 conservandis
780 1613 995 1694 efficaciter
1010 1615 1194 1695 assistere
1222 1614 1453 1712 debeamus
1468 1623 1541 1698 &a
1572 1617 1767 1722 Effectus
1781 1640 1917 1702 autem

120 1746 200 1824 est,
233 1726 339 1836 quod
365 1747 458 1806 trine
485 1729 715 1830 assignavit
743 1731 799 1804 eis
826 1727 870 1804 C.
900 1746 1079 1805 armatos
1121 1756 1210 1807 eum
1251 1734 1358 1807 omni
1391 1730 1527 1809 bellico
1569 1754 1792 1839 apparatu9
1840 1763 1917 1843 pre

121 1839 263 1949 quibus
292 1839 355 1918 illi
375 1841 643 1946 promiseram
667 1911 670 1917 .
690 1839 754 1918 VI
780 1838 839 1916 M.
870 1865 1106 1920 memorumr
1127 1843 1292 1945 argenti
1312 1846 1422 1947 puri,
1455 1844 1494 1920 8(
1520 1870 1642 1922 unum
1670 1861 1847 1922 rastrum
1876 1853 1917 1924 in
1976 1899 1987 1912 ·

114 1957 269 2062 pigmus
297 1949 403 2057 quod
430 1949 494 2027 ille
521 1948 684 2027 eabbat
712 1951 871 2054 eligere,-
905 1949 984 2026 Aa*
1000 1949 1117 2054 eujus
1138 1957 1478 2046 sustentationem,
1510 1959 1848 2034 commotionem
1877 1959 1916 2034 8(

117 2065 491 2250 manatllt'llgffldj'(
489 2065 758 2247 promiserunt
771 2058 1016 2140 contribuere
1029 2061 1081 2140 M
1083 2102 1100 2138 .·
1108 2089 1266 2142 nrareas
1279 2067 1501 2143 annuatim.
1532 2063 1619 2146 Dat.
1635 2061 1917 2172 Sunderborg,

118 2176 242 2252 Anno
532 2227 540 2246 .
1543 2191 1546 2197 '

122 2429 153 2532 5
165 2425 259 2532 86.
753 2551 755 2556 ,
841 2430 1009 2571 1275·
1038 2434 1057 2533 i
1102 2429 1210 2533 Jan.
1671 2429 1916 2578 Nerboas.

125 2673 129 2680 .
201 2611 340 2694 Konung
361 2613 492 2677 Maestus
515 2613 554 2674 Its
574 2609 774 2696 Skyddsbrel
789 2611 838 2672 so'r
859 2612 1031 2696 llisaberga
1051 2613 1177 2692 kloster,
1196 2607 1271 2676 med
1292 2611 1435 2676 befiielse
1456 2589 1507 2675 liir
1527 2613 1591 2676 ella
1608 2612 1724 2697 Kongb
1744 2615 1918 2699 Utsltylder

255 2695 293 2756 af
307 2693 668 2779 klostrets'egendomar.
761 2697 765 2704 '
919 2693 924 2706 ’
983 2704 987 2709 “

1523 2810 1527 2818 ·
1554 2780 1591 2833 A.
1608 2781 1632 2835 3.
1651 2793 1724 2835 nui:
1743 2779 1782 2834 13.

158 2870 164 2878 ’
288 2880 338 2960 Ju
366 2881 681 2960 nominesancte
709 2883 749 2958 8(
776 2879 988 2960 indiuidue
1008 2879 1211 2961 trinitatis.
1228 2879 1408 2990 Magnus.
1426 2857 1492 2961 dei
1506 2883 1654 2990 gracia.
1686 2884 1771 2966 Rex
1801 2885 1914 2966 swe-

35 3065 41 3074 .
114 3019 250 3073 orum.
281 2991 490 3072 Uniucrsis
504 2991 645 3074 christi
660 2991 846 3073 fidelibus
862 3008 1068 3100 presentes
1096 2989 1250 3072 litteras
1278 2994 1528 3101 inspecturis.
1560 2993 1738 3075 Salutem
1767 2997 1915 3076 sanctis

6 3197 12 3210 x
113 3103 310 3188 omnibus
338 3105 633 3211 repromissam.
670 3104 873 3208 Quoniam
902 3101 1040 3182 diuina
1083 3103 1349 3209 prouidcncia
1378 3105 1421 3184 in
1449 3104 1555 3183 hanc
1596 3133 1710 3185 suam
1738 3107 1916 3215 graciam

111 3245 190 3297 nos
223 3217 400 3294 uocauit.
428 3230 473 3294 vt
501 3217 617 3324 regni
645 3213 877 3323 temporalis
906 3214 1079 3294 eulmine
1108 3215 1343 3299 sublimatos
1376 3215 1514 3295 multis
1543 3215 1737 3323 preferret
1765 3217 1916 3300 moria·

112 3329 237 3410 libus.
252 3396 257 3403 .
275 3331 460 3406 tenemur
489 3331 529 3406 8(
556 3353 631 3407 nos
658 3327 744 3405 vice
780 3324 915 3407 debita
958 3327 1103 3406 Sancte
1148 3324 1321 3408 Ecclesie
1366 3326 1517 3437 ubique
1546 3329 1588 3406 in
1617 3355 1744 3435 regno
1774 3344 1915 3410 nostro

111 3439 316 3550 ampliare
345 3436 474 3517 modis
502 3438 687 3519 omuibus
716 3436 952 3517 libertatem.
984 3436 1152 3518 Nouerit
1181 3439 1306 3548 igitur
1335 3437 1771 3521 lideliumrniuersitas.
1802 3439 1916 3550 quod

112 3549 166 3632 ad
198 3549 477 3630 reuerericiam
506 3549 681 3658 gloriose
697 3544 857 3629 domine
887 3551 927 3626 &
954 3549 1120 3655 virginis
1149 3549 1281 3630 Marie.
1311 3571 1449 3631 omnes
1478 3552 1748 3657 possessiones
1777 3553 1914 3632 Eccle-

109 3664 170 3743 sie
202 3659 383 3741 eiusdem
414 3659 530 3740 beate
560 3661 683 3752 marie
712 3657 763 3738 de
792 3658 1041 3768 Risebiergh
1070 3659 1289 3742 attinentes
1331 3659 1385 3740 ob
1427 3687 1612 3742 sororum
1654 3660 1916 3744 dcuocionem
2048 3686 2054 3695 “

111 3771 275 3855 ibidem
305 3774 576 3854 existeneium.
607 3769 866 3891 vibicumque
896 3772 937 3850 in
967 3799 1092 3879 regno
1110 3789 1248 3850 nostro
1276 3789 1372 3860 sunt
1400 3777 1617 3854 constitute
1647 3801 1737 3852 cum
1759 3773 1913 3853 colonis
2016 3855 2029 3868 ,

111 3893 154 3966 8(
184 3882 378 3966 omnibus
408 3882 666 3991 pertinencijs
700 3883 790 3961 suis.
820 3880 935 3962 villis.
966 3888 1003 3963 8(
1029 3882 1284 3964 ’Νεωονίὺιιε.
1329 3885 1458 3990 Agris.
1488 3883 1786 3991 piscacionibus
1818 3887 1911 3966 suis.

90 4003 155 4092 8(
180 3993 424 4078 redditibus.
453 3993 506 4072 ab
522 3993 631 4074 omiti
647 3994 734 4076 iure
750 3992 874 4100 regali
890 3993 1036 4074 liberas
1051 4020 1207 4100 semper
1222 3996 1477 4079 concedimus
1491 4001 1532 4074 8(
1546 4011 1762 4101 exemptas.
1792 4011 1840 4080 vt
1866 3996 1913 4074 li·
1990 4061 1995 4068 .

92 4109 218 4190 *bere
250 4107 402 4188 sintin
429 4132 544 4190 usum
580 4105 742 4185 ecclesie
773 4122 998 4185 memorate.
1028 4111 1066 4184 8(
1094 4104 1329 4186 beneficium
1360 4107 1660 4213 sempiternum.
1705 4121 1749 4184 vt
1790 4107 1914 4214 igitur

109 4245 246 4328 super
267 4215 398 4298 ¹bonis
427 4216 607 4328 predicte
636 4214 800 4296 ecclesie
828 4214 921 4296 data
951 4214 1115 4296 libertas
1144 4217 1358 4300 immobilis
1391 4232 1630 4324 perseueret.
1660 4213 1829 4300 eandem
1865 4218 1914 4296 li·

110 4331 323 4413 bertatem
353 4329 593 4410 roborantes
622 4328 654 4408 si
685 4324 743 4406 illi
772 4325 902 4408 nostri
931 4327 1148 4406 munimine
1184 4329 1473 4408 confirmamus.
1523 4327 1697 4438 insuper
1726 4329 1914 4410 omnibus

111 4471 193 4553 per
223 4441 432 4549 presencia
459 4441 611 4549 scripta
640 4357 898 4519 declaramus.
928 4437 1038 4556 quod
1069 4437 1266 4546 prefatam
1311 4436 1475 4544 domum
1504 4444 1543 4520 8(
1571 4464 1728 4518 sorores
1764 4438 1914 4525 ibidem

79 4553 195 4635 deo
229 4551 396 4632 domino
423 4552 642 4632 seruientes
671 4550 747 4631 sub
777 4550 909 4660 clypei
937 4551 1065 4629 nostri
1094 4548 1219 4629 tutela
1249 4551 1528 4632 constituimus
1562 4547 1788 4658 specialiter
1815 4578 1924 4657 pro-s

108 4663 329 4773 tegendas.
359 4659 553 4772 quamdiu
580 4662 798 4742 vixerimus
813 4660 977 4742 domino
1006 4660 1209 4768 largiente.
1239 4662 1303 4746 Jta
1332 4653 1445 4776 q'uod
1474 4661 1718 4788 quicumque
1739 4661 1836 4767 ipsis
1850 4692 1912 4744 1n

107 4779 225 4858 iuste
256 4772 379 4852 luerit
407 4771 642 4853 aduersatus
671 4771 715 4878 jn
729 4772 785 4855 'se
815 4770 1072 4854 &inbonis
1101 4771 1182 4851 suis
1210 4773 1390 4853 strictam
1419 4788 1554 4854 nostre
1585 4773 1794 4851 ma1estatis
1821 4799 1913 4853 sen-

6 4957 10 4968 .
105 4889 195 4968 ciet
228 4884 444 4965 ulcionem.
479 4884 579 4964 Jllos
607 4896 742 4963 autem
771 4909 874 4996 quos
908 4885 1104 4965 Dominus
1132 4883 1175 4965 in
1205 4881 1338 4967 locum
1366 4900 1548 4963 nostrum
1569 4880 1797 5000 prouiderit
1825 4911 1944 4966 sua.

268 5031 315 5084 a.
333 5025 459 5099 neptae.
1736 4990 1784 5071 62
