4404 5960
838 469 896 496 -
1006 423 1085 534 447
1198 471 1256 492 .-

147 644 225 757 filij.
242 645 418 725 Salutem
436 643 479 724 in
492 643 660 726 domino
672 646 969 755 sempiternam.
1000 649 1204 751 Quoniam
1219 647 1326 728 bone
1341 650 1530 730 memorie
1545 646 1733 730 dominus
1755 645 1938 731 Karulus

144 756 384 867 perdilectus
414 755 539 836 frater
568 767 704 838 noster
759 757 960 867 quandam
1003 761 1263 840 mansionem.
1313 757 1441 840 silicet
1483 759 1744 846 Wentahrun
1786 760 1939 867 legauit

34 881 40 886 ’
142 872 318 950 claustro
346 869 397 950 de
425 897 506 964 sco,
535 867 579 948 in
607 897 772 948 suorum
800 876 838 950 8(
871 886 1102 950 nostrorum
1128 872 1402 952 remissionem
1425 873 1697 980 peccatorum.
1726 874 1811 954 Nos
1826 870 1936 954 facto

139 982 323 1090 tempio
347 981 512 1090 menum
541 979 781 1060 adhibentes
810 1008 1048 1062 consensum
1080 981 1228 1064 dictam
1259 981 1522 1064 donacionem
1550 1000 1680 1064 ratam
1707 991 1747 1067 8r
1775 999 1935 1094 gratam

141 1092 345 1187 babemus,
365 1117 543 1200 :eamque
571 1091 757 1173 volumus
787 1093 829 1172 in
858 1108 1100 1202 perpetuum
1130 1093 1351 1199 obseruari.
1379 1096 1430 1174 Jn
1459 1095 1574 1176 cuius
1588 1096 1646 1176 rei
1660 1097 1935 1179 testimonium

36 1305 42 1314 .
138 1205 315 1312 presenti
338 1205 491 1312 pagine
518 1202 647 1310 sigilla
674 1219 811 1284 nostra
840 1204 1027 1288 duximus
1042 1203 1296 1312 apponenda.
1326 1207 1475 1301 Datum
1504 1208 1622 1308 Hiran
1636 1234 1744 1290 anno
1765 1206 1933 1292 domini.

138 1313 651 1397 lll⁰.CC⁰.LXVlll⁰.Vlll⁰.
679 1314 780 1394 ldus
808 1316 1011 1397 Octobris.

733 1455 779 1518 Pa
801 1455 976 1518 tlensium:
998 1477 1092 1542 super
1112 1458 1338 1521 ventabrunna.

333 1567 461 1652 Sigilleu
483 1571 542 1632 rto
568 1591 593 1648 r,
617 1590 645 1648 u,
668 1570 698 1648 3,
720 1569 750 1650 5,
772 1593 840 1632 mer
860 1569 921 1634 ocb
942 1569 1064 1666 mindre
1085 1568 1237 1650 sladade,
1259 1571 1371 1648 linnas3
1392 1574 1452 1634 Nto
1472 1573 1494 1650 4
1514 1577 1548 1633 ar
1568 1572 1737 1636 bortfullet.

25 1893 32 1906 ὓ
135 1933 271 2042 536.
446 1865 448 1872 Α
768 1935 917 2040 1268
964 1932 1013 2039 d.
1062 1973 1133 2078 27
1183 1931 1298 2038 Oct.
1631 1935 1926 2047 Wadstena.

213 2153 308 2216 Emcs
329 2153 505 2217 Gdsvobres
520 2153 562 2238 pa
582 2151 760 2238 Aspeluuda
780 2154 828 2217 till
850 2157 1002 2219 Alwustra
1022 2155 1146 2217 kloster.
1595 2236 1623 2292 D
1734 2239 1785 2310 983
1841 2208 1844 2218 .

497 2249 501 2256 ·
786 2299 790 2304 ,
1624 2253 1676 2292 .a.
1693 2252 1717 2311 ηε
1786 2276 1796 2295 .

299 2371 506 2454 Universis
535 2372 685 2452 Christi
719 2371 924 2472 fidelibus,
967 2374 1117 2486 quibus
1146 2401 1321 2483 praesens
1362 2374 1558 2481 scriptum
1601 2373 1842 2472 innotuerit,
1884 2377 1932 2456 Ε.

120 2486 300 2595 Byrgeri
327 2482 535 2595 quondam
570 2485 695 2564 Ducis
723 2511 937 2593 germanus
965 2485 1155 2568 Salutem.
1199 2487 1261 2565 Ne
1290 2501 1492 2594 gestarum
1521 2511 1656 2566 rerum
1696 2486 1841 2566 notitia
1871 2487 1929 2567 la·

120 2598 253 2679 bente
280 2615 462 2706 tempore
500 2595 653 2703 pariter
696 2586 918 2694 dilabatur,
960 2598 1225 2679 discretorum
1268 2598 1448 2677 virorum
1490 2595 1669 2677 sollertia
1710 2596 1813 2677 solet
1840 2625 1930 2680 eam

118 2711 272 2820 scripti
298 2753 356 2774 -
380 2755 439 2772 -
466 2707 664 2790 Noverint
692 2707 830 2817 itaque
858 2727 939 2791 tam
969 2725 1183 2819 praesentes
1212 2735 1334 2816 quam
1364 2706 1511 2802 futuri,
1540 2706 1654 2819 quod
1673 2722 1807 2787 totum
1834 2735 1929 2817 pre·

116 2823 241 2906 dium
266 2823 461 2904 'nostrum
509 2818 551 2900 in
595 2818 894 2926 Aspelundum‚
940 2850 1032 2901 cum
1080 2820 1269 2900 omnibus
1313 2820 1535 2899 attinentiis
1578 2819 1682 2914 suis,
1723 2821 1927 2904 consenti·

112 2951 213 3018 ente
256 2931 486 3042 praedilecta
526 2929 700 3038 conjuge
736 2947 884 3029 nostra,
916 2932 1165 3012 Alvastreusi
1193 2930 1392 3028 coenobio,
1420 2931 1493 3010 ubi
1520 2930 1767 3038 sepulturam
1811 2931 1927 3040 eligi·

111 3073 226 3142 mus,
264 3073 342 3153 pro
370 3033 499 3124 salute
527 3041 668 3132 animae
697 3055 845 3122 nostrae
880 3044 1144 3138 contulimus,
1174 3043 1214 3122 iu
1242 3043 1318 3122 sub
1347 3089 1403 3105 -
1430 3090 1486 3106 -
1514 3039 1789 3121 irrevocabilis
1831 3068 1925 3152 per·

112 3159 308 3251 fruetur,
336 3153 546 3234 Fratribus
575 3153 617 3232 in
645 3171 866 3232 memorato
895 3155 1081 3235 coenobio
1111 3152 1277 3233 domino
1303 3152 1581 3233 servientibus.
1610 3156 1789 3231 Praesens
1827 3153 1925 3233 scri·
1955 3239 1960 3246 „

109 3287 242 3380 ptum
273 3269 317 3346 in
345 3262 617 3348 testimonium
647 3262 878 3344 traditionis
907 3266 1073 3346 firmiter
1106 3265 1355 3344 roboratum.
1385 3271 1531 3344 Actum
1546 3263 1925 3346 AnnodominiM.·

111 3377 405 3464 CC.LX.VIII.
439 3376 507 3455 VI.
537 3374 711 3486 Kalend.
742 3375 992 3460 Novembris.
1022 3375 1221 3457 Vastenis.

51 3758 59 3772 ¹
111 3773 262 3914 537.
775 3765 924 3873 1268
972 3766 1019 3871 d.
1075 3806 1136 3874 11
1192 3769 1311 3888 Dec
1594 3697 1920 3909 ·Wisings6.

198 3991 345 4069 Konung
367 3989 568 4050 Wsnourmns
591 3988 669 4050 Bref
685 3985 818 4048 retr-ande
844 3987 920 4070 byte
941 3989 979 4050 af
994 3987 1122 4062 audelar
1142 3991 1152 4050 i
1175 3989 1362 4072 Yggelstorp
1382 3986 1441 4048 och
1463 3985 1583 4046 Udsntis
1603 3985 1651 4048 till
1672 3982 1828 4046 Alivustra
1848 3983 1922 4045 llo·
2029 3995 2036 4000 '

257 4083 321 4134 ster
342 4082 408 4132 mol
427 4071 555 4133 undelar
576 4073 586 4132 i
606 4073 666 4132 Niis
687 4071 727 4155 pe
749 4072 914 4153 Wisingsli.

1572 4149 1607 4202 A.
1627 4146 1651 4201 3.
1670 4164 1695 4200 r.
1716 4161 1783 4200 tta.

293 4291 363 4369 W.
393 4287 459 4368 dci
487 4290 622 4396 gracia
652 4289 738 4369 Rex
767 4313 979 4368 sweorum.
1017 4285 1217 4367 Omnibus
1260 4301 1464 4393 presentes
1493 4282 1647 4363 litteras
1676 4280 1918 4389 inspecturis

93 4403 292 4487 salutem
326 4402 369 4480 in
398 4398 564 4480 domino
592 4401 887 4507 sempiternam.
923 4401 1122 4506 Prosentis
1157 4398 1413 4476 instrumenti
1458 4396 1558 4474 serie
1587 4410 1769 4473 constare
1798 4389 1917 4470 uolu-

94 4543 199 4598 mus
236 4510 508 4621 presentibus,
537 4515 576 4589 &
605 4507 835 4591 futurorum
863 4511 1011 4590 noticie
1039 4507 1330 4589 commendare.
1374 4507 1457 4586 Nos
1486 4505 1594 4586 bona
1623 4517 1762 4582 nostra
1790 4503 1917 4611 patri·

91 4624 312 4710 monialis
342 4613 528 4704 videlicet
557 4649 682 4701 vnum
711 4637 925 4730 attungum
956 4622 995 4701 in
1026 4617 1292 4726 iggelsthorp
1320 4622 1359 4696 8<
1388 4616 1795 4720 aliumattungumin
1821 4610 1916 4693 vds-

88 4766 175 4820 nes
230 4737 281 4814 in
322 4733 506 4812 thuetum
556 4759 647 4811 cum
689 4733 876 4814 omnibus
920 4731 1179 4839 pertinenciis
1221 4727 1441 4809 eorundem
1489 4753 1566 4834 pro
1606 4723 1737 4804 tribus
1778 4739 1915 4804 attun-

85 4854 159 4962 gis
195 4853 247 4928 &
280 4841 448 4924 dimidio
476 4844 519 4922 in
545 4841 749 4953 villaque
778 4841 928 4923 dicitur
957 4842 1116 4922 Naesin
1146 4838 1329 4931 Wisinso
1357 4863 1554 4919 consensu
1590 4841 1630 4915 &
1674 4837 1912 4916 auctoritate
2048 4859 2052 4872 ¹

83 4957 283 5046 abbatis
311 4959 351 5041 &
378 4953 510 5038 tocius
536 4968 761 5035 conuentus
797 4953 987 5034 aluastrie
1030 4979 1121 5032 cum
1140 4949 1314 5032 -eisdem
1342 4947 1491 5034 abbate
1519 4953 1559 5032 &
1587 4961 1797 5030 conuentu
1839 4945 1912 5025 ob·
