4368 5950
952 335 1504 422 -‘1eo-·

271 559 424 644 tendas.
481 554 789 640 venerabilibus
818 557 1028 640 Fratribus
1056 563 1207 642 nostris
1223 622 1233 641 .
1250 623 1259 641 .
1276 620 1285 640 .
1300 619 1309 640 .
1326 555 1539 641 Vbsalensi
1567 563 1892 673 archiepiscopo,
1904 587 1942 650 et
1956 573 2033 656 Sul·

270 675 469 782 fragan'eis
496 671 593 762 eius,
622 687 661 749 et
681 665 710 779 ¹)
740 659 960 775 Episcopis,
982 695 1029 748 ac
1045 671 1212 751 aliarum
1229 669 1262 782 ²)
1278 669 1365 751 aliis
1381 669 1651 754 Ecclesiarum
1666 675 1835 757 Prelatis
1849 704 1919 784 per
1933 681 2033 764 Daci·

197 809 205 820 ·
272 807 358 880 aar,
386 799 428 864 et
455 780 659 861 Snethiam
686 780 917 860 constitutis
946 805 1019 886 per
1035 780 1195 889 Scripta
1210 799 1350 864 nostra
1373 781 1626 880 mandantes,
1642 784 1845 868 uttibiad
1860 787 2036 898 hocopus

271 895 444 978 fideliter
474 891 677 972 laboranti
704 904 898 1000 tanquam
925 891 1081 998 Legato
1110 891 1330 1002 apostolice
1358 886 1471 974 Sedis
1499 892 1734 991 intendant,
1767 911 1813 976 ut
1835 901 2038 993 eorumad·

272 1011 380 1088 iutus
409 1003 561 1086 auxilio
588 1002 785 1081 talentum
813 993 888 1080 tibi
917 1002 1168 1082 commissum
1197 1032 1288 1084 cum
1319 1003 1534 1112 multiplici
1568 1004 1687 1088 nobis
1716 1005 1831 1086 lucro
1865 1013 2040 1117 resignes,

272 1145 363 1200 cum
391 1133 482 1196 tea
510 1111 797 1223 predicationis
825 1110 959 1191 officio
988 1115 1076 1192 Deo
1105 1115 1217 1194 Duce
1246 1115 1462 1223 contigerit
1490 1141 1676 1196 remeare.
1733 1118 1819 1199 Nos
1840 1120 2041 1202 enimlibe·

269 1255 358 1308 ram
400 1224 477 1306 tibi
519 1221 775 1330 concedimus
808 1237 1068 1329 potestatem,
1101 1240 1148 1304 ut
1176 1226 1286 1305 iuxta
1314 1224 1485 1304 verbum
1513 1226 1797 1334 propheticum
1826 1229 1984 1326 evellas,
2010 1249 2043 1310 et

273 1338 473 1431 destruas,
516 1353 557 1414 et
599 1333 770 1427 edilices,
805 1349 846 1413 et
881 1333 1050 1443 plantes,
1087 1351 1210 1443 prout
1254 1351 1473 1443 utrumque
1508 1335 1731 1419 secuudum
1752 1338 1881 1424 Deum
1906 1340 2038 1423 videris

272 1447 509 1530 faciundum.
566 1447 657 1525 Dat.
686 1443 873 1524 Laterani
902 1443 996 1526 azdo
1024 1445 1127 1527 Non.
1159 1444 1309 1554 Aprilis
1338 1445 1602 1528 pontificatus
1627 1449 1759 1530 nostri
1786 1453 1907 1534 Anno
1930 1452 2044 1555 Quin·

273 1579 317 1643 to
345 1556 510 1641 deeuno.
960 1551 964 1561 ’
1407 1609 1410 1616 ,
1814 1609 1818 1618 ·

242 1930 411 2076 trad.
917 1981 1063 2049 1212
1113 1940 1162 2046 d.
1211 1943 1242 2048 3
1290 1943 1426 2050 luni.
1532 2088 1538 2100 .

358 2135 471 2245 Konun
512 2165 600 2228 Euro
612 2163 791 2229 Ksurssons
809 2161 983 2245 glsrobres
999 2163 1049 2224 tur
1069 2163 1239 2248 Riseberga
1257 2125 1374 2228 kloster
1395 2167 1435 2248 pi
1463 2165 1498 2227 1'2
1520 2169 1660 2251 attingar
1681 2168 1690 2240 i
1710 2165 2049 2232 hemmanetsveabodh

380 2251 449 2338 wi
508 2250 579 2327 aud,
598 2257 681 2310 namt
700 2248 765 2310 alla
783 2243 898 2328 Kongl.
916 2247 1047 2310 saldreu
1066 2248 1106 2308 af
1121 2248 1265 2310 klostret's
1282 2249 1479 2329 egendomar,
1541 2264 1544 2274 ·
1793 2265 1796 2271 -
2024 2267 2029 2274 .

713 2417 716 2422 .
1164 2397 1165 2400 =
1664 2363 1701 2416 A.
1720 2365 1744 2419 3.
1764 2379 1790 2417 u.
1815 2377 1835 2417 r:
1858 2383 1883 2418 a.
1901 2369 1936 2430 *).

237 2589 248 2611 ⁸
444 2503 590 2582 Eamus
625 2494 771 2604 summj
805 2498 912 2606 regis
950 2499 1086 2608 gracia
1122 2524 1192 2577 rex
1238 2515 1440 2580 sweorum
1466 2500 1655 2581 omnibus
1687 2496 1888 2610 ¹catholice
1931 2499 2053 2579 matris
2149 2503 2150 2516 ¹

278 2613 442 2699 ecclesie
468 2611 560 2698 filiis
587 2627 671 2690 tam
697 2609 954 2716 presentibus
989 2635 1112 2720 quam
1140 2607 1286 2689 futuris
1330 2629 1554 2719 presentem
1595 2611 1784 2722 paginam
1825 2611 2053 2720 inspecturis
2149 2663 2150 2668 Ν

277 2727 343 2809 'vel
385 2719 583 2805 audituris
618 2715 786 2799 salutem
820 2723 859 2800 8<
893 2719 1102 2833 utriusque
1136 2718 1310 2799 hominis
1347 2725 1589 2829 sospitatem.
1627 2723 1833 2830 preciosus
1875 2721 2054 2804 memorie

277 2839 490 2936 thesaurus
505 2847 564 2913 est
580 2830 778 2937 scriptura
787 2854 867 2938 que
874 2833 1086 2911 varietates
1100 2857 1235 2911 rerum
1251 2832 1582 2940 incommutabilj.
1596 2837 1754 2941 semper
1766 2829 2055 2944 'loquiturveri
2149 2873 2150 2940 ss

190 2939 196 2950 ’
278 2966 373 3030 tate.
403 2947 505 3024 Nam
518 2938 632 3050 quod
649 2939 916 3046 prudeneium
930 2941 1107 3022 virorum
1123 2941 1338 3048 disponere
1353 2939 1604 3024 decreuimns
1618 2943 1787 3026 cornilio
1802 2960 1846 3021 vt
1860 2972 1936 3052 per
1950 2965 2053 3023 omne
2149 2949 2150 3004 ὃ

279 3079 437 3164 tempus
448 3053 592 3134 stabile
607 3079 653 3129 ac
669 3067 800 3130 ratium
815 3068 1045 3160 permaneat
1060 3051 1229 3158 dignum
1252 3051 1439 3134 duximus
1461 3072 1605 3137 nostro
1629 3055 1867 3137 confirmare
1892 3055 2055 3135 testimo·

280 3171 362 3266 nio,
390 3167 495 3245 Hinc
522 3179 582 3242 est
609 3159 722 3270 quod
749 3162 1003 3270 vniversitatj
1017 3178 1152 3243 uestre
1167 3179 1312 3244 notum
1324 3189 1411 3244 esse
1426 3164 1612 3244 volumus
1624 3163 1740 3274 quod
1754 3191 1830 3272 ego
1844 3167 1980 3247 ericus
1997 3185 2058 3242 res

279 3280 498 3366 claustrum
517 3273 578 3352 'de
606 3271 849 3379 rysaebaergb
878 3300 924 3369 ac
953 3273 1176 3354 mansiones
1205 3299 1296 3352 suas
1323 3301 1399 3354 nec
1428 3287 1514 3356 non
1552 3281 1591 3355 &
1622 3278 1758 3355 omnia
1802 3275 1945 3382 predia
1974 3299 2057 3352 cum

280 3385 495 3469 mobilibus
520 3382 764 3463 substanciis
808 3385 902 3477 suis,
943 3379 1018 3463 sub
1061 3383 1315 3492 protectione
1342 3382 1410 3491 dej
1438 3391 1477 3465 Sc
1505 3401 1642 3463 nostra
1672 3412 1782 3465 nunc
1812 3392 1852 3466 &
1884 3385 2060 3492 deinceps

180 3547 182 3552 ·
281 3497 558 3588 eondituimus
586 3499 625 3570 Se
652 3493 686 3570 si
713 3490 817 3582 forte
846 3495 888 3572 in
914 3493 1092 3577 elaustro
1124 3492 1307 3602 predicto
1336 3495 1400 3573 vel
1422 3498 1465 3576 in
1494 3495 1768 3608 mansimibus
1789 3497 2060 3579 sanctimonia·

202 3685 204 3692 s
280 3613 379 3692 lium
407 3601 571 3714 aliquod
601 3600 791 3682 delictum
820 3605 966 3685 iniuste
994 3607 1250 3684 commissum
1279 3604 1401 3686 fuerit
1429 3605 1537 3688 vnde
1564 3606 1718 3714 regales
1751 3605 1885 3685 solent
1914 3633 2061 3709 exerre-

279 3723 328 3832 rj.
358 3717 592 3799 exacciones
624 3710 770 3794 'diuine
812 3718 1152 3796 remuneracionis
1176 3719 1333 3796 'intuitu
1365 3733 1498 3798 totum
1531 3716 1752 3797 earundem
1787 3719 2060 3799 committimus

152 3882 159 3901 ι
281 3829 449 3914 arbitrio
478 3823 763 3932 corrigendum
790 3829 1023 3933 &insuper
1050 3828 1093 3905 in
1122 3826 1189 3907 die
1217 3829 1501 3910 coronacionis
1529 3845 1665 3910 nostre
1732 3827 1909 3908 uandam
1939 3828 2063 3908 villam

280 3946 326 4024 in
351 3938 515 4035 olandia
544 3937 706 4015 nomine
734 3935 966 4018 Sweabodh
993 3935 1065 4041 vbj
1096 3935 1308 4017 duodecim
1336 3939 1517 4046 attongie
1531 3954 1639 4022 terre
1654 3855 1857 4044 habentur
1873 3967 1952 4046 pro
1969 3937 2063 4021 diui-

280 4079 335 4150 no
362 4075 498 4132 amore
526 4046 657 4156 ejdem
685 4044 863 4132 claustro
888 4047 1134 4130 contulimus
1162 4049 1205 4127 in
1233 4045 1477 4144 subsidium,
1506 4050 1644 4159 siquis
1661 4065 1800 4130 ‚antem
1815 4049 1921 4132 hanc
1938 4065 2063 4131 nostre

258 4159 516 4246 'donacionis
550 4149 744 4268 paginam.
768 4157 965 4240 irritando
990 4155 1256 4243 ,adnichillare
1284 4158 1459 4240 voluerit
1487 4187 1538 4240 ex
1558 4161 1800 4240 auctoritate
1830 4159 1898 4268 dej
1929 4168 1971 4244 8(
1997 4186 2063 4240 no·

265 4293 361 4358 -stra
388 4263 654 4379 anathematis
681 4268 855 4352 vinculo.
870 4297 912 4350 se
927 4270 1089 4352 nouerit
1103 4265 1312 4376 innodarj:
1342 4270 1418 4350 Cui
1448 4297 1560 4369 vero¹
1578 4288 1714 4354 nostre
1729 4269 1968 4381 huiusmodj
1981 4297 2063 4351 san·

283 4383 389 4492 cionj
418 4377 693 4464 obsecundare
723 4380 1050 4488 conprobatur.a
1079 4383 1211 4466 totius
1233 4377 1424 4490 largitore
1453 4381 1654 4464 bonitatis.
1689 4381 1894 4486 misericor
1906 4383 2067 4465 diam&

77 4563 80 4574 .
283 4494 573 4603 indulgentiam
602 4507 882 4598 consequatun
910 4490 1049 4573 valete.
1088 4493 1236 4574 Datum
1270 4491 1323 4571 ab
1358 4493 1639 4574 incarnacione
1675 4489 1828 4571 domini
1864 4524 1986 4577 anno
2013 4491 2065 4578 Μ’

284 4591 471 4731 CC⁶XIl⁹
500 4600 598 4721 ΙΠΙΟ
630 4601 854 4682 indiccione
882 4601 975 4682 XII·
1008 4603 1083 4683 ΙΙΙο
1115 4631 1240 4736 nonas
1268 4603 1381 4713 juni}
1424 4615 1466 4722 ,ὑ
1577 4599 1580 4606 ,

2145 3123 2150 3162 l

297 4851 302 4948 L
326 4828 350 4928 l)
372 4841 464 4954 Ester
484 4864 521 4955 cp
541 4845 691 4946 odaterad
710 4815 895 4925 aldimatiou
913 4845 954 4909 af
971 4847 1052 4910 sisu
1068 4847 1230 4912 Srouunoi
1245 4847 1416 4932 Strengnis.
1462 4867 1489 4925 a,
1504 4851 1532 4926 a)
1545 4846 1641 4913 etoclr
1650 4849 1783 4913 aliarum
1796 4851 1969 4918 uteslutaei
1979 4819 2064 4920 ltn-
