4382 5964
868 448 871 460 .
1015 339 1109 455 ..¹
1185 361 1270 500 '572
1377 433 1438 457 ...

330 609 410 700 bria
436 616 491 694 δι’
504 609 774 720 prouentibus
802 607 1075 723 percipiendis
1104 611 1146 692 in
1174 612 1312 722 vigilia
1342 617 1383 694 a
1398 611 1476 696 ¹'die
1504 613 1615 699 beati
1644 614 1766 696 Olaui
1792 614 1835 697 in
1862 617 2069 728 &prunis

311 819 316 824 ,
359 719 536 804 nondum
565 719 733 805 fecimus
761 723 869 803 inter
906 719 1232 805 sanctimoniales
1274 721 1325 805 de
1365 742 1502 808 monte
1529 727 1626 810 solis
1654 731 1694 806 &
1722 743 1910 810 rectorem
1947 726 2071 816 ecclesie

327 750 381 915 de
407 831 614 942 helgha'wi
640 834 864 944 temporale
891 833 1080 916 videlieet
1115 861 1244 946 usque
1273 833 1325 914 ad
1352 835 1527 920 reditum
1556 851 1739 920 nostrum
1774 840 1976 922 interram
2008 861 2071 951 gut·

327 941 466 1027 landie
494 943 577 1052 jam
604 962 845 1057 perpetuam
871 942 1041 1028 facimus
1069 961 1110 1026 et
1137 972 1221 1026 esse
1250 946 1440 1029 uolumus
1498 965 1677 1032 resentes
1704 977 1826 1058 super
1851 949 1923 1032 hoc
1959 953 2072 1036 litteras

327 1053 603 1158 concedendo.
635 1059 785 1139 Datum
814 1053 939 1138 anno
953 1053 1109 1164 dominj
1137 1055 1420 1140 MCCLXXX⁶
1450 977 1516 1142 de
1544 1061 1641 1142 lune
1668 1076 1763 1170 post
1803 1079 1972 1148 octauam
2004 1092 2071 1174 apo

306 1167 524 1250 'stolorum
552 1168 660 1277 petri
686 1174 726 1251 δι
755 1165 878 1279 pauli.

332 1561 465 1705 703.-
595 1598 599 1606 ,
979 1562 1131 1671 1280
1177 1563 1226 1671 s.
1282 1563 1348 1726 ιβ
1396 1563 1495 1671 sn.

2133 1591 2135 1650 l

325 1803 332 1809 ·
407 1779 545 1866 Konung
565 1783 697 1872 Mrem
719 1781 758 1846 ta
779 1781 858 1846 Brel'
872 1783 1007 1848 idrande
1028 1805 1078 1846 ser
1098 1783 1213 1867 garda·
1233 1787 1243 1848 i
1265 1787 1479 1854 Wermeland.

490 1999 664 2082 Mecum
692 1997 759 2085 dei
794 2001 931 2111 gracia
971 2028 1175 2084 sweorum
1217 2003 1518 2116 gothorumque
1561 2005 1650 2088 Rex
1678 2005 1880 2112 Omnibus
1917 2019 2077 2116 presente

324 2111 480 2196 litteras
507 2113 751 2222 inspecturis
778 2112 948 2194 salutem
979 2173 1223 2195 .......
1251 2135 1303 2206 ’.,.
1334 2173 1344 2194 .
1373 2177 1384 2197 .
1412 2175 1422 2196 .
1452 2117 1530 2196 bus
1557 2145 1632 2228 per
1659 2119 1838 2228 graciam
1852 2134 2008 2198 nostran
2035 2115 2075 2194 Ne
2134 2127 2135 2192 ζ

322 2229 416 2334 quis
443 2225 666 2335 Religiosas
694 2228 735 2304 &
760 2223 952 2306 honestas
966 2222 1151 2306 dominas
1164 2226 1489 2309 sanctimoniales
1505 2225 1556 2310 de
1578 2230 1826 2339 Rysobyerg·
1847 2269 1894 2310 .·.
1920 2271 1935 2310 .·
1954 2289 1962 2310 .
1984 2289 1995 2312 .
2014 2287 2022 2305 .
2044 2282 2076 2304 ..

321 2335 394 2418 riis
420 2334 550 2418 silicet
578 2331 682 2418 lund
708 2334 914 2446 spangarh
941 2333 1107 2417 skanem
1148 2337 1414 2447 hyortbaergh
1447 2344 1488 2420 8r
1522 2336 1682 2422 duabus
1723 2341 1768 2420 in
1810 2333 2076 2429 somaerstadun

323 2505 612 2531 ........
640 2447 800 2556 &ipso
828 2447 956 2528 eciam
984 2448 1150 2529 uiuente
1178 2446 1413 2531 habuerunt
1440 2447 1590 2532 audeat
1618 2449 1875 2562 aliquatenus
1900 2449 2075 2540 nolana

323 2573 419 2641 ante
447 2559 572 2672 quam
597 2581 674 2640 nos
702 2615 1034 2642 .........
1063 2562 1384 2668 peruenerimus,
1413 2565 1452 2642 8(
1480 2557 1632 2644 habere
1660 2564 1884 2672 poterimus
1912 2558 2074 2642 discussio·

321 2697 416 2752 nem
474 2667 652 2751 uomodo
680 2693 803 2778 super
829 2669 908 2752 hoc
948 2669 1075 2750 fuerit
1119 2667 1395 2751 ordinandum
1425 2731 1675 2755 .......
1708 2700 1821 2753 anno
1862 2671 1999 2755 domini
2018 2667 2072 2748 Μ’·
2121 2771 2124 2776 Ι

322 2781 447 2863 CC⁰L
566 2807 664 2878 xmo,
692 2777 831 2862 XVII⁰
861 2777 940 2861 kal.
968 2781 1141 2890 augusti.

541 2919 610 2986 'Pa
630 2919 807 2986 musidae:
828 2921 946 2984 Littera
967 2923 1070 3004 magni
1091 2923 1172 3004 regis
1193 2919 1338 2984 lodhulas
1358 2941 1450 3008 snper
1471 2941 1521 2985 aex
1542 2923 1643 2987 etuias
1662 2924 1887 2989 vermalandia

321 3033 459 3114 (Brelvet
478 3041 514 3100 tr
533 3035 545 3097 i
565 3054 625 3098 ena
644 3034 758 3099 karsten
779 3033 1004 3114 senten-isset.)
1025 3032 1147 3117 sigillet
1169 3033 1340 3100 bortrilvet
1360 3033 1460 3100 tillika
1479 3031 1552 3100 med
1572 3033 1633 3100 den
1655 3055 1694 3100 nr
1714 3035 1840 3103 brefvet
1858 3037 1970 3126 klippta
1985 3052 2070 3098 renas

1784 1872 1980 1942 Α.3.ι.ι;9.

218 3343 231 3354 ¹·
327 3343 459 3544 7⁰⁶l·
673 3485 678 3496 ι
950 3405 1122 3512 ..1280
1168 3402 1217 3510 d.
1265 3405 1336 3512 25
1385 3401 1485 3510 Jul.
1805 3367 2066 3511 Stoclrholn.

402 3621 484 3687 Kou.
505 3571 643 3689 Materna¹
657 3623 697 3689 lta
717 3621 797 3690 Brel
811 3621 946 3690 rdrande
967 3625 1280 3691 eneremkommelss
1300 3624 1373 3690 med
1394 3621 1583 3708 Capellam
1604 3623 1614 3685 i
1635 3621 1828 3710 Etttateby
1844 3645 1896 3687 orn
1906 3616 2066 3686 fiondeallat

1751 3740 1795 3808 Α·
1815 3728 1841 3811 72
1864 3757 1887 3794 a
1908 3752 1931 3794 ¹²
1945 3738 1980 3807 tt·

486 3877 660 3960 Mscsus
689 3877 755 3962 dei
783 3879 920 3990 gracia
949 3879 1035 3959 Rex
1063 3901 1265 3957 sweorum
1310 3873 1511 3958 Omnibus
1555 3889 1764 3985 presentes
1790 3875 1956 3966 ,litteras
1978 3871 2070 3973 ispe

319 3989 445 4070 cturis
473 3989 644 4070 salutem
672 3990 715 4070 in
745 3989 911 4073 domino
941 3990 1143 4072 Nouerint
1170 3989 1351 4069 vniuersi
1377 3985 1490 4098 quod
1504 3987 1611 4067 hanc
1640 3988 1979 4094 composicionem.
2001 3979 2070 4057 tun

318 4099 533 4210 capellano
562 4097 613 4181 de
641 4099 918 4210 eluakarlaby.
956 4099 1125 4181 fecimus
1154 4126 1205 4179 ne
1234 4097 1431 4181 decimam
1472 4095 1690 4179 excludere
1733 4095 1958 4180 videremur
1995 4078 2071 4199 quod

168 4279 177 4288 .
318 4210 425 4293 absit
453 4225 499 4292 vt
526 4225 611 4291 tam
637 4214 791 4320 posteri
817 4241 941 4325 quam
970 4212 1045 4292 istc
1073 4209 1146 4320 qni
1174 4238 1285 4291 nunc
1314 4215 1374 4290 e'st
1402 4203 1573 4290 anobis
1590 4213 1630 4289 &
1646 4211 1797 4291 nostris
1825 4197 2071 4322 successoribu

316 4323 483 4433 regibus
509 4321 710 4406 salmones
737 4322 789 4405 de
817 4340 933 4432 parte
962 4337 1117 4404 nostra.
1158 4335 1236 4429 pro
1271 4319 1425 4403 decima
1456 4321 1626 4430 triginta
1669 4321 1870 4431 percipiat
1911 4323 2070 4398 annum

317 4433 469 4520 Datum
496 4432 711 4522 stokholm.
740 4461 849 4517 anno
877 4433 1035 4542 dominj
1064 4431 1347 4514 M⁹CCLXXX
1376 4429 1443 4513 die
1471 4430 1583 4540 beatj
1612 4430 1778 4539 jachobi
1809 4425 1988 4542 apostolj.

728 4572 849 4659 sigillet
875 4573 1036 4641 bortlallet
1055 4574 1128 4640 tran
1147 4573 1209 4640 deu
1228 4595 1268 4640 ur
1287 4573 1410 4647 breiret
1430 4573 1553 4662 klippta
1573 4575 1705 4637 semion.
