4384 5946
305 403 343 453 vl

208 587 213 601 .
252 537 527 638 vocatumque
551 531 622 630 legi
639 537 852 629 nequeunt·
868 525 978 602 locus.
994 551 1128 604 vacuus
1152 525 1381 616 conceditur;
1408 529 1672 631 imprimuntur
1697 546 1819 616 tamen
1845 548 1899 609 tot
1925 536 2057 614 litterae

252 673 344 766 quot
371 668 468 732 certo
493 651 572 727 erui
597 659 760 752 possunt,
784 658 821 720 et
843 643 1025 720 addentur
1051 643 1200 720 tandem
1224 648 1432 722 necessariae
1455 651 1712 750 explicationes
1726 677 1868 740 vocum,
1885 657 1959 757 jam
1974 631 2058 730 vrilss

230 806 297 882 ·go
322 773 605 888 incognitarum,
631 763 933 870 quandocumque
971 763 1035 839 tali
1072 759 1256 839 modoad
1292 788 1439 843 sensum
1476 771 1666 880 certiorem
1703 771 1803 848 viam
1841 763 2057 860 monstrari,

252 895 399 998 credere
423 891 549 978 liceat.¹

1011 1055 1287 1076 m

404 1261 548 1345 Fontes,
574 1276 620 1330 ex
644 1247 778 1354 quibus
802 1245 1107 1351 Diplomatarium
1133 1247 1337 1325 Suecanum
1360 1247 1497 1351 prodit,
1526 1229 1723 1328 conficiunt
1756 1253 2054 1358 Autographa

250 1383 292 1460 in
317 1377 524 1458 Tabulariis
549 1369 695 1473 publice
718 1381 873 1455 servata,
896 1364 946 1443 de
970 1391 1127 1469 quorum
1152 1364 1235 1442 satis
1259 1378 1298 1441 et
1322 1366 1445 1443 studio
1470 1366 1546 1444 illis
1569 1369 1738 1444 eruendis
1751 1368 1871 1444 dicato
1884 1370 2075 1474 aliquan-⁴

248 1501 369 1580 tulum
383 1495 532 1572 seorsim
544 1493 676 1567 dicam.
701 1488 829 1588 Neque
840 1500 964 1562 tamen
979 1485 1308 1596 praetermittuntur
1328 1483 1400 1559 alia
1418 1489 1493 1590 ejus
1505 1489 1656 1586 generis,
1669 1511 1751 1590 quae
1764 1513 1809 1561 ex
1823 1491 2055 1588 privatorum

249 1629 427 1721 apparatu
458 1617 498 1690 in
525 1637 631 1686 usum
655 1607 822 1684 conferre
847 1605 943 1680 licet.
977 1603 1068 1678 Acta
1082 1627 1167 1678 vero
1191 1601 1270 1676 haec
1293 1605 1453 1682 maxima
1472 1605 1523 1678 'ex
1548 1607 1717 1708 partein
1731 1605 1954 1680 membranis
1968 1621 2056 1680 sunt
2125 1691 2131 1702 ¹

248 1738 385 1838 scripta
410 1746 447 1808 et
472 1727 590 1831 sigilla
616 1728 738 1802 lerunt
763 1722 876 1800 bullis
899 1722 1012 1796 cereis
1036 1712 1351 1824 suppendentibus
1377 1722 1622 1822 impressam
1642 1735 1746 1825 perte
1759 1735 1881 1798 autem
1894 1725 1935 1802 in
1948 1723 2056 1802 char·

246 1869 300 1947 ta,
324 1849 683 1954 sigilloplorumquc
709 1847 750 1920 ”a
774 1842 894 1942 tergo”
920 1841 1046 1941 scripti
1071 1839 1252 1941 imposito.
1302 1835 1371 1914 llis
1396 1863 1540 1941 quoque
1565 1839 1851 1916 adnumerantur
1879 1843 1981 1922 varia
2007 1839 2055 1916 ab
2186 1919 2188 1942 Ι

155 2037 159 2044 .
249 1974 411 2076 antiquis
435 1967 524 2046 inde
548 1959 774 2066 temporibus
797 1983 900 2063 aeque
924 1984 967 2034 ac
992 1955 1214 2058 autographa
1242 1955 1435 2036 adservata
1473 1959 1744 2052 testimonia,
1768 1983 1836 2060 pro
1872 1957 1932 2035 his
1958 1957 2055 2036 vali.
2186 1973 2188 2044 3

249 2109 347 2182 tura,
370 2089 565 2174 versiones,
590 2081 654 2158 &c
680 2081 735 2156 De
758 2078 818 2154 his
843 2077 943 2182 quod
963 2074 1243 2164 observandum,
1269 2087 1307 2152 ct
1331 2074 1475 2176 siquid
1499 2074 1588 2152 alins
1601 2075 1790 2153 insolitum
1802 2092 1979 2166 occurrat,
1993 2080 2053 2152 in.
2103 2159 2110 2168 ἱ
2187 2059 2188 2104 ³

248 2213 304 2289 ira
329 2195 472 2287 textum
495 2207 625 2278 Lector
648 2197 814 2273 inveniet
836 2194 1061 2270 adnotatum.
1114 2192 1374 2269 Deficientibus
1403 2187 1489 2269 iero
1513 2193 1762 2297 autographis,
1799 2219 1926 2272 eorum
1951 2197 2053 2270 vices

248 2328 423 2436 supplent
447 2318 721 2424 Apog1·apha
745 2313 1049 2428 sireCopiae,ut
1073 2313 1262 2387 dicuutur:
1287 2311 1420 2386 horum
1444 2337 1614 2410 magnam
1627 2313 1769 2413 copiam
1789 2311 1956 2415 praebent
1975 2313 2051 2389 Ec·

250 2449 442 2533 elesiar'um
468 2434 743 2516 cathedralium
768 2446 805 2507 et
829 2429 1127 2506 Mouasteriorum
1161 2430 1367 2529 Registra
1403 2429 1455 2502 sic
1492 2429 1607 2517 dicta,
1648 2431 1705 2507 vel
1744 2431 1935 2506 Codices
1974 2431 2050 2506 Di·

250 2561 510 2678 plomatici,
535 2553 860 2630 totacontinentes
888 2549 1073 2624 volumina
1098 2549 1314 2635 litterarum,
1340 2571 1421 2651 quae
1445 2571 1492 2639 ex
1515 2548 1761 2648 autographis,
1785 2551 1825 2623 in
1850 2551 1969 2652 capsis
1982 2548 2051 2624 hai·
2080 2560 2086 2572 “

249 2710 334 2762 rum
358 2681 490 2758 redium
517 2669 726 2756 reconditis,
751 2675 823 2774 jam
838 2665 1102 2741 ‘remotioribus
1128 2665 1268 2752 seculis,
1301 2691 1396 2768 sape
1421 2691 1466 2740 cx
1504 2664 1621 2739 officio
1658 2666 1859 2766 descriptae·
1887 2668 2050 2746 fuerunt.
2119 2671 2127 2680 '

251 2803 381 2882 Plures
405 2817 549 2899 quoque
573 2790 705 2863 litterae
742 2800 908 2862 veterum
932 2797 970 2859 et
1006 2783 1150 2859 decreta
1182 2784 1223 2857 in
1254 2784 1415 2885 antiquis
1451 2782 1597 2882 legum
1633 2782 1873 2860 codicibus
1910 2781 2048 2888 passim

117 2947 127 2960 ’
249 2919 493 3023 reperiuntur.
523 2909 647 2984 ''Varii
672 2919 845 3008 praterea
883 2901 1052 2978 hodierni
1089 2913 1255 2976 veterum
1287 2919 1411 2980 rorum
1442 2903 1675 2977 aestimatores
1712 2927 1757 2977 ex
1795 2901 1953 3003 publicis
1990 2902 2049 2976 his

248 3030 522 3139 collectionibus
547 3042 583 3101 et
608 3023 756 3100 aliunde
781 3023 993 3127 conquisitis
1019 3020 1246 3098 documentis
1269 3021 1472 3096 ‘vetustatis
1496 3043 1666 3120 magnam
1689 3018 1760 3094 sibi
1785 3034 1962 3119 pararunt
1989 3045 2049 3092 co-

250 3159 350 3264 piam
388 3143 761 3253 apographorum,
793 3146 950 3244 quorum
973 3140 1084 3213 etiam
1109 3136 1278 3240 quaedam
1303 3137 1344 3213 iu'
1381 3136 1519 3214 libris
1551 3138 1790 3245 impressis
1814 3131 2046 3214 offendimus.
2094 3223 2104 3238 ,
