4368 5950
831 479 887 518 -.·
999 391 1080 544 alo
1164 391 1245 587 ··-¹·

9 643 11 650 ’
149 650 276 740 solum
305 654 489 766 personis
516 654 596 736 sibi
622 657 973 762 consanguinitate
1001 655 1251 764 conjunctis,
1287 659 1574 741 verumetiam
1601 657 1735 746 brutis
1761 659 1943 748 animali·
2054 663 2058 673 ’

148 771 240 866 bus,
266 796 308 850 se
341 763 494 847 nefarie
520 764 836 866 commiscendo,
865 794 911 848 ac
940 765 1042 852 illud
1070 793 1145 848 nec
1173 767 1464 856 nominandum
1478 771 1769 868 committendo
1796 801 1941 885 pecea-

147 899 248 975 tum,
265 892 450 987 propter
478 877 590 987 quod
618 876 824 958 Dominus
840 875 1075 976 Sodomam,
1102 895 1143 958 et
1171 879 1414 964 Gomorram
1443 886 1649 966 eversione
1682 883 1777 970 dam
1806 887 1941 986 navit,

147 1007 196 1072 et·
271 990 380 1072 idam
408 1015 550 1069 eorum
578 1004 748 1100 propter
775 989 931 1070 viarum
960 988 1254 1099 longitudinem
1283 1005 1326 1070 et
1353 990 1546 1099 pericula,
1574 993 1739 1104 quidam
1753 911 1809 1078 ob
1823 1024 1941 1080 vere,-

146 1019 334 1185 cundiam
363 1099 467 1179 mori
495 1101 631 1208 potius
659 1097 811 1207 eligant
841 1101 883 1179 in
911 1101 1086 1208 peccatis
1122 1097 1371 1197 huiusmodi,
1409 1129 1531 1211 quam
1558 1121 1731 1214 propter
1757 1107 1836 1189 hoc
1864 1135 1941 1190 no·

145 1229 231 1294 stro
258 1239 299 1293 se
328 1211 563 1318 conspectui
592 1225 841 1320 presentare,
875 1237 1001 1320 super
1027 1209 1106 1292 hoc
1135 1210 1353 1320 providere
1395 1213 1707 1298 misericorditer
1751 1215 1941 1326 dignare·

79 1399 84 1408 .
142 1350 249 1406 mur.
280 1324 385 1402 Cum
417 1321 542 1431 igitur
570 1319 700 1427 major
728 1321 779 1401 sit
808 1323 938 1430 pietas
964 1321 1118 1419 divina,
1146 1347 1271 1432 quam
1298 1321 1474 1406 bumana
1496 1324 1697 1435 impietas,
1726 1328 1942 1440 potiusque
1997 1381 1999 1386 ·

145 1430 387 1542 sperandum
415 1432 467 1511 sit
493 1429 545 1512 de
573 1432 649 1511 Dei
676 1430 1006 1527 mansuetudine,
1049 1457 1171 1542 quam
1214 1429 1266 1512 de
1308 1434 1547 1542 otriuaquam
1593 1441 1750 1545 peccati
1786 1441 1942 1547 magni·

144 1543 287 1626 tudine
316 1539 631 1650 desperandum,
645 1541 920 1623 ‚Fraternitati
948 1563 1018 1625 tue
1045 1545 1294 1650 presentium
1308 1545 1550 1632 auctoritate
1563 1545 1812 1646 mandamus,
1838 1576 1942 1659 qua·
2012 1641 2016 1648 ‚
2048 1587 2049 1591 Ν

145 1675 265 1738 tenus
293 1668 527 1763 peccatores
555 1651 787 1734 huiusmodi
816 1681 1007 1762 arguens,
1036 1654 1271 1750 obsecrans,
1300 1654 1512 1768 increpans
1533 1658 1577 1737 in
1606 1659 1717 1738 omni
1762 1660 1940 1760 atientia,

142 1784 183 1847 et
210 1763 416 1858 doctrina,
445 1759 634 1871 injungas
668 1765 726 1843 eis
760 1764 1022 1873 penitentiam
1064 1764 1299 1862 salutarem,
1341 1793 1391 1845 eo
1420 1764 1603 1849 adhibito
1646 1761 1687 1848 m
1742 1771 1939 1867 oramine,

140 1874 259 1988 quod
286 1902 360 1954 nec
387 1869 554 1953 facilitas
582 1875 704 1952 nimia
732 1873 926 1983 peccandi
958 1873 1166 1956 audaciam
1195 1875 1366 1972 tribnat,
1395 1903 1470 1958 nec
1498 1879 1758 1964 immoderata
1787 1880 1940 1960 severi·

141 2005 204 2068 tas
238 1983 561 2173 desperatitgplem
587 1980 762 2071 inducat.
794 1986 943 2070 Datum
971 1984 1161 2079 Laterani
1188 1985 1241 2070 ΙΙ.
1270 1985 1405 2070 Nonas
1429 1985 1655 2088 Februarii,
1672 1987 1941 2104 'pontificatus

140 2099 276 2182 nostri
305 2103 433 2189 Anno¹
512 2156 523 2182 .
1256 2125 1261 2136 ·

148 2527 285 2654 243.
786 2563 932 2669 1227
989 2526 1024 2630 d
1060 2501 1115 2689 ..4
1163 2525 1311 2634 Febr.
1709 2511 1938 2640 Latonam

229 2695 324 2810 rata.
342 2746 502 2813 Honorius
522 2735 590 2808 lllts
611 2743 757 2807 tillitelse
778 2746 827 2807 lb‘r
847 2743 1028 2808 like-Bisk.
1051 2750 1062 2809 i
1083 2743 1174 2812 Lund
1196 2755 1253 2822 att,
1272 2743 1345 2808 med
1366 2743 1510 2808 &scande
1534 2745 1578 2828 pt
1599 2744 1659 2809 den
1679 2745 1709 2810 ld
1751 2730 1880 2834 aragon
1890 2747 1942 2815 till

284 2829 378 2908 Rom,
399 2829 473 2973 pell
488 2827 521 2889 ld
542 2826 638 2891 afliiaa
658 2827 756 2908 nigra
776 2827 890 2890 bonom
909 2827 1167 2892 underordnandc
1228 2849 1349 2906 maner,
1370 2827 1490 2904 hallia,
1513 2826 1612 2895 fastan
1651 2828 1673 2892 b
1748 2843 1833 2914 ysne,
1854 2835 1942 2896 utiss-

285 2923 341 2972 vat
360 2933 399 2974 an
423 2911 465 2974 eli
527 2911 551 2970 t·

284 2993 450 3056 iramdeles
467 2929 674 3073 inaudimbegd
695 3011 813 3054 amma
834 2993 987 3056 liirseebe.

1365 3104 1399 3161 tt.
1419 3119 1448 3160 rt
1469 3108 1525 3190 rot.
1544 3102 1600 3161 Aa.
1621 3121 1659 3163 ιι.
1678 3106 1731 3177 Ep.
1749 3107 1809 3165 531.

781 3207 985 3291 Honorius
1012 3214 1083 3290 &a
1139 3207 1291 3290 Eidem.
1346 3231 1348 3240 ⁴
1518 3213 1522 3220 ’

320 3357 379 3435 De
407 3349 672 3434 Subditorum
704 3367 869 3432 tuorum
897 3351 1025 3432 salute
1059 3349 1230 3432 sollicite
1265 3348 1525 3461 supplicasti,
1560 3368 1606 3433 ut
1639 3378 1732 3434 cum
1758 3351 1948 3436 nonnulli

132 3493 294 3551 eorum
321 3466 470 3564 ¹Sacros
499 3463 661 3546 ordines
689 3463 1022 3544 excommunicati
1048 3462 1300 3570 susceperint
1324 3477 1365 3541 et
1391 3461 1530 3543 divina
1543 3461 1676 3564 officia
1691 3461 1946 3562 celebrarint,

134 3575 414 3688 dispensandi
442 3601 534 3656 eum
562 3574 620 3654 eis
648 3598 740 3653 cum
761 3587 932 3681 propter
958 3571 1116 3652 viarum
1130 3570 1362 3652 discrimina
1379 3573 1517 3652 venire
1532 3570 1582 3653 ad
1601 3575 1862 3682 apostolicam
1877 3575 1947 3658 Se·

130 3689 239 3771 dem
273 3687 359 3767 sine
384 3685 509 3786 nimia
537 3681 778 3766 difficultate
805 3709 890 3763 non
918 3685 1073 3791 possint
1102 3681 1304 3784 licentiam
1320 3681 1396 3761 tibi
1425 3681 1648 3764 concedere
1677 3681 1947 3793 dignaremur.

129 3801 343 3882 Volentes
375 3797 517 3905 igitur,
546 3810 588 3875 et
615 3817 754 3874 eorum
787 3793 999 3901 providere
1026 3791 1164 3887 saluti,
1193 3808 1236 3872 et
1262 3794 1371 3901 ipsos
1411 3790 1463 3872 ad
1479 3789 1735 3875 devotionem
1750 3813 1859 3878 tuam
1873 3821 1948 3904 per

127 3905 385 4019 hujusmodi
412 3905 595 3990 beneficii
620 3903 789 4012 gratiam
816 3931 1056 4016 provocare,
1092 3903 1333 3984 auctoritate
1360 3901 1440 3983 tibi
1474 3909 1723 4010 presentium
1758 3903 1945 3986 concedi·

125 4049 234 4102 mus
268 4017 471 4098 licentiam
499 4014 761 4124 postussatam,
789 4013 846 4093 ita
871 4031 1024 4110 tamen,
1054 4011 1166 4123 quod
1194 4012 1247 4094 ad
1276 4040 1390 4095 casus
1426 4012 1588 4095 futuros
1622 4011 1790 4095 eandem
1818 4015 1945 4098 licen·

126 4133 243 4212 tiam
276 4156 362 4209 non
389 4123 593 4210 extendas.
623 4125 776 4205 Datum
802 4119 1000 4205 Laterani
1029 4125 1079 4204 ll.
1110 4124 1249 4207 Nonas
1277 4122 1501 4231 Februarij,
1531 4123 1792 4206 Pontificatus
1817 4129 1948 4211 nostri

122 4245 273 4328 Asino
306 4239 374 4323 XI.
414 4251 429 4320 ,’

605 2908 867 2993 tebeiattniogara
898 2910 1078 2975 sumkande
1103 2913 1163 2994 aig,
1216 2911 1270 2974 vtl
1287 2909 1389 2973 denna
1418 2907 1566 2974 tilldtelse
1602 2912 1670 2976 tue
1697 2913 1749 2976 till
1769 2913 1857 2994 den,
1879 2933 1946 2978 tom
2130 2943 2132 2949 ·
