4398 5958
776 477 888 530 ”-
1000 463 1079 548 501'
1190 509 1248 532 ·-

125 702 195 764 tra
227 693 441 790 potestates
469 708 614 762 aereas.
646 683 725 762 suh
755 701 956 792 assumpte
985 673 1242 792 professionis
1260 683 1383 789 signis
1397 675 1619 765 'salutiferis
1646 684 1918 770 colluctantes

133 797 305 874 hostium
335 792 525 874 audacius
555 792 793 900 repellentes
821 794 1004 873 insultus.
1041 812 1081 873 et
1110 793 1352 875 deducentes
1387 791 1439 873 ad
1467 794 1661 874 nichilum¹
1699 797 1915 903 spirituum

130 907 330 1012 potentias
359 903 635 1012 malignorum.
670 903 721 982 ab
750 931 887 1006 errqre
916 905 981 982 uie
1009 927 1079 983 sue
1110 919 1335 1011 satagerent
1363 902 1578 986 studiosius
1608 923 1790 986 auertere
1819 933 1913 1015 pec·

129 1031 293 1095 catores.
325 1030 370 1093 ‘et
404 1040 623 1094 conuersos
649 1013 691 1091 in
720 1015 824 1094 uiam
854 1014 1028 1120 dirigere
1057 1015 1269 1094 salutarem
1315 1014 1463 1094 Verum
1493 1014 1665 1123 quodsi
1695 1018 1800 1098 inter
1829 1015 1911 1097 sra-

117 1139 214 1206 ·tres'
237 1126 449 1233 utriusque
491 1123 759 1231 professionis.
795 1126 866 1233 qui
897 1122 1175 1209 discordantes
1210 1123 1360 1205 debent
1395 1123 1447 1203 ad
1464 1125 1642 1206 unitatis
1679 1126 1812 1207 federa
1847 1155 1910 1208 re·

127 1233 301 1316 formare
342 1235 508 1314 alicuius
529 1235 777 1315 turbacioni's
808 1235 970 1314 materia
998 1236 1185 1316 oriretur.
1223 1235 1265 1313 in
1294 1261 1434 1314 eorum
1462 1236 1911 1343 periculum-aliorum
1967 1320 1970 1332 ,

107 1343 367 1425 ’searrdalum
405 1361 446 1423 et
473 1347 694 1424 animarum
723 1345 933 1453 multiplex
963 1343 1216 1450 dispendium
1243 1342 1501 1424 redundaret.
1530 1344 1769 1430 venerabilis
1797 1365 1910 1456 pater

126 1455 250 1535 frater
265 1455 484 1562 jeronimus
500 1455 679 1534 minister
707 1455 902 1562 generalis
931 1456 1075 1562 prelati
1105 1454 1258 1535 ordinis
1289 1456 1498 1534 minorum.
1528 1471 1568 1534 et
1596 1485 1682 1564 ego.
1712 1460 1911 1564 sanctissi-

108 1569 284 1646 morum
312 1581 474 1674 patrum
510 1562 690 1672 uestigijs
725 1565 962 1644 inherentes.
1000 1566 1071 1674 qui
1113 1591 1269 1670 semper
1311 1565 1352 1643 in
1395 1567 1504 1672 pacis
1540 1566 1715 1647 uinculo.
1757 1567 1911 1674 profes·

124 1676 306 1757 sionibus
332 1677 544 1785 utriusque
572 1673 725 1755 ordinis
754 1693 1027 1780 procurarent.
1050 1675 1214 1782 spiritns
1250 1675 1454 1755 unitatem.
1503 1692 1675 1788 quornm
1706 1704 1755 1756 ex
1783 1682 1911 1787 impo-

92 1788 203 1866 sito
246 1786 363 1866 nobis
398 1785 530 1864 officio
565 1813 700 1865 sumus
744 1783 835 1884 licet
863 1786 1049 1883 immeriti
1084 1811 1349 1865 successores.r
1376 1787 1583 1892 cupientes
1612 1785 1690 1866 illis
1732 1815 1911 1898 perque

124 1911 291 2003 possent
320 1897 562 1977 incrementa
590 1897 859 1975 uirtuosarum
890 1897 1079 1976 arborum
1110 1896 1153 1976 in
1184 1910 1410 1973 nostrarum
1439 1896 1677 2002 religionum
1705 1897 1911 2006 uiridarijs

123 2006 324 2115 impediri.
355 2009 567 2113 oportunis
595 2006 897 2112 prouisionibus
926 2007 1103 2087 obuiare.
1142 2004 1347 2111 eommunj
1378 2007 1467 2112 paci
1495 2031 1541 2084 ae
1571 2005 1673 2084 fame
1702 2008 1912 2089 consulere

122 2137 165 2198 et
193 2119 361 2196 aliorum
397 2114 648 2223 profectibus
683 2114 911 2222 prouidere.
954 2119 1248 2196 communicato
1292 2116 1501 2224 utriusque
1544 2114 1698 2196 ordinis
1738 2115 1910 2198 fratrum

122 2227 390 2308 discretorum
418 2228 604 2334 consili0.
636 2225 891 2334 infrascripta
920 2227 1108 2308 duximus
1140 2224 1378 2307 ordinanda.
1410 2227 1613 2326 Quoniam
1644 2228 1912 2332 periculosum

121 2365 209 2418 esse
239 2336 463 2418 dinoscitur
492 2337 542 2418 dc
571 2355 799 2417 sanctorum
830 2339 980 2418 meritis
1009 2336 1225 2445 disputare.
1264 2356 1304 2416 et
1331 2335 1503 2443 amplius
1519 2337 1583 2415 uel
1599 2338 1727 2416 minus
1756 2338 1910 2449 aliquid

119 2475 300 2556 asserere
329 2447 378 2528 de
407 2447 485 2554 hijs
516 2474 618 2558 quos
646 2465 825 2529 coronat.
862 2475 1048 2528 necnon
1077 2463 1117 2525 et
1146 2448 1399 2527 temerarium
1429 2447 1677 2527 multitudini
1707 2447 1910 2555 derogare.

2 2556 6 2563 ’
119 2559 361 2668 quicunque
390 2559 433 2635 in
462 2556 762 2664 derogationem
804 2563 1032 2638 sanctorum
1075 2558 1239 2637 alterius
1281 2555 1446 2638 ordinis.
1476 2557 1540 2635 uel
1588 2558 1796 2664 generalis.
1839 2585 1911 2641 seu

116 2670 361 2751 uniuersalis
389 2684 516 2748 status
544 2669 679 2776 ipsius.
731 2671 903 2749 scienter
946 2686 986 2749 et
1033 2666 1210 2778 pulplice
1252 2667 1429 2774 linguam
1470 2695 1583 2747 suam
1622 2657 1911 2775 presumpserit
1953 2721 1959 2727 -

118 2779 316 2859 relaxare.
347 2781 524 2858 seuerius
553 2780 746 2886 puniatur
774 2796 815 2857 et
843 2779 1154 2859 nichilhominus
1182 2778 1389 2875 dornheim
1416 2805 1534 2857 suum
1562 2795 1686 2886 prout
1714 2781 1911 2886 priori-et
1941 2779 1944 2784 λ

110 2889 318 2999 gardiano
347 2889 452 2970 illius
481 2888 657 2968 loei'ubi
673 2886 818 2968 exinde
838 2888 1069 2970 scandalum
1092 2887 1215 2968 fuerit
1250 2905 1433 2968 exortum
1463 2887 1678 2972 uidebitur.
1715 2916 1909 2970 reuocare

113 3000 185 3080 uel
220 3001 314 3080 alias
343 2996 556 3078 emendare
586 3026 659 3107 per
687 3025 804 3078 suum
832 3000 1032 3107 prelatum
1061 3015 1241 3106 cogatur.
1286 2998 1394 3079 Jllud
1454 3023 1587 3107 uoque
1608 3024 1820 3106 sumopere
1848 3013 1908 3079 est

112 3109 359 3192 cauendum.
391 3137 441 3190 ne
469 3109 560 3218 quis
588 3109 709 3190 alicui
736 3111 897 3190 nouicio
926 3110 1013 3191 zelo
1029 3108 1258 3190 attrahendi
1287 3137 1378 3189 eum
1406 3029 1458 3189 ah
1485 3135 1601 3188 suum
1622 3107 1807 3190 ordinem
1823 3126 1907 3191 stu·

29 3213 32 3219 '
111 3221 214 3302 deat
244 3239 444 3327 assumpte
473 3218 678 3325 religionis
705 3246 918 3326 egressum.
948 3222 998 3299 Et
1021 3221 1175 3329 siquis
1202 3222 1258 3298 sic
1280 3217 1435 3298 illectus
1464 3235 1505 3299 et
1534 3234 1731 3298 attractus
1754 3221 1906 3302 exierit.
2020 3238 2067 3268 ⁵

111 3359 202 3411 non
235 3332 453 3436 recipiatur
489 3327 596 3408 infra
626 3358 775 3409 anirum
792 3333 845 3408 ‘in
875 3330 1016 3410 ordine
1045 3331 1159 3410 cuius
1188 3329 1360 3408 obtentu
1388 3330 1523 3434 exiuit.
1561 3329 1635 3408 nisi
1665 3328 1715 3410 de
1746 3323 1909 3411 licentia

106 3442 229 3522 illius
244 3440 396 3520 ordinis
425 3466 544 3550 quem
560 3439 746 3548 reliquid.
777 3437 840 3519 Ad
857 3440 929 3519 hec
959 3469 1049 3520 cum
1077 3442 1181 3519 inter
1210 3467 1348 3520 seruos
1380 3438 1445 3518 dei
1479 3440 1551 3548 qui
1585 3457 1740 3520 nonest
1757 3439 1907 3521 dissen-

107 3551 246 3632 sionis
281 3549 349 3631 sed
379 3552 497 3659 pacis.
535 3568 604 3630 aut
632 3551 741 3630 nulle
770 3557 850 3628 sint
879 3549 965 3629 lites
995 3549 1187 3630 habende.
1218 3567 1289 3629 aut
1329 3576 1452 3657 quam
1486 3550 1692 3630 celerrime
1720 3549 1905 3630 finiende.

106 3665 277 3772 priores
306 3680 345 3740 et
375 3661 547 3740 ministri
577 3661 844 3769 prouinciales
872 3689 919 3738 ae
948 3687 1088 3739 eorum
1117 3659 1259 3765 uicarij
1289 3659 1501 3766 generales.
1530 3660 1723 3742 fratribus
1743 3661 1907 3738 alterius
1983 3705 1987 3712 ·

106 3772 275 3853 ordinis
304 3772 644 3880 conquerentibus
673 3769 722 3849 de
753 3769 947 3849 fratribus
982 3797 1051 3849 sue
1080 3797 1175 3850 eure
1203 3770 1431 3850 commissis.
1466 3796 1549 3850 non
1592 3769 1784 3850 differant
1815 3769 1908 3848 red·

103 3885 215 3965 dere
246 3883 399 3962 iusticie
433 3881 781 3988 complementum.
823 3908 873 3959 ne
902 3896 1071 3989 propter
1105 3878 1326 3961 eorundem
1367 3876 1569 3960 defectum
1612 3897 1809 3986 cogantur
1846 3877 1941 3982 off
1982 3952 1986 3961 .

101 3994 224 4077 sensi
259 4020 351 4070 cum
381 3993 591 4101 utriusque
627 3989 780 4071 ordinis
809 3989 984 4071 infamia.
1017 3989 1070 4070 ad
1099 3993 1318 4071 exteriores
1348 3986 1933 4070 iudiceshabere·reeursum.·

100 4111 150 4207 aa,
181 4129 280 4183 cum
309 4099 352 4181 id
384 4101 496 4212 quod
524 4104 567 4181 in
596 4103 774 4182 Romana
803 4102 1107 4208 curiageritur.
1145 4098 1197 4179 ad
1227 4099 1417 4178 noticiam
1433 4098 1661 4178 uicinorum
1689 4115 1728 4178 et
1757 4097 1909 4179 distan·
1948 4187 1957 4194 q

99 4218 222 4296 tium
270 4210 471 4292 deferatur
514 4208 565 4292 ad
614 4239 868 4292 communem
910 4209 1099 4291 ordinum
1141 4208 1287 4290 famam
1329 4206 1577 4288 seruandam.
1630 4226 1911 4316 procuratores

92 4327 254 4422 ‘utrius
282 4320 434 4402 ordinis
467 4320 684 4402 residentes
725 4321 886 4402 ibidem.
924 4320 977 4400 ad
1014 4322 1249 4432 instanciam
1290 4318 1518 4428 aliquorum
1560 4316 1729 4397 fratrum
1772 4319 1910 4426 singu-

99 4436 267 4532 larium
296 4450 368 4512 aut
395 4448 620 4540 conuentus
650 4433 779 4511 unius.
811 4460 894 4514 non
924 4448 1113 4511 moueant
1127 4447 1267 4511 contra
1296 4429 1416 4508 alium
1431 4426 1616 4507 ordinem
1644 4429 1906 4536 questionem.

1 4622 2 4625 .
98 4575 192 4644 seu
219 4571 462 4652 aquoquam
491 4543 617 4623 fratre
647 4543 811 4623 moueri.
841 4557 912 4623 aut
941 4542 1092 4622 litteras
1121 4537 1332 4648 procurari
1360 4539 1593 4646 permittant
1634 4537 1908 4643 nisi-prouin-

96 4656 282 4740 cialium
311 4656 644 4763 conquerentium
673 4654 787 4734 euius
815 4653 999 4736 intererit
1028 4649 1252 4731 decernere.
1282 4648 1455 4755 Jnsuper
1483 4646 1631 4729 illude
1659 4672 1742 4754 quo
1775 4647 1908 4752 agitur

94 4766 222 4850 inibi
253 4763 411 4868 litigari.
428 4764 701 4869 procuratori
729 4766 792 4844 sui
821 4764 976 4846 ordinis
1003 4787 1126 4868 super
1139 4760 1217 4841 hoc
1232 4756 1425 4838 direxerit
1437 4756 1637 4868 speciales.
1666 4757 1772 4858 Quia
1787 4757 1906 4836 etiam

94 4873 452 4960 ordinacionibus
481 4890 521 4953 et
555 4871 874 4955 inhihicionibus
907 4872 1135 4979 apostolicis
1172 4885 1233 4950 est
1271 4867 1506 4976 parendum.
1540 4866 1722 4948 neutrius
1750 4863 1906 4947 ordinis
1943 4917 1949 4924 -
1983 4933 1989 4948 .

94 4989 280 5071 fratres.
314 4979 368 5064 ad
410 4985 752 5065 constructionem
793 4979 1035 5088 monasterii.
1086 4978 1251 5064 ecclesie
1294 4977 1359 5061 uel
1394 4976 1564 5086 oratorij
1591 4977 1724 5060 locum
1766 5001 1904 5085 preeu-
