4370 5950
811 447 1232 557 -159‘-

117 669 264 778 decens
292 685 396 750 esset
427 669 577 777 pariter
606 674 646 748 &
675 667 897 749 absurdum
926 685 971 748 ut
1000 667 1223 750 adtentum
1238 667 1413 748 officium
1431 668 1522 750 talis
1537 651 1806 751 assumeretur
1819 693 1913 775 per·

114 808 212 861 sona
244 805 326 888 qua
356 781 397 859 in
426 779 652 890 exemplum
682 777 869 872 deducta,
898 795 1015 860 tuum
1037 797 1172 886 posset
1186 781 1440 889 propositum
1456 778 1655 888 impediri.
1687 776 1772 860 Nos
1786 779 1913 886 igitur

114 889 377 973 attendentes·
398 889 510 1000 quod
537 893 582 971 in
610 888 755 970 talibus
783 917 933 995 urgens
962 891 1172 971 necessitas
1201 886 1419 971 &evidens
1434 889 1586 970 utilitas
1603 889 1914 999 dispensationis

112 1004 283 1113 gratiam
306 1012 599 1110 promerentur,
622 1001 823 1080 honestati
848 1027 894 1080 ac
908 1001 1139 1082 discretioni
1154 1018 1245 1098 tuae,
1262 999 1312 1083 de
1326 1027 1409 1110 qua
1424 999 1584 1108 plenam
1605 1000 1792 1086 fiduciam
1807 1001 1915 1082 obti-

111 1141 266 1209 nemus,
282 1139 356 1222 per
380 1111 599 1221 apostolica
615 1113 771 1218 scripta
794 1111 1031 1192 mandamus
1058 1110 1175 1221 quod
1196 1112 1505 1192 circumstantiis
1526 1110 1703 1200 studiose
1724 1113 1914 1222 pensatis,

111 1225 246 1304 Deum
268 1223 421 1304 habens
450 1250 533 1332 prae
559 1222 699 1318 oculis,
723 1223 964 1304 auctoritate
985 1238 1123 1304 nostra
1149 1225 1254 1303 circa
1270 1223 1615 1304 confirmationem
1630 1223 1915 1330 postulationis

112 1338 239 1444 ipsius
261 1340 301 1414 &
330 1332 589 1443 postmodum
616 1335 961 1414 consecrationem
989 1333 1185 1440 procedas
1212 1335 1317 1417 sicut
1331 1333 1383 1414 ad
1398 1332 1525 1415 divini
1540 1333 1713 1414 nominis
1741 1333 1913 1442 gloriam
2013 1353 2020 1368 '

113 1451 156 1526 81
201 1446 426 1528 christianae
462 1443 670 1552 religionis
706 1444 935 1550 profectum
964 1443 1112 1525 videris
1127 1443 1439 1552 procedendum.
1455 1444 1516 1526 Ad
1533 1443 1631 1540 baec,
1646 1461 1816 1553 propter
1841 1443 1911 1526 de·

111 1559 319 1639 sotionem
348 1573 459 1637 tuam
475 1562 515 1635 &
529 1555 805 1636 necessitatem
821 1556 1008 1636 Ecclesiae
1025 1555 1270 1665 Upsallensis
1285 1583 1360 1636 nec
1377 1582 1460 1635 non
1476 1559 1794 1636 &remotionem
1809 1555 1908 1662 loei,

109 1696 163 1748 ne
194 1671 281 1779 ipsa
310 1667 489 1748 Ecclesia
517 1664 709 1772 fatigetur
737 1663 946 1745 laboribus
975 1670 1015 1744 &
1043 1669 1251 1775 expensis,
1282 1666 1458 1776 palleum
1487 1663 1537 1746 de
1565 1665 1674 1746 beati
1697 1667 1805 1748 Petri
1820 1683 1910 1746 co‘r·

107 1806 211 1888 porc
240 1793 466 1888 sumptum,
497 1774 792 1886 plenitudinem
821 1775 1008 1856 videlicet
1037 1767 1281 1885 pontificalis
1311 1776 1452 1884 officij‚
1481 1777 1556 1858 tibi
1585 1777 1907 1880 transmittimus;

107 1907 156 1970 ut
184 1893 216 1971 si
245 1888 352 1970 forte
381 1889 433 1970 ad
462 1887 779 1995 dispensandum
807 1886 955 1967 videris
985 1887 1307 1994 procedendum,
1336 1887 1439 1970 illud
1459 1887 1589 1968 eidem
1617 1885 1908 1968 conferas‘sub

107 2000 241 2082 forma
268 2027 392 2111 quam
420 2000 498 2080 tibi
526 1999 603 2079 sub
631 1997 745 2078 Bulla
775 2013 912 2077 nostra
957 1999 1152 2079 mittimus
1186 1999 1459 2079 interclusam.
1531 1998 1728 2108 Alioquin
1770 1998 1904 2107 ipsum

105 2111 160 2192 ad
189 2140 263 2192 nos
292 2103 495 2217 remittere
525 2137 609 2190 non
638 2127 870 2218 postponas.
902 2111 1052 2190 Datum
1082 2112 1247 2192 Corneti
1288 2110 1396 2190 Vlll.
1441 2109 1532 2190 Kal.
1563 2108 1804 2191 Novembris
1832 2136 1905 2190 an·

107 2251 163 2300 no
193 2223 357 2303 decimo.

116 2479 243 2604 134.
730 2479 878 2584 1208
928 2478 977 2583 d.
1026 2478 1097 2582 26
1145 2479 1262 2581 lun.

187 2699 357 2784 Bytesbref
374 2700 489 2763 mellan
511 2699 659 2761 Alvnstra
682 2699 800 2763 kloster
822 2699 881 2760 och
907 2701 989 2762 Sune
1012 2698 1178 2761 Tittlvaso'n
1204 2709 1283 2760 sumt
1304 2699 1382 2761 bans
1395 2699 1903 2782 systersonerosmochsruos,

242 2783 352 2842 hvillra
376 2781 502 2843 erhiillo
528 2800 545 2840 a
570 2771 712 2864 lttingar
732 2785 742 2842 i
770 2781 857 2865 Asby
879 2779 938 2844 och
961 2779 979 2840 ³
1003 2785 1013 2842 i
1036 2779 1171 2857 Yxstad,
1195 2781 1288 2864 jemte
1313 2779 1350 2840 16
1367 2785 1656 2868 markpepningar,
1677 2797 1742 2846 mot
1763 2803 1903 2867 qvarnen

238 2868 249 2925 i
271 2863 376 2946 Broby
398 2875 479 2924 samt
502 2864 755 2926 bemmsnslotter
784 2863 940 2926 dorstades
972 2864 1031 2925 och
1057 2866 1067 2924 i
1089 2863 1181 2945 Aby;
1213 2863 1425 2925 hvarttrutan
1456 2866 1585 2929 klostret
1624 2869 1661 2929 af
1676 2867 1763 2931 desso
1783 2867 1902 2951 byalag

239 2949 332 3029 lepte
356 2954 450 3026 vt'gen
477 2945 536 3008 ocb
558 2947 725 3008 strdmmerr
746 2948 862 3009 mellan
883 2946 1022 3010 llolsbro
1041 2945 1101 3008 ocb
1122 2945 1232 3008 ntmde
1255 2965 1365 3027 qvarn.

1549 3063 1583 3114 A.
1604 3063 1629 3115 3.
1648 3079 1673 3118 v.
1695 3080 1724 3115 ιε
1744 3077 1768 3116 t.

271 3195 468 3276 Omnibus
498 3211 704 3303 presentes
747 3194 925 3276 litteras„
945 3195 1186 3303 inspecturis
1228 3196 1342 3277 Suno
1384 3197 1635 3281 thiaelwason
1663 3219 1704 3280 et
1732 3212 1900 3302 nepotes

95 3308 161 3389 sui
193 3311 388 3388 Ormerus
417 3325 456 3386 et
484 3333 650 3412 symeon
679 3306 850 3385 salutem
877 3307 921 3384 in
952 3305 1116 3386 domino
1146 3309 1429 3414 sempiternam
1453 3327 1594 3390 tenore
1621 3309 1819 3418 presentis
1834 3331 1897 3385 re·
2018 3369 2021 3380 .

94 3419 381 3526 cognoscimus
409 3445 484 3496 nos
513 3417 709 3525 religiosis
739 3416 835 3497 viris
863 3433 904 3494 et
934 3413 1109 3496 dominis
1146 3415 1322 3499 Henrieo
1352 3419 1490 3501 abbati
1519 3441 1559 3502 et
1589 3418 1819 3500 Conuentui
1853 3417 1897 3494 in

95 3530 282 3609 alvastro
311 3527 590 3609 molendinum
619 3540 802 3609 nostrum
831 3531 873 3606 in
902 3526 1035 3634 broby
1064 3542 1104 3605 et
1134 3527 1273 3635 predia
1309 3549 1446 3611 nostra
1474 3529 1621 3612 ibidem
1653 3530 1843 3635 inbroby
1857 3546 1897 3609 et

93 3641 177 3748 aby
210 3635 303 3721 cum
332 3667 471 3718 eorum
500 3641 686 3719 omnibus
715 3655 756 3719 et
784 3638 952 3746 singulis
981 3638 1223 3719 adiacenciis
1244 3639 1365 3720 nullis
1393 3641 1605 3723 dumtaxat
1634 3643 1813 3750 exceptis
1828 3640 1889 3716 sia
2003 3641 2008 3649 ’

90 3750 246 3832 delicet
275 3767 452 3860 quatuor
481 3751 709 3830 octonarios
740 3776 830 3830 eum
858 3765 966 3828 sexta
996 3765 1113 3858 parte
1142 3753 1340 3831 octonarii
1375 3780 1454 3860 pro
1481 3754 1570 3834 aliis
1603 3755 1798 3865 quinque.
1829 3775 1897 3830 oc·

90 3865 268 3943 tonariis
297 3860 674 3949 videlicetduobus
704 3862 746 3941 in
775 3861 876 3967 asby
905 3877 945 3939 et
974 3861 1107 3941 tribus
1135 3864 1355 3962 octonariis
1381 3866 1424 3943 in
1452 3864 1697 3969 yxstadhum
1720 3885 1895 3942 cumeo-

88 3973 272 4054 rundem
301 3971 490 4054 omnibus
519 3991 559 4053 et
586 3972 756 4078 singulis
800 3967 1037 4053 adiacenciis
1088 3989 1134 4050 ut
1170 3975 1419 4079 premittitur
1461 3994 1501 4055 et
1529 3975 1700 4058 sedecim
1742 3997 1895 4052 marcas

88 4082 355 4164 denariorum
385 4085 492 4163 bone
522 4103 681 4164 monete
710 4083 936 4163 vendidisse
965 4099 1005 4162 et
1036 4083 1228 4162 dimisisse
1257 4087 1308 4165 Et
1323 4112 1461 4165 omnes
1489 4086 1557 4166 alii
1571 4087 1801 4167 habitantes
1816 4081 1895 4162 ibi·

86 4195 260 4277 demin
290 4194 371 4302 aby
414 4213 453 4275 et
509 4194 644 4300 broby
687 4196 897 4302 transitum
940 4199 1004 4274 vie
1047 4194 1179 4274 libere·
1209 4213 1249 4274 et
1278 4195 1550 4307 aqueductum
1579 4222 1602 4275 a
1631 4214 1755 4304 ponte
1784 4192 1893 4274 dicto

87 4304 266 4388 kulsbro
298 4333 426 4416 usque
457 4304 509 4385 ad
538 4302 815 4384 molendinum
845 4302 1070 4413 predictum
1102 4332 1179 4414 pro
1208 4307 1353 4413 viginti
1381 4309 1525 4387 mareis
1539 4308 1741 4387 bonorum
1769 4303 1893 4386 dena-

86 4421 250 4498 riorum
282 4417 521 4501 dimiserunt
549 4433 589 4496 et
617 4417 798 4520 legaliter
826 4416 1098 4497 vendiderunt
1125 4419 1235 4498 omni
1263 4418 1553 4500 reclamacione
1580 4434 1623 4498 et
1651 4417 1893 4497 retractione

85 4530 255 4609 exclusa
285 4547 485 4637 perpetuo
515 4527 761 4637 possidendo
790 4545 829 4606 et
860 4525 1038 4634 regendo
1067 4530 1155 4608 sine
1182 4527 1352 4609 alicuius
1374 4529 1660 4639 impedimento
1689 4531 1839 4609 Datum
1854 4541 1894 4605 et

85 4656 231 4723 actum
262 4642 339 4720 sub
370 4637 518 4747 sigillis
546 4638 803 4719 dominorum
832 4641 940 4719 Petri
971 4637 1021 4718 de
1051 4636 1351 4720 haerastadhum
1382 4660 1422 4724 et
1450 4641 1637 4723 iohannis
1665 4638 1717 4719 de
1756 4635 1890 4740 broby

85 4769 330 4832 curatorum
376 4751 472 4859 quia
517 4751 684 4858 propria
728 4779 811 4830 non
860 4750 1076 4831 habuimus
1123 4756 1242 4830 Anno
1294 4750 1450 4832 domini
1493 4751 1574 4831 M:o
1618 4748 1889 4832 ducentesimo

83 4881 241 4944 octauo
271 4860 335 4941 die
366 4861 575 4942 beatorum
605 4863 813 4943 martirum
842 4861 1038 4940 lobannis
1066 4876 1106 4938 et
1134 4860 1260 4940 Pauli.

827 5003 957 5086 Sigillen
976 4986 1147 5067 liisbomna.
