4406 5966
811 449 1225 530 ..701-

128 662 256 793 848.
396 746 401 759 .
745 633 757 747 j
818 652 1223 802 rabo—1276.
1298 659 1302 670 '

202 827 507 962 Kou'wsmun
524 878 707 944 vidimstiou
726 876 789 946 och
809 876 994 942 belrtllelse
1014 875 1057 962 ps
1073 873 1160 940 utos
1181 876 1260 982 Eam
1281 875 1444 944 Emossous
1466 877 1543 944 bref
1548 899 1601 942 om
1622 877 1811 966 Spanalrults
1831 880 1918 967 gero,

1472 987 1476 998 ’
1573 997 1610 1054 Δ.
1627 998 1653 1052 3.
1670 994 1697 1053 l.
1717 1013 1740 1054 n
1757 1016 1782 1057 a.

222 1193 224 1200 ·
283 1133 580 1214 Wnnrnnus
610 1125 677 1212 dei
705 1124 955 1238 gracia.·Rex
984 1128 1193 1208 Sweorum
1222 1126 1295 1208 &o
1323 1133 1407 1212 lile
1438 1133 1613 1237 lydonde
1633 1136 1726 1238 med
1738 1139 1821 1221 Nm
1834 1139 1914 1235 640

1 1327 9 1350 „
123 1249 187 1328 till
211 1240 404 1328 avunculi
432 1243 561 1324 nostri
589 1239 745 1322 domini
773 1237 882 1320 Eriei
908 1239 982 1319 oelr
1009 1240 1153 1320 unare
1180 1241 1246 1322 till
1272 1244 1578 1346 communimus,
1623 1247 1773 1330 Datum
1803 1253 1920 1352 (tide-

1 1444 2 1460 ,
120 1358 411 1440 bestemnelsen
437 1354 514 1434 bar
540 1352 583 1460 ej
610 1354 752 1456 blifoit
779 1351 1033 1449 onteelnod).
1725 1349 1729 1356 “
1913 1345 1920 1366 “

551 1491 673 1578 sigillet
692 1489 869 1573 bortlsllet,
895 1491 971 1575 gule
991 1489 1052 1556 och
1073 1489 1152 1555 mida
1172 1489 1370 1558 sillestrldar
1390 1515 1479 1582 qvae.

127 1857 258 2007 849¹.
752 1851 983 1968 1251d
1056 1849 1123 1963 13
1169 1857 1303 2004 Aug.
1429 1823 1432 1828 ’
1616 1833 1917 2017 eresburg.
1970 2019 1973 2033 y
2031 1795 2040 1820 ’
2108 1867 2113 1876 ·
2173 2029 2177 2038 „

142 2066 146 2082 ’
204 2059 286 2143 Iton.
308 2079 403 2144 Aenus
423 2079 502 2146 Bref
517 2079 651 2147 rbrsnde
672 2079 826 2152 Wramars
845 2079 994 2164 bergam
1015 2075 1143 2142 friheter
1163 2079 1174 2142 i
1196 2077 1319 2166 Skauiir
1338 2076 1401 2142 och
1420 2078 1519 2180 andra
1539 2081 1666 2148 Densla
1687 2049 1791 2152 ortem

135 2223 137 2228 ,
632 2221 635 2228 Δ
1562 2193 1597 2252 1..
1617 2213 1657 2272 toz
1674 2199 1736 2272 969.
1753 2198 1787 2275 *)

237 2403 242 2410 .
289 2334 414 2430 Auru,
444 2327 517 2414 Dei
543 2332 673 2443 gratia
700 2333 908 2416 Danorum
937 2332 1233 2441 Slauorumque
1285 2334 1389 2431 Rex,
1432 2335 1527 2415 Dux
1569 2337 1694 2433 lutis,
1730 2337 1918 2434 omnibus

122 2472 285 2554 presens
313 2448 509 2554 scriptum
537 2445 798 2526 cernentibus
825 2442 996 2526 salutem
1023 2445 1068 2524 in
1095 2442 1274 2527 domiuo.
1332 2445 1386 2524 Vt
1414 2471 1479 2542 ea,
1522 2473 1603 2556 que
1645 2465 1846 2556 geruntur
1874 2451 1918 2528 in
1983 2457 1987 2472 '
2122 2447 2128 2460 '

120 2574 322 2666 tempore,
349 2585 401 2638 ne
430 2554 546 2636 simul
576 2569 784 2636 transeant
798 2582 896 2636 enm
919 2570 1103 2662 tempore
1130 2569 1171 2634 et
1186 2572 1440 2650 euaneseant,
1471 2554 1621 2640 debent
1635 2556 1839 2641 literarum
1860 2578 1918 2642 te·

121 2670 309 2750 stimonio
324 2667 581 2777 perhennari.
596 2667 701 2747 Hine
716 2682 790 2763 est,
804 2664 931 2777 quod,
947 2664 1083 2746 dilecti
1095 2666 1238 2762 bostri,
1247 2666 1411 2748 Domini
1418 2665 1612 2748 Johannis
1626 2669 1918 2780 Magnopoleu·

121 2779 180 2872 sis,
202 2781 354 2860 meritis
382 2777 637 2888 exigentibus
665 2806 711 2858 ae
740 2777 930 2887 precibus
957 2777 1161 2874 malmsb,
1190 2778 1349 2870 crurbus
1376 2779 1458 2858 suis
1487 2780 1703 2862 Wismarie
1747 2785 1917 2890 gratiam

81 2919 88 2928 ·
121 2893 334 3000 specialem
363 2889 567 2986 facientes,
596 2889 853 2970 consedimus
880 2887 1030 2969 eisdem
1057 2887 1165 2969 hano
1193 2888 1432 2986 libertatem,
1460 2888 1607 2999 quodsi
1628 2891 1744 2989 forte,
1774 2893 1917 2975 aduer-

121 3005 237 3114 sitate
266 3006 362 3112 ipsis
390 3003 643 3097 imminente,
670 2999 748 3080 sub
777 3002 913 3110 aliqua
941 3002 1056 3110 regni
1078 3001 1213 3082 'nostri
1242 3017 1355 3108 parte
1389 3001 1648 3110 naufragium
1693 3004 1918 3111 patiantur,

120 3115 277 3212 onmia,
305 3140 387 3225 que
416 3112 467 3194 de
495 3112 615 3212 bonis
642 3113 724 3196 suis
752 3112 806 3192 ab
836 3111 1093 3192 inelementia
1121 3112 1242 3192 maris
1269 3129 1310 3192 et
1336 3128 1573 3222 tempestate
1608 3116 1819 3221 potuerint
1846 3143 1917 3196 er-

120 3227 298 3324 trabere,
326 3226 402 3326 sibi
431 3240 648 3334 usurpent,
677 3251 725 3304 ao
751 3223 890 3306 usibus
918 3241 958 3304 et
986 3224 1150 3306 vtilitati
1177 3251 1248 3304 sue
1284 3241 1588 3305 conseruentur.
1647 3223 1917 3306 Inhumanum
1995 3231 2004 3256 ⁸

118 3337 224 3420 enim
255 3365 339 3418 esse
367 3334 530 3416 uidetur
558 3353 598 3415 et
626 3336 806 3444 impium,
836 3337 869 3416 si
898 3334 1006 3415 bona
1024 3331 1502 3445 'aliquorumbominum
1531 3335 1761 3446 periculoso
1776 3337 1916 3419 labore

119 3450 368 3558 conquisita,
398 3447 452 3544 ab
480 3447 637 3545 alienis,
667 3447 814 3556 pietate
829 3462 1002 3543 remota,
1031 3473 1105 3554 per
1120 3447 1330 3528 avaritiam
1345 3448 1566 3556 rapiantur.
1596 3449 1770 3558 Insuper
1798 3450 1917 3544 etiam

117 3565 254 3642 omnis
288 3559 379 3668 jura
422 3574 462 3640 et
503 3558 663 3640 easdem
706 3558 929 3655 libertates,
973 3556 1131 3638 ciuibus
1172 3557 1466 3642 Lubieensibus
1494 3588 1517 3640 a
1546 3576 1663 3669 patre
1690 3577 1832 3642 nostro
1861 3559 1920 3660 fe?

115 3672 208 3754 lieis
240 3667 533 3752 reeordationis
561 3668 824 3751 Waldemaro
850 3687 890 3752 et
918 3697 940 3748 a
970 3668 1088 3750 nobis
1116 3695 1323 3770 concessa,
1365 3670 1514 3753 eisdem
1556 3670 1715 3754 ciuibus
1743 3671 1920 3752 Wisma·

118 3782 325 3866 aiensibus
350 3782 394 3863 in
423 3779 602 3864 Skanore
630 3797 671 3860 et
697 3782 785 3864 aliis
814 3783 929 3890 regni
964 3781 1093 3862 nostri
1134 3782 1334 3889 partibus,
1377 3799 1501 3894 prout
1527 3783 1570 3861 in
1600 3782 1724 3862 literis
1770 3785 1920 3862 nostris

102 3889 242 4004 'super
269 3895 344 3976 hee
372 3890 565 3974 confectis
593 3892 711 4001 plene
739 3895 991 3989 continetur,
1040 3890 1261 3975 dummodo
1296 3894 1429 3978 dietus
1470 3891 1667 3976 Dominus
1710 3893 1918 3974 lohannes

116 4007 162 4089 in
190 4023 332 4088 nostro
362 4005 559 4115 obsequio
586 4006 825 4113 perstiterit,
855 4004 1075 4086 liberaliter
1103 4004 1361 4088 ooneedimus
1390 4031 1482 4086 cum
1501 4001 1663 4084 ellectu.
1691 4005 1918 4086 Prohiben·
1982 4097 1988 4106 ,

115 4135 181 4218 tes
209 4115 389 4202 districte
416 4115 494 4198 sub
508 4114 680 4202 obtentu
699 4117 826 4226 gratie
841 4131 982 4198 nostre
997 4117 1185 4198 omnibus
1198 4133 1395 4199 terrarum
1409 4131 1639 4198 nostrarum
1655 4114 1862 4199 aduocatis
1876 4132 1919 4196 et

116 4227 402 4324 exactoribus,
429 4253 481 4307 ne
509 4228 601 4338 quis
628 4228 738 4336 ipsos
765 4255 888 4337 super
915 4227 992 4308 hae
1019 4229 1276 4309 concessione
1304 4242 1445 4308 nostra
1487 4225 1740 4336 aliquatenus
1768 4227 1919 4309 audeat
2030 4263 2037 4274 ·

117 4337 349 4425 molestare.
376 4339 434 4421 Vt
448 4353 583 4419 sutem
597 4338 672 4422 beo
687 4337 845 4422 indulta
861 4354 1011 4436 nostra,
1026 4335 1144 4420 dietis
1167 4338 1326 4421 ciuibus
1338 4361 1548 4436 concessa,
1576 4335 1755 4419 debitam
1769 4337 1920 4420 babeat

115 4449 370 4544 firmitatem,
398 4466 625 4560 presentem
653 4451 841 4559 paginam
870 4466 1013 4531 nostro
1039 4449 1171 4558 sigillo
1196 4447 1383 4534 duximus
1427 4449 1715 4533 roborandam.
1770 4452 1918 4533 Datum

114 4559 401 4644 Flennsboreb
427 4560 547 4662 Anno
576 4561 742 4647 Domini
769 4561 994 4643 M⁶CC'LI⁰
1024 4558 1120 4643 Idus
1149 4562 1336 4670 Augusti.

161 4805 189 4883 *l
205 4795 436 4948 ffcffiuegebel
456 4799 620 4868 utskriltet
638 4811 712 4868 utttr
731 4825 771 4869 eu
791 4803 889 4892 Cupie
908 4803 947 4868 sl
960 4798 1217 4924 Hemesttderues
1225 4799 1409 4888 Privilegier
1423 4799 1920 4888 islanis-Homeromasti-
