<?xml version="1.0" encoding="UTF-8"?>
<!DOCTYPE html PUBLIC "-//W3C//DTD XHTML 1.0 Transitional//EN"
    "http://www.w3.org/TR/xhtml1/DTD/xhtml1-transitional.dtd">
<html xmlns="http://www.w3.org/1999/xhtml" xml:lang="en" lang="en">
 <head>
  <title>
</title>
<meta http-equiv="Content-Type" content="text/html;charset=utf-8" />
  <meta name='ocr-system' content='tesseract 3.04.00' />
  <meta name='ocr-capabilities' content='ocr_page ocr_carea ocr_par ocr_line ocrx_word'/>
</head>
<body>
  <div class='ocr_page' id='page_1' title='image "./svensktdiplomat00swegoog_0218.png"; bbox 0 0 4368 5950; ppageno 0'>
   <div class='ocr_carea' id='block_1_1' title="bbox 949 365 1367 471">
    <p class='ocr_par' dir='ltr' id='par_1_1' title="bbox 949 365 1367 471">
     <span class='ocr_line' id='line_1_1' title="bbox 949 365 1367 471; baseline -0.019 -23"><span class='ocrx_word' id='word_1_1' title='bbox 949 365 1367 471; x_wconf 71' lang='grc' dir='ltr'><strong>ιιι-174...</strong></span> 
     </span>
    </p>
   </div>
   <div class='ocr_carea' id='block_1_2' title="bbox 213 582 2054 1475">
    <p class='ocr_par' dir='ltr' id='par_1_2' title="bbox 213 582 2054 1361">
     <span class='ocr_line' id='line_1_2' title="bbox 261 582 2050 698; baseline 0.001 -31"><span class='ocrx_word' id='word_1_2' title='bbox 261 599 319 684; x_wconf 82' lang='lat' dir='ltr'><strong>et,</strong></span> <span class='ocrx_word' id='word_1_3' title='bbox 345 605 388 674; x_wconf 84' lang='lat' dir='ltr'><strong>et</strong></span> <span class='ocrx_word' id='word_1_4' title='bbox 422 585 620 696; x_wconf 67' lang='lat' dir='ltr'><strong>‘disponat</strong></span> <span class='ocrx_word' id='word_1_5' title='bbox 661 609 914 694; x_wconf 73' lang='lat' dir='ltr'><strong>quecumque</strong></span> <span class='ocrx_word' id='word_1_6' title='bbox 955 582 1007 668; x_wconf 87' lang='lat' dir='ltr'><strong>ad</strong></span> <span class='ocrx_word' id='word_1_7' title='bbox 1048 584 1128 668; x_wconf 86' lang='lat' dir='ltr'><strong>hoc</strong></span> <span class='ocrx_word' id='word_1_8' title='bbox 1158 587 1366 694; x_wconf 81' lang='lat' dir='ltr'><strong>negotium</strong></span> <span class='ocrx_word' id='word_1_9' title='bbox 1399 584 1720 694; x_wconf 81' lang='lat' dir='ltr'><strong>promovendum</strong></span> <span class='ocrx_word' id='word_1_10' title='bbox 1747 587 1895 673; x_wconf 84' lang='lat' dir='ltr'><strong>viderit</strong></span> <span class='ocrx_word' id='word_1_11' title='bbox 1929 617 2050 698; x_wconf 85' lang='lat' dir='ltr'><strong>expe·</strong></span> 
     </span>
     <span class='ocr_line' id='line_1_3' title="bbox 262 693 2050 805; baseline -0.002 -19"><span class='ocrx_word' id='word_1_12' title='bbox 262 700 368 795; x_wconf 79' lang='lat' dir='ltr'><strong>dire,</strong></span> <span class='ocrx_word' id='word_1_13' title='bbox 397 697 542 782; x_wconf 82' lang='lat' dir='ltr'><strong>luciana</strong></span> <span class='ocrx_word' id='word_1_14' title='bbox 570 720 651 805; x_wconf 88' lang='lat' dir='ltr'><strong>que</strong></span> <span class='ocrx_word' id='word_1_15' title='bbox 677 696 865 779; x_wconf 82' lang='lat' dir='ltr'><strong>statuerit</strong></span> <span class='ocrx_word' id='word_1_16' title='bbox 892 695 936 776; x_wconf 86' lang='lat' dir='ltr'><strong>in</strong></span> <span class='ocrx_word' id='word_1_17' title='bbox 968 695 1136 803; x_wconf 85' lang='lat' dir='ltr'><strong>singulis</strong></span> <span class='ocrx_word' id='word_1_18' title='bbox 1165 693 1403 778; x_wconf 84' lang='lat' dir='ltr'><strong>Diooesibus</strong></span> <span class='ocrx_word' id='word_1_19' title='bbox 1428 725 1516 804; x_wconf 85' lang='lat' dir='ltr'><strong>per</strong></span> <span class='ocrx_word' id='word_1_20' title='bbox 1545 699 1654 781; x_wconf 86' lang='lat' dir='ltr'><strong>viros</strong></span> <span class='ocrx_word' id='word_1_21' title='bbox 1681 696 1862 805; x_wconf 87' lang='lat' dir='ltr'><strong>ydoneos</strong></span> <span class='ocrx_word' id='word_1_22' title='bbox 1892 700 1945 782; x_wconf 90' lang='lat' dir='ltr'><strong>ad</strong></span> <span class='ocrx_word' id='word_1_23' title='bbox 1973 702 2050 782; x_wconf 85' lang='lat' dir='ltr'><strong>hoo</strong></span> 
     </span>
     <span class='ocr_line' id='line_1_4' title="bbox 259 804 2051 921; baseline 0 -29"><span class='ocrx_word' id='word_1_24' title='bbox 259 808 488 921; x_wconf 80' lang='lat' dir='ltr'><strong>specialiter</strong></span> <span class='ocrx_word' id='word_1_25' title='bbox 516 807 734 916; x_wconf 81' lang='lat' dir='ltr'><strong>deputatos</strong></span> <span class='ocrx_word' id='word_1_26' title='bbox 760 804 952 903; x_wconf 82' lang='lat' dir='ltr'><strong>fideliter,</strong></span> <span class='ocrx_word' id='word_1_27' title='bbox 980 835 1027 887; x_wconf 87' lang='lat' dir='ltr'><strong>ae</strong></span> <span class='ocrx_word' id='word_1_28' title='bbox 1056 807 1226 888; x_wconf 79' lang='lat' dir='ltr'><strong>sollicite</strong></span> <span class='ocrx_word' id='word_1_29' title='bbox 1254 809 1477 914; x_wconf 87' lang='lat' dir='ltr'><strong>procurari.</strong></span> <span class='ocrx_word' id='word_1_30' title='bbox 1516 809 1717 911; x_wconf 76' lang='lat' dir='ltr'><strong>Quocirca</strong></span> <span class='ocrx_word' id='word_1_31' title='bbox 1733 811 2051 893; x_wconf 86' lang='lat' dir='ltr'><strong>Vniversitatem</strong></span> 
     </span>
     <span class='ocr_line' id='line_1_5' title="bbox 262 918 2051 1030; baseline 0.001 -28"><span class='ocrx_word' id='word_1_32' title='bbox 262 937 432 1006; x_wconf 78' lang='lat' dir='ltr'><strong>vestran</strong></span> <span class='ocrx_word' id='word_1_33' title='bbox 459 943 649 1030; x_wconf 75' lang='lat' dir='ltr'><strong>rogamus</strong></span> <span class='ocrx_word' id='word_1_34' title='bbox 686 945 911 1013; x_wconf 85' lang='lat' dir='ltr'><strong>monemus,</strong></span> <span class='ocrx_word' id='word_1_35' title='bbox 953 937 995 1000; x_wconf 90' lang='lat' dir='ltr'><strong>et</strong></span> <span class='ocrx_word' id='word_1_36' title='bbox 1036 918 1291 1000; x_wconf 86' lang='lat' dir='ltr'><strong>obsecramus</strong></span> <span class='ocrx_word' id='word_1_37' title='bbox 1320 919 1359 996; x_wconf 90' lang='lat' dir='ltr'><strong>in</strong></span> <span class='ocrx_word' id='word_1_38' title='bbox 1391 919 1566 1000; x_wconf 90' lang='lat' dir='ltr'><strong>Domino</strong></span> <span class='ocrx_word' id='word_1_39' title='bbox 1595 948 1666 1027; x_wconf 87' lang='lat' dir='ltr'><strong>per</strong></span> <span class='ocrx_word' id='word_1_40' title='bbox 1695 919 1916 1028; x_wconf 83' lang='lat' dir='ltr'><strong>apostoliea</strong></span> <span class='ocrx_word' id='word_1_41' title='bbox 1932 925 2051 1008; x_wconf 86' lang='lat' dir='ltr'><strong>vobis</strong></span> 
     </span>
     <span class='ocr_line' id='line_1_6' title="bbox 258 1028 2053 1142; baseline 0 -26"><span class='ocrx_word' id='word_1_42' title='bbox 258 1031 410 1138; x_wconf 74' lang='lat' dir='ltr'><strong>scripta</strong></span> <span class='ocrx_word' id='word_1_43' title='bbox 438 1029 695 1123; x_wconf 80' lang='lat' dir='ltr'><strong>mandantes,</strong></span> <span class='ocrx_word' id='word_1_44' title='bbox 723 1045 764 1108; x_wconf 88' lang='lat' dir='ltr'><strong>et</strong></span> <span class='ocrx_word' id='word_1_45' title='bbox 795 1031 837 1108; x_wconf 91' lang='lat' dir='ltr'><strong>in</strong></span> <span class='ocrx_word' id='word_1_46' title='bbox 864 1031 1016 1110; x_wconf 89' lang='lat' dir='ltr'><strong>virtute</strong></span> <span class='ocrx_word' id='word_1_47' title='bbox 1044 1028 1220 1137; x_wconf 83' lang='lat' dir='ltr'><strong>Spiritus</strong></span> <span class='ocrx_word' id='word_1_48' title='bbox 1248 1029 1384 1108; x_wconf 80' lang='lat' dir='ltr'><strong>Sancti</strong></span> <span class='ocrx_word' id='word_1_49' title='bbox 1404 1029 1676 1137; x_wconf 87' lang='lat' dir='ltr'><strong>iniungentes,</strong></span> <span class='ocrx_word' id='word_1_50' title='bbox 1702 1047 1907 1140; x_wconf 85' lang='lat' dir='ltr'><strong>quatenus</strong></span> <span class='ocrx_word' id='word_1_51' title='bbox 1922 1035 1959 1114; x_wconf 90' lang='lat' dir='ltr'><strong>ei</strong></span> <span class='ocrx_word' id='word_1_52' title='bbox 1977 1061 2053 1142; x_wconf 91' lang='lat' dir='ltr'><strong>pro</strong></span> 
     </span>
     <span class='ocr_line' id='line_1_7' title="bbox 259 1135 2054 1249; baseline 0.001 -27"><span class='ocrx_word' id='word_1_53' title='bbox 259 1143 410 1231; x_wconf 80' lang='lat' dir='ltr'><strong>Christi</strong></span> <span class='ocrx_word' id='word_1_54' title='bbox 439 1139 638 1249; x_wconf 81' lang='lat' dir='ltr'><strong>legatione</strong></span> <span class='ocrx_word' id='word_1_55' title='bbox 666 1138 853 1248; x_wconf 87' lang='lat' dir='ltr'><strong>fungenti</strong></span> <span class='ocrx_word' id='word_1_56' title='bbox 880 1141 978 1220; x_wconf 92' lang='lat' dir='ltr'><strong>tales</strong></span> <span class='ocrx_word' id='word_1_57' title='bbox 1007 1167 1079 1220; x_wconf 87' lang='lat' dir='ltr'><strong>vos</strong></span> <span class='ocrx_word' id='word_1_58' title='bbox 1106 1138 1297 1220; x_wconf 82' lang='lat' dir='ltr'><strong>exhibere</strong></span> <span class='ocrx_word' id='word_1_59' title='bbox 1326 1142 1492 1236; x_wconf 65' lang='lat' dir='ltr'><strong>curretis,</strong></span> <span class='ocrx_word' id='word_1_60' title='bbox 1522 1135 1743 1223; x_wconf 78' lang='lat' dir='ltr'><strong>necessaria</strong></span> <span class='ocrx_word' id='word_1_61' title='bbox 1778 1145 2054 1228; x_wconf 84' lang='lat' dir='ltr'><strong>ministrantes</strong></span> 
     </span>
     <span class='ocr_line' id='line_1_8' title="bbox 213 1249 1684 1361; baseline -0.008 -19"><span class='ocrx_word' id='word_1_62' title='bbox 213 1335 215 1342; x_wconf 83' lang='grc'>.</span> <span class='ocrx_word' id='word_1_63' title='bbox 259 1251 407 1348; x_wconf 81' lang='lat' dir='ltr'><strong>eidem,</strong></span> <span class='ocrx_word' id='word_1_64' title='bbox 434 1249 549 1361; x_wconf 86' lang='lat' dir='ltr'><strong>quod</strong></span> <span class='ocrx_word' id='word_1_65' title='bbox 577 1276 652 1358; x_wconf 87' lang='lat' dir='ltr'><strong>per</strong></span> <span class='ocrx_word' id='word_1_66' title='bbox 683 1277 774 1344; x_wconf 79' lang='lat' dir='ltr'><strong>vos,</strong></span> <span class='ocrx_word' id='word_1_67' title='bbox 803 1265 843 1330; x_wconf 89' lang='lat' dir='ltr'><strong>et</strong></span> <span class='ocrx_word' id='word_1_68' title='bbox 871 1253 914 1330; x_wconf 94' lang='lat' dir='ltr'><strong>in</strong></span> <span class='ocrx_word' id='word_1_69' title='bbox 942 1251 1059 1332; x_wconf 82' lang='lat' dir='ltr'><strong>vobis</strong></span> <span class='ocrx_word' id='word_1_70' title='bbox 1086 1250 1263 1333; x_wconf 86' lang='lat' dir='ltr'><strong>fructum</strong></span> <span class='ocrx_word' id='word_1_71' title='bbox 1290 1249 1410 1346; x_wconf 77' lang='lat' dir='ltr'><strong>laniat</strong></span> <span class='ocrx_word' id='word_1_72' title='bbox 1438 1267 1684 1358; x_wconf 86' lang='lat' dir='ltr'><strong>exoptatum.</strong></span> 
     </span>
    </p>

    <p class='ocr_par' dir='ltr' id='par_1_3' title="bbox 387 1357 2054 1475">
     <span class='ocr_line' id='line_1_9' title="bbox 387 1357 2054 1475; baseline 0.005 -39"><span class='ocrx_word' id='word_1_73' title='bbox 387 1363 489 1444; x_wconf 87' lang='lat' dir='ltr'><strong>Dat.</strong></span> <span class='ocrx_word' id='word_1_74' title='bbox 519 1362 707 1444; x_wconf 86' lang='lat' dir='ltr'><strong>Lateran.</strong></span> <span class='ocrx_word' id='word_1_75' title='bbox 737 1357 850 1470; x_wconf 85' lang='lat' dir='ltr'>(XIII</span> <span class='ocrx_word' id='word_1_76' title='bbox 866 1362 900 1475; x_wconf 87' lang='lat'><strong>*)</strong></span> <span class='ocrx_word' id='word_1_77' title='bbox 927 1362 1019 1442; x_wconf 88' lang='lat' dir='ltr'><strong>Kal.</strong></span> <span class='ocrx_word' id='word_1_78' title='bbox 1050 1359 1162 1472; x_wconf 79' lang='lat' dir='ltr'><strong>Maij)</strong></span> <span class='ocrx_word' id='word_1_79' title='bbox 1191 1361 1454 1442; x_wconf 85' lang='lat' dir='ltr'><strong>Pontificatus</strong></span> <span class='ocrx_word' id='word_1_80' title='bbox 1481 1363 1609 1442; x_wconf 87' lang='lat' dir='ltr'><strong>nostri</strong></span> <span class='ocrx_word' id='word_1_81' title='bbox 1624 1363 1745 1444; x_wconf 82' lang='lat' dir='ltr'><strong>Anno</strong></span> <span class='ocrx_word' id='word_1_82' title='bbox 1760 1362 2054 1446; x_wconf 82' lang='lat' dir='ltr'><strong>Sextodeoimo.</strong></span> 
     </span>
    </p>
   </div>
   <div class='ocr_carea' id='block_1_3' title="bbox 509 1472 1705 1585">
    <p class='ocr_par' dir='ltr' id='par_1_4' title="bbox 509 1472 1705 1585">
     <span class='ocr_line' id='line_1_10' title="bbox 509 1472 1705 1585; baseline 0.001 -34"><span class='ocrx_word' id='word_1_83' title='bbox 509 1519 513 1528; x_wconf 93' lang='lat'><strong>·</strong></span> <span class='ocrx_word' id='word_1_84' title='bbox 618 1472 671 1552; x_wconf 91' lang='lat' dir='ltr'><strong>In</strong></span> <span class='ocrx_word' id='word_1_85' title='bbox 696 1475 861 1556; x_wconf 85' lang='lat' dir='ltr'><strong>eundem</strong></span> <span class='ocrx_word' id='word_1_86' title='bbox 888 1475 1047 1556; x_wconf 69' lang='lat' dir='ltr'><strong>modium</strong></span> <span class='ocrx_word' id='word_1_87' title='bbox 1069 1503 1144 1585; x_wconf 87' lang='lat' dir='ltr'><strong>per</strong></span> <span class='ocrx_word' id='word_1_88' title='bbox 1172 1473 1417 1556; x_wconf 76' lang='lat' dir='ltr'><strong>Lwtderasem</strong></span> <span class='ocrx_word' id='word_1_89' title='bbox 1437 1477 1705 1582; x_wconf 62' lang='lat' dir='ltr'><strong>provectam.</strong></span> 
     </span>
    </p>
   </div>
   <div class='ocr_carea' id='block_1_4' title="bbox 258 1645 2054 1892">
    <p class='ocr_par' dir='ltr' id='par_1_5' title="bbox 258 1645 2054 1892">
     <span class='ocr_line' id='line_1_11' title="bbox 258 1645 2054 1892; baseline 0 -58"><span class='ocrx_word' id='word_1_90' title='bbox 258 1645 395 1858; x_wconf 73' lang='lat' dir='ltr'><strong>¹tqll.</strong></span> <span class='ocrx_word' id='word_1_91' title='bbox 876 1729 1026 1836; x_wconf 83' lang='lat'><strong>1213</strong></span> <span class='ocrx_word' id='word_1_92' title='bbox 1073 1729 1122 1833; x_wconf 90' lang='lat' dir='ltr'><strong>d.</strong></span> <span class='ocrx_word' id='word_1_93' title='bbox 1171 1765 1238 1833; x_wconf 83' lang='lat'><strong>21</strong></span> <span class='ocrx_word' id='word_1_94' title='bbox 1290 1729 1437 1832; x_wconf 86' lang='lat' dir='ltr'><strong>Mars.</strong></span> <span class='ocrx_word' id='word_1_95' title='bbox 1733 1867 1737 1892; x_wconf 27' lang='grc' dir='ltr'><strong>ξ</strong></span> <span class='ocrx_word' id='word_1_96' title='bbox 1825 1729 2054 1834; x_wconf 87' lang='lat' dir='ltr'><strong>Lateran.</strong></span> 
     </span>
    </p>
   </div>
   <div class='ocr_carea' id='block_1_5' title="bbox 341 1947 2134 2118">
    <p class='ocr_par' dir='ltr' id='par_1_6' title="bbox 341 1947 2134 2118">
     <span class='ocr_line' id='line_1_12' title="bbox 341 1947 2134 2034; baseline -0.001 -20"><span class='ocrx_word' id='word_1_97' title='bbox 341 1948 434 2014; x_wconf 65' lang='lat' dir='ltr'><strong>Patr.</strong></span> <span class='ocrx_word' id='word_1_98' title='bbox 465 1951 664 2014; x_wconf 74' lang='lat' dir='ltr'><strong>lnocmrms</strong></span> <span class='ocrx_word' id='word_1_99' title='bbox 695 1949 765 2014; x_wconf 77' lang='lat' dir='ltr'><strong>lllts</strong></span> <span class='ocrx_word' id='word_1_100' title='bbox 799 1947 882 2012; x_wconf 83' lang='lat' dir='ltr'><strong>Svar</strong></span> <span class='ocrx_word' id='word_1_101' title='bbox 912 1951 954 2034; x_wconf 82' lang='lat' dir='ltr'><strong>pt</strong></span> <span class='ocrx_word' id='word_1_102' title='bbox 979 1947 1243 2032; x_wconf 70' lang='lat' dir='ltr'><strong>luka-Biskopenc</strong></span> <span class='ocrx_word' id='word_1_103' title='bbox 1264 1950 1274 2010; x_wconf 89' lang='lat' dir='ltr'><strong>i</strong></span> <span class='ocrx_word' id='word_1_104' title='bbox 1296 1947 1385 2011; x_wconf 85' lang='lat' dir='ltr'><strong>Lund</strong></span> <span class='ocrx_word' id='word_1_105' title='bbox 1408 1947 1569 2032; x_wconf 68' lang='lat' dir='ltr'><strong>idrlrtgsn</strong></span> <span class='ocrx_word' id='word_1_106' title='bbox 1586 1969 1639 2011; x_wconf 86' lang='lat' dir='ltr'><strong>cm</strong></span> <span class='ocrx_word' id='word_1_107' title='bbox 1659 1969 1829 2034; x_wconf 79' lang='lat' dir='ltr'><strong>euperem,</strong></span> <span class='ocrx_word' id='word_1_108' title='bbox 1846 1949 2055 2032; x_wconf 73' lang='lat' dir='ltr'><strong>nmutgifvit</strong></span> <span class='ocrx_word' id='word_1_109' title='bbox 2130 1981 2134 2000; x_wconf 87' lang='lat'>.</span> 
     </span>
     <span class='ocr_line' id='line_1_13' title="bbox 391 2029 2051 2118; baseline -0.002 -22"><span class='ocrx_word' id='word_1_110' title='bbox 391 2034 439 2116; x_wconf 70' lang='lat' dir='ltr'><strong>sig</strong></span> <span class='ocrx_word' id='word_1_111' title='bbox 458 2033 509 2096; x_wconf 79' lang='lat' dir='ltr'><strong>tttr</strong></span> <span class='ocrx_word' id='word_1_112' title='bbox 530 2033 643 2118; x_wconf 82' lang='lat' dir='ltr'><strong>Bislop</strong></span> <span class='ocrx_word' id='word_1_113' title='bbox 663 2033 727 2096; x_wconf 87' lang='lat' dir='ltr'><strong>och</strong></span> <span class='ocrx_word' id='word_1_114' title='bbox 748 2035 858 2114; x_wconf 81' lang='lat' dir='ltr'><strong>Legat,</strong></span> <span class='ocrx_word' id='word_1_115' title='bbox 878 2043 927 2096; x_wconf 86' lang='lat' dir='ltr'><strong>att</strong></span> <span class='ocrx_word' id='word_1_116' title='bbox 946 2034 1010 2098; x_wconf 79' lang='lat' dir='ltr'><strong>han</strong></span> <span class='ocrx_word' id='word_1_117' title='bbox 1029 2032 1129 2096; x_wconf 87' lang='lat' dir='ltr'><strong>borde</strong></span> <span class='ocrx_word' id='word_1_118' title='bbox 1149 2031 1253 2094; x_wconf 76' lang='lat' dir='ltr'><strong>hdllas</strong></span> <span class='ocrx_word' id='word_1_119' title='bbox 1274 2033 1322 2093; x_wconf 89' lang='lat' dir='ltr'><strong>uti</strong></span> <span class='ocrx_word' id='word_1_120' title='bbox 1343 2029 1517 2112; x_wconf 76' lang='lat' dir='ltr'><strong>besttndigt</strong></span> <span class='ocrx_word' id='word_1_121' title='bbox 1536 2032 1680 2115; x_wconf 61' lang='lat' dir='ltr'><strong>luigelse,</strong></span> <span class='ocrx_word' id='word_1_122' title='bbox 1704 2031 1759 2094; x_wconf 84' lang='lat' dir='ltr'><strong>vid</strong></span> <span class='ocrx_word' id='word_1_123' title='bbox 1771 2043 1880 2098; x_wconf 83' lang='lat' dir='ltr'><strong>vatten</strong></span> <span class='ocrx_word' id='word_1_124' title='bbox 1889 2031 1950 2096; x_wconf 79' lang='lat' dir='ltr'><strong>och</strong></span> <span class='ocrx_word' id='word_1_125' title='bbox 1961 2033 2051 2096; x_wconf 80' lang='lat' dir='ltr'><strong>brdd.</strong></span> 
     </span>
    </p>
   </div>
   <div class='ocr_carea' id='block_1_6' title="bbox 609 2225 1921 2478">
    <p class='ocr_par' dir='ltr' id='par_1_7' title="bbox 609 2225 1921 2478">
     <span class='ocr_line' id='line_1_14' title="bbox 1430 2225 1921 2300; baseline -0.004 -18"><span class='ocrx_word' id='word_1_126' title='bbox 1430 2227 1468 2282; x_wconf 69' lang='grc'><strong>11</strong></span> <span class='ocrx_word' id='word_1_127' title='bbox 1491 2245 1528 2282; x_wconf 78' lang='lat' dir='ltr'><strong>m.</strong></span> <span class='ocrx_word' id='word_1_128' title='bbox 1546 2227 1655 2298; x_wconf 59' lang='lat' dir='ltr'><strong>usquo</strong></span> <span class='ocrx_word' id='word_1_129' title='bbox 1674 2229 1718 2283; x_wconf 77' lang='lat' dir='ltr'><strong>nn</strong></span> <span class='ocrx_word' id='word_1_130' title='bbox 1748 2229 1787 2282; x_wconf 69' lang='lat' dir='ltr'><strong>aa</strong></span> <span class='ocrx_word' id='word_1_131' title='bbox 1808 2225 1861 2300; x_wconf 71' lang='lat' dir='ltr'><strong>ap.</strong></span> <span class='ocrx_word' id='word_1_132' title='bbox 1883 2245 1921 2284; x_wconf 73' lang='grc' dir='ltr'><strong>ιο.</strong></span> 
     </span>
     <span class='ocr_line' id='line_1_15' title="bbox 609 2364 1711 2478; baseline 0.001 -34"><span class='ocrx_word' id='word_1_133' title='bbox 609 2364 811 2444; x_wconf 67' lang='lat' dir='ltr'><strong>&amp;endensi</strong></span> <span class='ocrx_word' id='word_1_134' title='bbox 835 2365 1136 2478; x_wconf 73' lang='lat' dir='ltr'><strong>Areln&#39;epireopo</strong></span> <span class='ocrx_word' id='word_1_135' title='bbox 1162 2366 1387 2476; x_wconf 71' lang='lat' dir='ltr'><strong>apostolica</strong></span> <span class='ocrx_word' id='word_1_136' title='bbox 1416 2365 1519 2444; x_wconf 66' lang='lat' dir='ltr'><strong>sedas</strong></span> <span class='ocrx_word' id='word_1_137' title='bbox 1545 2366 1711 2472; x_wconf 65' lang='lat' dir='ltr'><strong>[agate.</strong></span> 
     </span>
    </p>
   </div>
   <div class='ocr_carea' id='block_1_7' title="bbox 259 2505 2054 3947">
    <p class='ocr_par' dir='ltr' id='par_1_8' title="bbox 259 2505 2054 3059">
     <span class='ocr_line' id='line_1_16' title="bbox 422 2505 2051 2618; baseline -0.002 -31"><span class='ocrx_word' id='word_1_138' title='bbox 422 2511 498 2588; x_wconf 88' lang='lat' dir='ltr'><strong>Per</strong></span> <span class='ocrx_word' id='word_1_139' title='bbox 525 2521 616 2602; x_wconf 79' lang='lat' dir='ltr'><strong>tuas</strong></span> <span class='ocrx_word' id='word_1_140' title='bbox 643 2508 763 2587; x_wconf 90' lang='lat' dir='ltr'><strong>nobis</strong></span> <span class='ocrx_word' id='word_1_141' title='bbox 789 2507 943 2589; x_wconf 88' lang='lat' dir='ltr'><strong>litteras</strong></span> <span class='ocrx_word' id='word_1_142' title='bbox 972 2509 1170 2590; x_wconf 87' lang='lat' dir='ltr'><strong>intimasti</strong></span> <span class='ocrx_word' id='word_1_143' title='bbox 1196 2525 1237 2587; x_wconf 83' lang='lat' dir='ltr'><strong>te</strong></span> <span class='ocrx_word' id='word_1_144' title='bbox 1264 2505 1465 2618; x_wconf 87' lang='lat' dir='ltr'><strong>quendam</strong></span> <span class='ocrx_word' id='word_1_145' title='bbox 1497 2505 1703 2589; x_wconf 86' lang='lat' dir='ltr'><strong>falsarium</strong></span> <span class='ocrx_word' id='word_1_146' title='bbox 1732 2509 1774 2587; x_wconf 92' lang='lat' dir='ltr'><strong>in</strong></span> <span class='ocrx_word' id='word_1_147' title='bbox 1797 2507 1969 2589; x_wconf 89' lang='lat' dir='ltr'><strong>vinculis</strong></span> <span class='ocrx_word' id='word_1_148' title='bbox 1985 2505 2051 2587; x_wconf 87' lang='lat' dir='ltr'><strong>de-</strong></span> 
     </span>
     <span class='ocr_line' id='line_1_17' title="bbox 261 2617 2051 2727; baseline -0.003 -27"><span class='ocrx_word' id='word_1_149' title='bbox 261 2621 400 2713; x_wconf 88' lang='lat' dir='ltr'><strong>tinere,</strong></span> <span class='ocrx_word' id='word_1_150' title='bbox 427 2621 500 2727; x_wconf 92' lang='lat' dir='ltr'><strong>qui</strong></span> <span class='ocrx_word' id='word_1_151' title='bbox 527 2617 633 2698; x_wconf 87' lang='lat' dir='ltr'><strong>sedis</strong></span> <span class='ocrx_word' id='word_1_152' title='bbox 661 2618 893 2726; x_wconf 87' lang='lat' dir='ltr'><strong>apostolieae</strong></span> <span class='ocrx_word' id='word_1_153' title='bbox 920 2621 1117 2700; x_wconf 87' lang='lat' dir='ltr'><strong>mentiens</strong></span> <span class='ocrx_word' id='word_1_154' title='bbox 1145 2645 1187 2698; x_wconf 87' lang='lat' dir='ltr'><strong>se</strong></span> <span class='ocrx_word' id='word_1_155' title='bbox 1215 2620 1434 2726; x_wconf 84' lang='lat' dir='ltr'><strong>Legatum,</strong></span> <span class='ocrx_word' id='word_1_156' title='bbox 1465 2619 1630 2698; x_wconf 89' lang='lat' dir='ltr'><strong>nomine</strong></span> <span class='ocrx_word' id='word_1_157' title='bbox 1660 2645 1708 2698; x_wconf 88' lang='lat' dir='ltr'><strong>ac</strong></span> <span class='ocrx_word' id='word_1_158' title='bbox 1737 2617 1872 2700; x_wconf 86' lang='lat' dir='ltr'><strong>officio</strong></span> <span class='ocrx_word' id='word_1_159' title='bbox 1887 2618 2051 2726; x_wconf 83' lang='lat' dir='ltr'><strong>Episco-</strong></span> 
     </span>
     <span class='ocr_line' id='line_1_18' title="bbox 259 2727 2054 2842; baseline -0.003 -32"><span class='ocrx_word' id='word_1_160' title='bbox 259 2733 304 2842; x_wconf 92' lang='lat' dir='ltr'><strong>pi</strong></span> <span class='ocrx_word' id='word_1_161' title='bbox 331 2728 549 2835; x_wconf 85' lang='lat' dir='ltr'><strong>usurpatis,</strong></span> <span class='ocrx_word' id='word_1_162' title='bbox 577 2727 621 2806; x_wconf 91' lang='lat' dir='ltr'><strong>in</strong></span> <span class='ocrx_word' id='word_1_163' title='bbox 650 2727 785 2807; x_wconf 89' lang='lat' dir='ltr'><strong>multis</strong></span> <span class='ocrx_word' id='word_1_164' title='bbox 815 2729 1045 2838; x_wconf 85' lang='lat' dir='ltr'><strong>pontificale</strong></span> <span class='ocrx_word' id='word_1_165' title='bbox 1074 2731 1329 2839; x_wconf 82' lang='lat' dir='ltr'><strong>praesumpsit</strong></span> <span class='ocrx_word' id='word_1_166' title='bbox 1358 2727 1534 2808; x_wconf 85' lang='lat' dir='ltr'><strong>officium</strong></span> <span class='ocrx_word' id='word_1_167' title='bbox 1575 2754 1772 2811; x_wconf 87' lang='lat' dir='ltr'><strong>exercere.</strong></span> <span class='ocrx_word' id='word_1_168' title='bbox 1829 2730 2054 2836; x_wconf 84' lang='lat' dir='ltr'><strong>Superque</strong></span> 
     </span>
     <span class='ocr_line' id='line_1_19' title="bbox 260 2837 2051 2948; baseline -0.002 -28"><span class='ocrx_word' id='word_1_169' title='bbox 260 2841 337 2920; x_wconf 89' lang='lat' dir='ltr'><strong>tibi</strong></span> <span class='ocrx_word' id='word_1_170' title='bbox 373 2837 545 2920; x_wconf 87' lang='lat' dir='ltr'><strong>rescribi</strong></span> <span class='ocrx_word' id='word_1_171' title='bbox 580 2837 781 2919; x_wconf 87' lang='lat' dir='ltr'><strong>desideras</strong></span> <span class='ocrx_word' id='word_1_172' title='bbox 808 2856 956 2921; x_wconf 88' lang='lat' dir='ltr'><strong>nostrae</strong></span> <span class='ocrx_word' id='word_1_173' title='bbox 985 2839 1285 2948; x_wconf 85' lang='lat' dir='ltr'><strong>beneplacitum</strong></span> <span class='ocrx_word' id='word_1_174' title='bbox 1314 2838 1544 2920; x_wconf 88' lang='lat' dir='ltr'><strong>voluntatis.</strong></span> <span class='ocrx_word' id='word_1_175' title='bbox 1602 2841 1685 2920; x_wconf 91' lang='lat' dir='ltr'><strong>Nos</strong></span> <span class='ocrx_word' id='word_1_176' title='bbox 1707 2841 1832 2948; x_wconf 91' lang='lat' dir='ltr'><strong>igitur</strong></span> <span class='ocrx_word' id='word_1_177' title='bbox 1860 2838 2051 2918; x_wconf 88' lang='lat' dir='ltr'><strong>sollieitu-</strong></span> 
     </span>
     <span class='ocr_line' id='line_1_20' title="bbox 260 2949 2051 3059; baseline -0.003 -27"><span class='ocrx_word' id='word_1_178' title='bbox 260 2953 396 3034; x_wconf 91' lang='lat' dir='ltr'><strong>dinem</strong></span> <span class='ocrx_word' id='word_1_179' title='bbox 432 2967 543 3029; x_wconf 89' lang='lat' dir='ltr'><strong>tuam</strong></span> <span class='ocrx_word' id='word_1_180' title='bbox 578 2949 620 3026; x_wconf 92' lang='lat' dir='ltr'><strong>in</strong></span> <span class='ocrx_word' id='word_1_181' title='bbox 655 2949 828 3030; x_wconf 89' lang='lat' dir='ltr'><strong>Domino</strong></span> <span class='ocrx_word' id='word_1_182' title='bbox 858 2949 1194 3046; x_wconf 86' lang='lat' dir='ltr'><strong>commendantes,</strong></span> <span class='ocrx_word' id='word_1_183' title='bbox 1223 2949 1464 3031; x_wconf 84' lang='lat' dir='ltr'><strong>fraternitati</strong></span> <span class='ocrx_word' id='word_1_184' title='bbox 1493 2966 1573 3030; x_wconf 84' lang='lat' dir='ltr'><strong>tuae</strong></span> <span class='ocrx_word' id='word_1_185' title='bbox 1602 2979 1676 3058; x_wconf 89' lang='lat' dir='ltr'><strong>per</strong></span> <span class='ocrx_word' id='word_1_186' title='bbox 1704 2949 1926 3059; x_wconf 89' lang='lat' dir='ltr'><strong>apostolica</strong></span> <span class='ocrx_word' id='word_1_187' title='bbox 1956 2949 2051 3027; x_wconf 89' lang='lat' dir='ltr'><strong>scri·</strong></span> 
     </span>
    </p>

    <p class='ocr_par' dir='ltr' id='par_1_9' title="bbox 260 3058 2053 3947">
     <span class='ocr_line' id='line_1_21' title="bbox 291 3058 2049 3172; baseline -0.001 -32"><span class='ocrx_word' id='word_1_188' title='bbox 291 3079 333 3140; x_wconf 84' lang='lat' dir='ltr'><strong>ta</strong></span> <span class='ocrx_word' id='word_1_189' title='bbox 376 3058 613 3139; x_wconf 91' lang='lat' dir='ltr'><strong>mandamus</strong></span> <span class='ocrx_word' id='word_1_190' title='bbox 654 3077 856 3169; x_wconf 89' lang='lat' dir='ltr'><strong>quatenus</strong></span> <span class='ocrx_word' id='word_1_191' title='bbox 890 3061 1085 3172; x_wconf 89' lang='lat' dir='ltr'><strong>quiequid</strong></span> <span class='ocrx_word' id='word_1_192' title='bbox 1117 3061 1266 3143; x_wconf 82' lang='lat' dir='ltr'><strong>lactum</strong></span> <span class='ocrx_word' id='word_1_193' title='bbox 1303 3078 1364 3141; x_wconf 86' lang='lat' dir='ltr'><strong>est</strong></span> <span class='ocrx_word' id='word_1_194' title='bbox 1392 3061 1527 3141; x_wconf 89' lang='lat' dir='ltr'><strong>taliter</strong></span> <span class='ocrx_word' id='word_1_195' title='bbox 1555 3059 1606 3144; x_wconf 90' lang='lat' dir='ltr'><strong>ab</strong></span> <span class='ocrx_word' id='word_1_196' title='bbox 1636 3060 1779 3142; x_wconf 87' lang='lat' dir='ltr'><strong>eodem</strong></span> <span class='ocrx_word' id='word_1_197' title='bbox 1808 3059 2049 3142; x_wconf 84' lang='lat' dir='ltr'><strong>denuntians</strong></span> 
     </span>
     <span class='ocr_line' id='line_1_22' title="bbox 260 3090 2053 3282; baseline -0.002 -32"><span class='ocrx_word' id='word_1_198' title='bbox 260 3090 496 3251; x_wconf 78' lang='lat' dir='ltr'><strong>labendum</strong></span> <span class='ocrx_word' id='word_1_199' title='bbox 526 3170 687 3278; x_wconf 90' lang='lat' dir='ltr'><strong>penitus</strong></span> <span class='ocrx_word' id='word_1_200' title='bbox 715 3201 792 3279; x_wconf 89' lang='lat' dir='ltr'><strong>pro</strong></span> <span class='ocrx_word' id='word_1_201' title='bbox 820 3174 980 3269; x_wconf 87' lang='lat' dir='ltr'><strong>inlecto,</strong></span> <span class='ocrx_word' id='word_1_202' title='bbox 1010 3175 1162 3280; x_wconf 90' lang='lat' dir='ltr'><strong>ipsum,</strong></span> <span class='ocrx_word' id='word_1_203' title='bbox 1191 3173 1294 3252; x_wconf 88' lang='lat' dir='ltr'><strong>sicut</strong></span> <span class='ocrx_word' id='word_1_204' title='bbox 1314 3199 1448 3253; x_wconf 89' lang='lat' dir='ltr'><strong>earam</strong></span> <span class='ocrx_word' id='word_1_205' title='bbox 1476 3170 1599 3268; x_wconf 81' lang='lat' dir='ltr'><strong>habes</strong></span> <span class='ocrx_word' id='word_1_206' title='bbox 1628 3174 1796 3282; x_wconf 89' lang='lat' dir='ltr'><strong>gratiam</strong></span> <span class='ocrx_word' id='word_1_207' title='bbox 1825 3171 2001 3252; x_wconf 82' lang='lat' dir='ltr'><strong>divinam</strong></span> <span class='ocrx_word' id='word_1_208' title='bbox 2017 3175 2053 3248; x_wconf 82' lang='grc'><strong>81</strong></span> 
     </span>
     <span class='ocr_line' id='line_1_23' title="bbox 263 3281 2052 3393; baseline 0.001 -33"><span class='ocrx_word' id='word_1_209' title='bbox 263 3299 459 3375; x_wconf 88' lang='lat' dir='ltr'><strong>nostram,</strong></span> <span class='ocrx_word' id='word_1_210' title='bbox 495 3297 696 3390; x_wconf 89' lang='lat' dir='ltr'><strong>perpetuo</strong></span> <span class='ocrx_word' id='word_1_211' title='bbox 731 3287 882 3364; x_wconf 88' lang='lat' dir='ltr'><strong>carceri</strong></span> <span class='ocrx_word' id='word_1_212' title='bbox 918 3282 1041 3364; x_wconf 85' lang='lat' dir='ltr'><strong>facias</strong></span> <span class='ocrx_word' id='word_1_213' title='bbox 1074 3283 1315 3392; x_wconf 87' lang='lat' dir='ltr'><strong>mancipari,</strong></span> <span class='ocrx_word' id='word_1_214' title='bbox 1345 3306 1450 3390; x_wconf 87' lang='lat' dir='ltr'><strong>pane</strong></span> <span class='ocrx_word' id='word_1_215' title='bbox 1479 3281 1631 3363; x_wconf 85' lang='lat' dir='ltr'><strong>doloris</strong></span> <span class='ocrx_word' id='word_1_216' title='bbox 1660 3289 1699 3364; x_wconf 79' lang='grc'><strong>81</strong></span> <span class='ocrx_word' id='word_1_217' title='bbox 1726 3310 1832 3393; x_wconf 87' lang='lat' dir='ltr'><strong>aqua</strong></span> <span class='ocrx_word' id='word_1_218' title='bbox 1863 3281 2052 3389; x_wconf 76' lang='lat' dir='ltr'><strong>angustia</strong></span> 
     </span>
     <span class='ocr_line' id='line_1_24' title="bbox 264 3389 2052 3505; baseline -0.002 -33"><span class='ocrx_word' id='word_1_219' title='bbox 264 3389 579 3472; x_wconf 83' lang='lat' dir='ltr'><strong>sustentandum.</strong></span> <span class='ocrx_word' id='word_1_220' title='bbox 651 3393 711 3472; x_wconf 81' lang='lat' dir='ltr'><strong>De</strong></span> <span class='ocrx_word' id='word_1_221' title='bbox 739 3393 826 3472; x_wconf 89' lang='lat' dir='ltr'><strong>aliis</strong></span> <span class='ocrx_word' id='word_1_222' title='bbox 855 3421 953 3473; x_wconf 87' lang='lat' dir='ltr'><strong>vero</strong></span> <span class='ocrx_word' id='word_1_223' title='bbox 981 3395 1064 3505; x_wconf 91' lang='lat' dir='ltr'><strong>qui,</strong></span> <span class='ocrx_word' id='word_1_224' title='bbox 1092 3395 1197 3474; x_wconf 88' lang='lat' dir='ltr'><strong>sicut</strong></span> <span class='ocrx_word' id='word_1_225' title='bbox 1225 3396 1377 3488; x_wconf 83' lang='lat' dir='ltr'><strong>asseris,</strong></span> <span class='ocrx_word' id='word_1_226' title='bbox 1407 3394 1581 3501; x_wconf 86' lang='lat' dir='ltr'><strong>suspecti</strong></span> <span class='ocrx_word' id='word_1_227' title='bbox 1610 3391 1815 3473; x_wconf 90' lang='lat' dir='ltr'><strong>habentur</strong></span> <span class='ocrx_word' id='word_1_228' title='bbox 1843 3390 1893 3473; x_wconf 84' lang='lat' dir='ltr'><strong>de</strong></span> <span class='ocrx_word' id='word_1_229' title='bbox 1921 3392 2052 3470; x_wconf 86' lang='lat' dir='ltr'><strong>crimi-</strong></span> 
     </span>
     <span class='ocr_line' id='line_1_25' title="bbox 265 3496 2051 3614; baseline 0 -34"><span class='ocrx_word' id='word_1_230' title='bbox 265 3524 316 3580; x_wconf 87' lang='lat' dir='ltr'><strong>ne</strong></span> <span class='ocrx_word' id='word_1_231' title='bbox 345 3496 539 3597; x_wconf 86' lang='lat' dir='ltr'><strong>falsitatis,</strong></span> <span class='ocrx_word' id='word_1_232' title='bbox 567 3502 781 3609; x_wconf 87' lang='lat' dir='ltr'><strong>diligenter</strong></span> <span class='ocrx_word' id='word_1_233' title='bbox 811 3505 1001 3614; x_wconf 89' lang='lat' dir='ltr'><strong>inquiras,</strong></span> <span class='ocrx_word' id='word_1_234' title='bbox 1029 3511 1068 3584; x_wconf 85' lang='lat'>&amp;</span> <span class='ocrx_word' id='word_1_235' title='bbox 1096 3530 1198 3614; x_wconf 90' lang='lat' dir='ltr'><strong>quos</strong></span> <span class='ocrx_word' id='word_1_236' title='bbox 1226 3505 1426 3586; x_wconf 88' lang='lat' dir='ltr'><strong>inveneris</strong></span> <span class='ocrx_word' id='word_1_237' title='bbox 1454 3531 1539 3584; x_wconf 85' lang='lat' dir='ltr'><strong>esse</strong></span> <span class='ocrx_word' id='word_1_238' title='bbox 1567 3503 1683 3601; x_wconf 89' lang='lat' dir='ltr'><strong>tales,</strong></span> <span class='ocrx_word' id='word_1_239' title='bbox 1714 3505 1858 3613; x_wconf 91' lang='lat' dir='ltr'><strong>punias</strong></span> <span class='ocrx_word' id='word_1_240' title='bbox 1875 3501 2051 3610; x_wconf 86' lang='lat' dir='ltr'><strong>appella·</strong></span> 
     </span>
     <span class='ocr_line' id='line_1_26' title="bbox 262 3609 2052 3697; baseline -0.002 -5"><span class='ocrx_word' id='word_1_241' title='bbox 262 3616 374 3692; x_wconf 85' lang='lat' dir='ltr'><strong>&#39;tione</strong></span> <span class='ocrx_word' id='word_1_242' title='bbox 410 3629 563 3691; x_wconf 89' lang='lat' dir='ltr'><strong>remota</strong></span> <span class='ocrx_word' id='word_1_243' title='bbox 592 3613 813 3694; x_wconf 85' lang='lat' dir='ltr'><strong>seeundum</strong></span> <span class='ocrx_word' id='word_1_244' title='bbox 841 3617 1168 3697; x_wconf 87' lang='lat' dir='ltr'><strong>constitutionem</strong></span> <span class='ocrx_word' id='word_1_245' title='bbox 1197 3644 1219 3695; x_wconf 95' lang='lat' dir='ltr'><strong>a</strong></span> <span class='ocrx_word' id='word_1_246' title='bbox 1248 3616 1365 3697; x_wconf 88' lang='lat' dir='ltr'><strong>nobis</strong></span> <span class='ocrx_word' id='word_1_247' title='bbox 1395 3614 1542 3696; x_wconf 90' lang='lat' dir='ltr'><strong>editam</strong></span> <span class='ocrx_word' id='word_1_248' title='bbox 1571 3612 1624 3692; x_wconf 90' lang='lat' dir='ltr'><strong>ad</strong></span> <span class='ocrx_word' id='word_1_249' title='bbox 1654 3614 1911 3694; x_wconf 85' lang='lat' dir='ltr'><strong>falsariorum</strong></span> <span class='ocrx_word' id='word_1_250' title='bbox 1941 3609 2052 3692; x_wconf 92' lang='lat' dir='ltr'><strong>mali·</strong></span> 
     </span>
     <span class='ocr_line' id='line_1_27' title="bbox 262 3722 2050 3836; baseline -0.002 -32"><span class='ocrx_word' id='word_1_251' title='bbox 262 3725 359 3815; x_wconf 84' lang='lat' dir='ltr'><strong>tiam</strong></span> <span class='ocrx_word' id='word_1_252' title='bbox 389 3722 686 3806; x_wconf 88' lang='lat' dir='ltr'><strong>confutandam.</strong></span> <span class='ocrx_word' id='word_1_253' title='bbox 741 3723 805 3804; x_wconf 88' lang='lat' dir='ltr'><strong>Tu</strong></span> <span class='ocrx_word' id='word_1_254' title='bbox 834 3726 1031 3836; x_wconf 87' lang='lat' dir='ltr'><strong>denique,</strong></span> <span class='ocrx_word' id='word_1_255' title='bbox 1060 3725 1187 3808; x_wconf 85' lang='lat' dir='ltr'><strong>frater</strong></span> <span class='ocrx_word' id='word_1_256' title='bbox 1216 3727 1541 3834; x_wconf 86' lang='lat' dir='ltr'><strong>Arehiepiscope,</strong></span> <span class='ocrx_word' id='word_1_257' title='bbox 1570 3751 1692 3834; x_wconf 89' lang='lat' dir='ltr'><strong>super</strong></span> <span class='ocrx_word' id='word_1_258' title='bbox 1719 3727 1870 3834; x_wconf 84' lang='lat' dir='ltr'><strong>teipso</strong></span> <span class='ocrx_word' id='word_1_259' title='bbox 1885 3723 2050 3804; x_wconf 67' lang='grc' dir='ltr'><strong>810.Βῆ-</strong></span> 
     </span>
     <span class='ocr_line' id='line_1_28' title="bbox 262 3833 1871 3947; baseline 0 -31"><span class='ocrx_word' id='word_1_260' title='bbox 262 3847 348 3916; x_wconf 85' lang='lat' dir='ltr'><strong>tum</strong></span> <span class='ocrx_word' id='word_1_261' title='bbox 378 3833 565 3914; x_wconf 85' lang='lat' dir='ltr'><strong>Laterani</strong></span> <span class='ocrx_word' id='word_1_262' title='bbox 592 3833 670 3913; x_wconf 92' lang='lat' dir='ltr'><strong>XII</strong></span> <span class='ocrx_word' id='word_1_263' title='bbox 699 3835 790 3918; x_wconf 91' lang='lat' dir='ltr'><strong>Kal.</strong></span> <span class='ocrx_word' id='word_1_264' title='bbox 819 3838 980 3947; x_wconf 88' lang='lat' dir='ltr'><strong>Aprilis,</strong></span> <span class='ocrx_word' id='word_1_265' title='bbox 1008 3838 1267 3944; x_wconf 87' lang='lat' dir='ltr'><strong>pontificatus</strong></span> <span class='ocrx_word' id='word_1_266' title='bbox 1295 3839 1424 3918; x_wconf 90' lang='lat' dir='ltr'><strong>nostri</strong></span> <span class='ocrx_word' id='word_1_267' title='bbox 1451 3863 1560 3915; x_wconf 91' lang='lat' dir='ltr'><strong>anno</strong></span> <span class='ocrx_word' id='word_1_268' title='bbox 1588 3834 1871 3918; x_wconf 85' lang='lat' dir='ltr'><strong>sextodecimo.</strong></span> 
     </span>
    </p>
   </div>
   <div class='ocr_carea' id='block_1_8' title="bbox 280 4092 2053 4239">
    <p class='ocr_par' dir='ltr' id='par_1_10' title="bbox 280 4092 2053 4239">
     <span class='ocr_line' id='line_1_29' title="bbox 280 4092 2053 4239; baseline -0.001 -44"><span class='ocrx_word' id='word_1_269' title='bbox 280 4107 402 4236; x_wconf 73' lang='grc'><strong>149.</strong></span> <span class='ocrx_word' id='word_1_270' title='bbox 902 4093 1051 4200; x_wconf 83' lang='lat'>1213</span> <span class='ocrx_word' id='word_1_271' title='bbox 1096 4092 1146 4206; x_wconf 92' lang='lat' dir='ltr'><strong>d.</strong></span> <span class='ocrx_word' id='word_1_272' title='bbox 1195 4132 1267 4239; x_wconf 83' lang='lat'><strong>29</strong></span> <span class='ocrx_word' id='word_1_273' title='bbox 1316 4093 1440 4238; x_wconf 85' lang='lat' dir='ltr'><strong>Apr.</strong></span> <span class='ocrx_word' id='word_1_274' title='bbox 1828 4093 2053 4200; x_wconf 87' lang='lat' dir='ltr'><strong>Lateran.</strong></span> 
     </span>
    </p>
   </div>
   <div class='ocr_carea' id='block_1_9' title="bbox 349 4311 2053 4484">
    <p class='ocr_par' dir='ltr' id='par_1_11' title="bbox 349 4311 2053 4484">
     <span class='ocr_line' id='line_1_30' title="bbox 349 4311 2053 4397; baseline 0.002 -24"><span class='ocrx_word' id='word_1_275' title='bbox 349 4313 439 4374; x_wconf 77' lang='lat' dir='ltr'><strong>Pan.</strong></span> <span class='ocrx_word' id='word_1_276' title='bbox 466 4311 665 4375; x_wconf 76' lang='lat' dir='ltr'><strong>luuocnnrrns</strong></span> <span class='ocrx_word' id='word_1_277' title='bbox 687 4316 757 4376; x_wconf 86' lang='lat' dir='ltr'><strong>lll:s</strong></span> <span class='ocrx_word' id='word_1_278' title='bbox 776 4311 941 4378; x_wconf 77' lang='lat' dir='ltr'><strong>Fullnialt</strong></span> <span class='ocrx_word' id='word_1_279' title='bbox 960 4317 1010 4380; x_wconf 78' lang='lat' dir='ltr'><strong>liir</strong></span> <span class='ocrx_word' id='word_1_280' title='bbox 1030 4315 1317 4397; x_wconf 72' lang='lat' dir='ltr'><strong>lrle-Biskoparnn</strong></span> <span class='ocrx_word' id='word_1_281' title='bbox 1340 4319 1349 4377; x_wconf 90' lang='lat' dir='ltr'><strong>l</strong></span> <span class='ocrx_word' id='word_1_282' title='bbox 1371 4312 1460 4380; x_wconf 88' lang='lat' dir='ltr'><strong>Lund</strong></span> <span class='ocrx_word' id='word_1_283' title='bbox 1481 4314 1540 4376; x_wconf 83' lang='lat' dir='ltr'><strong>och</strong></span> <span class='ocrx_word' id='word_1_284' title='bbox 1575 4313 1696 4397; x_wconf 79' lang='lat' dir='ltr'><strong>Upsala</strong></span> <span class='ocrx_word' id='word_1_285' title='bbox 1727 4325 1775 4376; x_wconf 88' lang='lat' dir='ltr'><strong>att</strong></span> <span class='ocrx_word' id='word_1_286' title='bbox 1806 4315 1904 4378; x_wconf 60' lang='lat' dir='ltr'><strong>maora</strong></span> <span class='ocrx_word' id='word_1_287' title='bbox 1936 4313 2053 4397; x_wconf 66' lang='lat' dir='ltr'><strong>Patig-</strong></span> 
     </span>
     <span class='ocr_line' id='line_1_31' title="bbox 399 4395 2053 4484; baseline -0.001 -25"><span class='ocrx_word' id='word_1_288' title='bbox 399 4397 534 4477; x_wconf 84' lang='lat' dir='ltr'><strong>Legater</strong></span> <span class='ocrx_word' id='word_1_289' title='bbox 566 4397 576 4456; x_wconf 88' lang='lat' dir='ltr'>i</span> <span class='ocrx_word' id='word_1_290' title='bbox 611 4397 772 4458; x_wconf 73' lang='lat' dir='ltr'><strong>Danmarl</strong></span> <span class='ocrx_word' id='word_1_291' title='bbox 800 4397 861 4459; x_wconf 88' lang='lat' dir='ltr'><strong>och</strong></span> <span class='ocrx_word' id='word_1_292' title='bbox 884 4399 1013 4484; x_wconf 79' lang='lat' dir='ltr'><strong>Sverige</strong></span> <span class='ocrx_word' id='word_1_293' title='bbox 1034 4399 1188 4463; x_wconf 76' lang='lat' dir='ltr'><strong>dersttdea</strong></span> <span class='ocrx_word' id='word_1_294' title='bbox 1209 4397 1356 4461; x_wconf 69' lang='lat' dir='ltr'><strong>halandia</strong></span> <span class='ocrx_word' id='word_1_295' title='bbox 1376 4395 1619 4462; x_wconf 79' lang='lat' dir='ltr'><strong>rerlsttllandet</strong></span> <span class='ocrx_word' id='word_1_296' title='bbox 1640 4397 1679 4459; x_wconf 84' lang='lat' dir='ltr'><strong>af</strong></span> <span class='ocrx_word' id='word_1_297' title='bbox 1692 4398 1753 4460; x_wconf 84' lang='lat' dir='ltr'><strong>den</strong></span> <span class='ocrx_word' id='word_1_298' title='bbox 1768 4399 1923 4462; x_wconf 67' lang='lat' dir='ltr'><strong>allnfflnna</strong></span> <span class='ocrx_word' id='word_1_299' title='bbox 1944 4399 2053 4462; x_wconf 75' lang='lat' dir='ltr'><strong>natta·</strong></span> 
     </span>
    </p>
   </div>
   <div class='ocr_carea' id='block_1_10' title="bbox 127 4477 1054 4564">
    <p class='ocr_par' dir='ltr' id='par_1_12' title="bbox 127 4477 1054 4564">
     <span class='ocr_line' id='line_1_32' title="bbox 127 4477 1054 4564; baseline 0.012 -29"><span class='ocrx_word' id='word_1_300' title='bbox 127 4546 133 4560; x_wconf 59' lang='lat'><strong>,</strong></span> <span class='ocrx_word' id='word_1_301' title='bbox 263 4509 265 4514; x_wconf 95' lang='lat'>·</span> <span class='ocrx_word' id='word_1_302' title='bbox 398 4479 531 4541; x_wconf 73' lang='lat' dir='ltr'><strong>idrandc</strong></span> <span class='ocrx_word' id='word_1_303' title='bbox 549 4477 786 4560; x_wconf 77' lang='lat' dir='ltr'><strong>Korsatgetult</strong></span> <span class='ocrx_word' id='word_1_304' title='bbox 808 4481 918 4564; x_wconf 87' lang='lat' dir='ltr'><strong>Heliga</strong></span> <span class='ocrx_word' id='word_1_305' title='bbox 938 4483 1054 4546; x_wconf 86' lang='lat' dir='ltr'><strong>landet.</strong></span> 
     </span>
    </p>
   </div>
   <div class='ocr_carea' id='block_1_11' title="bbox 1260 4559 1922 4640">
    <p class='ocr_par' dir='ltr' id='par_1_13' title="bbox 1260 4559 1922 4640">
     <span class='ocr_line' id='line_1_33' title="bbox 1260 4559 1922 4640; baseline 0.003 -26"><span class='ocrx_word' id='word_1_306' title='bbox 1260 4561 1290 4617; x_wconf 77' lang='lat' dir='ltr'><strong>F.</strong></span> <span class='ocrx_word' id='word_1_307' title='bbox 1311 4577 1338 4614; x_wconf 78' lang='lat' dir='ltr'><strong>a:</strong></span> <span class='ocrx_word' id='word_1_308' title='bbox 1358 4579 1399 4634; x_wconf 78' lang='lat'><strong>²7·</strong></span> <span class='ocrx_word' id='word_1_309' title='bbox 1433 4563 1471 4618; x_wconf 77' lang='lat' dir='ltr'><strong>ll.</strong></span> <span class='ocrx_word' id='word_1_310' title='bbox 1489 4580 1524 4616; x_wconf 86' lang='lat' dir='ltr'><strong>m.</strong></span> <span class='ocrx_word' id='word_1_311' title='bbox 1544 4576 1574 4617; x_wconf 82' lang='lat' dir='ltr'><strong>a:</strong></span> <span class='ocrx_word' id='word_1_312' title='bbox 1593 4564 1655 4637; x_wconf 80' lang='lat'><strong>7⁵⁵·</strong></span> <span class='ocrx_word' id='word_1_313' title='bbox 1672 4561 1729 4619; x_wconf 61' lang='lat' dir='ltr'><strong>An.</strong></span> <span class='ocrx_word' id='word_1_314' title='bbox 1751 4563 1791 4618; x_wconf 83' lang='grc'><strong>16.</strong></span> <span class='ocrx_word' id='word_1_315' title='bbox 1810 4559 1863 4634; x_wconf 70' lang='lat' dir='ltr'><strong>Ep.</strong></span> <span class='ocrx_word' id='word_1_316' title='bbox 1881 4581 1922 4640; x_wconf 72' lang='grc' dir='ltr'><strong>η.</strong></span> 
     </span>
    </p>
   </div>
   <div class='ocr_carea' id='block_1_12' title="bbox 193 4629 2051 4940">
    <p class='ocr_par' dir='ltr' id='par_1_14' title="bbox 193 4629 2051 4940">
     <span class='ocr_line' id='line_1_34' title="bbox 193 4629 2051 4810; baseline 0.004 -39"><span class='ocrx_word' id='word_1_317' title='bbox 193 4641 198 4668; x_wconf 28' lang='lat' dir='ltr'><strong>i</strong></span> <span class='ocrx_word' id='word_1_318' title='bbox 318 4629 327 4646; x_wconf 18' lang='grc' dir='ltr'>ἢ</span> <span class='ocrx_word' id='word_1_319' title='bbox 379 4690 626 4776; x_wconf 82' lang='lat' dir='ltr'><strong>Innocentius</strong></span> <span class='ocrx_word' id='word_1_320' title='bbox 653 4697 735 4778; x_wconf 89' lang='lat' dir='ltr'><em>III.</em></span> <span class='ocrx_word' id='word_1_321' title='bbox 766 4698 1009 4778; x_wconf 69' lang='lat' dir='ltr'><strong>Lumlensm</strong></span> <span class='ocrx_word' id='word_1_322' title='bbox 1039 4721 1159 4810; x_wconf 85' lang='lat' dir='ltr'><strong>atque</strong></span> <span class='ocrx_word' id='word_1_323' title='bbox 1174 4700 1425 4810; x_wconf 81' lang='lat' dir='ltr'><strong>Upsolensem</strong></span> <span class='ocrx_word' id='word_1_324' title='bbox 1439 4701 1759 4809; x_wconf 78' lang='lat' dir='ltr'><strong>Aradiepiseepos</strong></span> <span class='ocrx_word' id='word_1_325' title='bbox 1775 4701 1948 4804; x_wconf 82' lang='lat' dir='ltr'><strong>Legatos</strong></span> <span class='ocrx_word' id='word_1_326' title='bbox 1965 4727 2051 4808; x_wconf 83' lang='lat' dir='ltr'><strong>apa-</strong></span> 
     </span>
     <span class='ocr_line' id='line_1_35' title="bbox 245 4803 2051 4940; baseline 0.009 -63"><span class='ocrx_word' id='word_1_327' title='bbox 245 4803 254 4822; x_wconf 93' lang='lat'><em>&#39;</em></span> <span class='ocrx_word' id='word_1_328' title='bbox 432 4807 586 4886; x_wconf 75' lang='lat' dir='ltr'><strong>stelione</strong></span> <span class='ocrx_word' id='word_1_329' title='bbox 612 4813 820 4940; x_wconf 71' lang='lat' dir='ltr'><strong>constituit</strong></span> <span class='ocrx_word' id='word_1_330' title='bbox 854 4813 896 4888; x_wconf 84' lang='lat' dir='ltr'><strong>in</strong></span> <span class='ocrx_word' id='word_1_331' title='bbox 930 4817 1093 4917; x_wconf 60' lang='lat' dir='ltr'><strong>nogotio</strong></span> <span class='ocrx_word' id='word_1_332' title='bbox 1117 4813 1254 4892; x_wconf 76' lang='lat' dir='ltr'><strong>Terrae</strong></span> <span class='ocrx_word' id='word_1_333' title='bbox 1268 4813 1428 4893; x_wconf 63' lang='lat' dir='ltr'><strong>Sanctae</strong></span> <span class='ocrx_word' id='word_1_334' title='bbox 1436 4839 1510 4923; x_wconf 81' lang='lat' dir='ltr'><strong>per</strong></span> <span class='ocrx_word' id='word_1_335' title='bbox 1525 4814 1663 4893; x_wconf 76' lang='lat' dir='ltr'><strong>Datin</strong></span> <span class='ocrx_word' id='word_1_336' title='bbox 1677 4840 1725 4891; x_wconf 80' lang='lat' dir='ltr'><strong>ae</strong></span> <span class='ocrx_word' id='word_1_337' title='bbox 1739 4809 1890 4892; x_wconf 75' lang='lat' dir='ltr'><strong>Scetiae</strong></span> <span class='ocrx_word' id='word_1_338' title='bbox 1904 4811 2051 4917; x_wconf 81' lang='lat' dir='ltr'><strong>Regna.</strong></span> 
     </span>
    </p>
   </div>
   <div class='ocr_carea' id='block_1_13' title="bbox 267 4947 551 4971">
    <p class='ocr_par' dir='ltr' id='par_1_15' title="bbox 267 4947 551 4971">
     <span class='ocr_line' id='line_1_36' title="bbox 267 4947 551 4971; baseline 0.007 -3"><span class='ocrx_word' id='word_1_339' title='bbox 267 4947 551 4971; x_wconf 57' lang='lat' dir='ltr'><strong>&#39;m</strong></span> 
     </span>
    </p>
   </div>
   <div class='ocr_carea' id='block_1_14' title="bbox 264 5011 1106 5092">
    <p class='ocr_par' dir='ltr' id='par_1_16' title="bbox 264 5011 1106 5092">
     <span class='ocr_line' id='line_1_37' title="bbox 264 5011 1106 5092; baseline 0.017 -22"><span class='ocrx_word' id='word_1_340' title='bbox 264 5061 268 5070; x_wconf 93' lang='lat'>.</span> <span class='ocrx_word' id='word_1_341' title='bbox 354 5011 379 5088; x_wconf 74' lang='lat'><strong>*)</strong></span> <span class='ocrx_word' id='word_1_342' title='bbox 400 5012 440 5074; x_wconf 75' lang='lat' dir='ltr'><strong>x.</strong></span> <span class='ocrx_word' id='word_1_343' title='bbox 467 5029 554 5092; x_wconf 66' lang='lat' dir='ltr'><strong>syces</strong></span> <span class='ocrx_word' id='word_1_344' title='bbox 576 5013 824 5086; x_wconf 69' lang='lat' dir='ltr'><strong>inundantum</strong></span> <span class='ocrx_word' id='word_1_345' title='bbox 843 5041 925 5087; x_wconf 79' lang='lat' dir='ltr'><strong>vara</strong></span> <span class='ocrx_word' id='word_1_346' title='bbox 941 5021 1106 5084; x_wconf 77' lang='lat' dir='ltr'><strong>uutmlet.</strong></span> 
     </span>
    </p>
   </div>
   <div class='ocr_carea' id='block_1_15' title="bbox 0 0 2191 5940">
    <p class='ocr_par' dir='ltr' id='par_1_17' title="bbox 0 0 2191 5940">
     <span class='ocr_line' id='line_1_38' title="bbox 0 0 2191 5940; baseline 0 0"><span class='ocrx_word' id='word_1_347' title='bbox 0 0 2191 5940; x_wconf 95' lang='lat' dir='ltr'><strong> </strong></span> 
     </span>
    </p>
   </div>
  </div>
 </body>
</html>
