4404 5960
817 531 876 564 ,-
987 487 1066 596 399
1176 534 1235 556 ..

137 701 261 840 2165·
771 718 923 861 ,1259
970 716 1018 823 d.
1068 757 1095 861 7
1144 719 1293 826 Mars.
1362 785 1367 792 -
1703 721 1921 868 Anagni.

203 929 294 996 Ptfv.
315 933 501 1030 Auxanum
522 929 594 1000 lvo
614 931 693 996 bref
707 953 762 996 om
787 953 843 998 ιοο
863 934 975 1017 dagam
995 935 1070 1000 assat
1089 939 1140 1002 fiir
1160 938 1249 1019 dem,
1279 958 1347 1012 som
1377 934 1493 1000 tetta
1519 935 1637 1022 Upsala
1668 941 1853 1030 Domkyria
1873 941 1938 1030 pt,

257 1015 305 1080 Sat
325 1017 485 1086 Laucentb
506 1013 569 1100 dag
588 1013 657 1092 och*
669 1015 711 1096 do
730 1015 845 1099 dagars
857 1013 940 1122 *aflet
960 1019 1002 1104 pl
1022 1017 1044 1084 8
1064 1020 1163 1108 derpd
1183 1020 1319 1107 liiljande
1340 1019 1445 1104 daflata
1623 1099 1654 1162 B·
1675 1119 1702 1161 m
1724 1121 1784 1162 m.
2010 1031 2016 1038 '

287 1235 543 1342 [adelgenesis
570 1235 792 1344 uprokruis
818 1237 973 1317 ecclesie
1010 1258 1166 1321 centum
1201 1240 1284 1320 dies
1311 1247 1353 1321 in
1380 1241 1442 1324 die
1464 1245 1595 1322 soracti
1619 1241 1813 1325 laurcrcoii
1838 1243 1919 1326 XL

321 1349 362 1424 81
390 1345 504 1448 infra
531 1363 697 1426 octones
725 1343 1008 1457 mperpetuum.

290 1492 531 1570 Mamurra
546 1491 620 1569 &n
633 1490 715 1572 lile
728 1490 819 1570 racd
840 1493 1099 1599 fdregciende
1113 1493 1196 1574 Nm
1214 1467 1305 1587 ’433
1319 1497 1385 1576 till
1398 1495 1501 1574 Cum
1515 1493 1640 1602 igitur
1650 1496 1757 1577 vsicut
1771 1496 1914 1605 petitio

130 1621 256 1690 vestra
268 1599 388 1682 nobis
416 1597 596 1682 exhibita
623 1598 859 1682 continebat
874 1599 925 1683 ad
958 1602 1163 1684 ecclesiam
1177 1620 1442 1716 uestramque
1456 1605 1501 1686 in
1516 1605 1915 1688 bonorebeatiLau·
2019 1713 2028 1719 ᾖ
2143 1697 2150 1706 ,

129 1714 247 1797 rencii
262 1726 322 1792 est
335 1725 566 1798 constructa
579 1712 623 1790 iu
638 1707 742 1790 festo
758 1711 884 1819 ipsius
899 1713 953 1794 ob
967 1712 1915 1826 deuocionemquehabeturadeummagnacon·

130 1827 234 1910 fluat·
251 1820 396 1932 populi
414 1819 646 1917 multitudo,
672 1846 748 1901 nos
767 1823 985 1932 cupientes,
999 1839 1044 1904 rt
1058 1823 1196 1905 eadem
1211 1826 1377 1906 ecclesia
1394 1828 1584 1934 congruis
1596 1827 1820 1910 honoribus
1834 1827 1914 1910 lre·

128 1950 358 2048 queantur,
387 1948 428 2012 et
457 1946 501 2011 vt
529 1930 669 2012 christi
701 1928 839 2013 fideles
865 1931 1061 2016 adeuntes
1082 1933 1192 2016 illam
1211 1934 1369 2016 celestis
1384 1935 1495 2018 dono
1509 1938 1641 2047 gracie
1655 1935 1859 2047 gaudeant
1869 1967 1914 2023 se

127 2047 312 2140 refectos,
340 2043 528 2124 omnibus
556 2068 650 2122 vere
678 2045 954 2149 penitentibus
983 2049 1023 2124 81
1049 2046 1258 2142 confessis,
1287 2049 1360 2158 qui
1388 2047 1537 2130 dictam
1550 2048 1761 2131 ecclesiam·
1787 2049 1830 2131 in
1844 2075 1914 2130 eo·
1992 2075 2006 2092 “

126 2157 215 2240 dem
244 2155 346 2236 festo
374 2152 583 2234 aunuatim
611 2152 895 2237 venerabiliter
915 2156 1132 2253 visitarint‚
1161 2159 1211 2241 de
1231 2158 1521 2267 omnipotentis
1537 2160 1611 2242 Dei
1639 2157 1913 2244 misericordia

5 2367 15 2374 ,
125 2276 163 2351 &
190 2271 401 2352 beatorum
426 2263 539 2345 Petri
566 2280 607 2344 et
633 2263 749 2348 Pauli
776 2266 1053 2375 apostolorum
1082 2268 1166 2351 eius
1194 2271 1432 2352 auctoritate
1462 2270 1618 2366 confisi,
1648 2270 1821 2351 Centum
1850 2269 1913 2353 di,

124 2409 172 2478 es,
212 2378 309 2460 illuc
338 2402 440 2457 uero
466 2372 575 2454 infra
603 2387 767 2455 octauas
795 2378 973 2462 eiusdem
1001 2376 1089 2461 festi
1124 2407 1217 2460 cum
1260 2378 1482 2463 deuocione
1523 2378 1810 2466 accedentibus
1837 2381 1912 2463 XL

124 2491 204 2575 dies
231 2487 283 2570 de
312 2487 502 2568 iniunctis
531 2484 610 2564 sibi
639 2485 878 2591 penitenciis
906 2488 1219 2572 misericorditer
1254 2490 1490 2573 relaxamus
1549 2494 1699 2575 Datum
1727 2491 1912 2603 Anagnia

120 2605 163 2685 in
190 2602 316 2684 Nonis
344 2599 480 2680 Martii
511 2594 773 2704 pontificatus
804 2603 934 2684 nostri
964 2627 1073 2681 anno
1102 2603 1261 2710 quinto.

66 2833 253 2964 ’.466ο
458 2825 462 2940 s
643 2905 646 2914 Α
735 2833 886 2975 1259
933 2833 982 2938 d.
1033 2833 1104 2942 28
1151 2833 1300 2941 Mars.
1689 2837 1906 2982 Anagni

197 3055 289 3119 Ptfv.
309 3053 492 3116 Auxanum
514 3050 585 3115 {Vn
605 3050 713 3130 Bulla,
734 3049 824 3114 bvari
845 3049 909 3114 ban
929 3051 1088 3118 lb'rklarar
1107 3053 1196 3133 dem,
1218 3075 1284 3119 som
1305 3059 1382 3139 giira
1408 3057 1526 3119 iubrott
1545 3057 1556 3117 i
1576 3053 1723 3119 Presthus
1747 3002 1815 3119 ocb¹
1830 3056 1908 3138 kyr-

248 3137 324 3215 kor‚
345 3135 445 3197 sdsom
466 3134 646 3218 bannlyste„
722 3233 725 3240 Ι
1536 3216 1571 3274 Δ.
1590 3237 1612 3274 ι.
1635 3219 1662 3274 (t,
1679 3220 1721 3291 ⁵⁴·
1739 3217 1773 3289 *1)

4 3441 12 3448 ,
280 3354 523 3432 Atumrtosn
556 3351 771 3461 episcopus
808 3379 948 3433 seruus
990 3381 1200 3436 seruorum
1242 3353 1318 3436 dei.
1361 3353 1657 3436 venerabilibus
1699 3347 1904 3436 fratribus.

114 3463 420 3572 archiepiscopo
449 3460 652 3571 upsalensi
679 3465 846 3574 eiusque
878 3463 1141 3574 suffraganeis
1169 3491 1215 3546 ac
1244 3463 1398 3546 dilectis
1426 3465 1516 3546 filiis
1529 3466 1692 3573 prelatis
1720 3465 1906 3547 ecclesia·
2008 3489 2012 3502 ·

111 3604 205 3658 rum
220 3573 431 3684 prouincia
452 3571 674 3679 vpsalensis
706 3574 876 3654 salutem
905 3579 944 3655 8<
973 3576 1235 3683 apostolicam
1257 3573 1589 3670 benedictionem.
1617 3573 1733 3684 justis
1761 3593 1903 3685 peten-

110 3690 220 3768 cium
247 3681 446 3766 disideriis
476 3681 642 3792 dignum
678 3699 739 3763 est
782 3691 856 3772 nos
899 3685 1054 3766 facilem
1098 3684 1269 3795 prebere
1314 3710 1554 3768 consensum
1581 3691 1620 3766 &
1647 3701 1743 3766 vota
1770 3714 1852 3798 que
1879 3714 1904 3765 a

107 3910 216 3988 sicut
245 3933 295 3984 ex
324 3922 438 4013 parte
466 3919 599 3984 vestra
625 3901 704 3984 fuit
731 3906 985 4012 propositum
1024 3934 1163 3987 coram
1203 3906 1323 3988 nobis
1362 3909 1447 3990 bon
1512 3908 1701 3988 memorie
1729 3933 1767 4014 g.
1796 3904 1903 3987 sabi·

104 4019 245 4098 nensis
272 4020 483 4126 episcopus
510 4028 610 4094 tunc
637 4015 786 4095 inillis
815 4016 1000 4122 partibus
1029 4017 1248 4126 apostolice
1276 4015 1382 4098 sedis
1424 4018 1580 4122 leatus
1619 4018 1781 4100 duxerit
1821 4032 1902 4096 sta·

103 4127 316 4210 tuendum.
344 4143 389 4206 rt
415 4126 661 4235 quicumque
689 4125 732 4204 in
761 4123 948 4209 domibus
975 4127 1229 4210 sacerdotum
1259 4133 1298 4208 &
1326 4123 1581 4209 ecclesiarum
1598 4128 1809 4238 prouincie
1823 4153 1899 4235 vp-

101 4239 274 4321 salensis
294 4238 504 4319 occasione
517 4235 800 4344 hospitalitatis
816 4236 946 4318 hostia
960 4240 1137 4348 ipsarum
1153 4239 1365 4321 domorum
1395 4237 1579 4346 frangere
1608 4265 1679 4319 seu
1707 4238 1825 4318 aliam
1839 4239 1899 4318 vi.-

100 4349 307 4433 olenciarn
335 4345 487 4428 inferre
516 4363 764 4455 presumeret
798 4352 1226 4432 excommunicacionis
1261 4349 1511 4429 sentenciam
1555 4351 1780 4430 incurreret
1809 4349 1899 4456 ipso

73 4460 228 4543 ¹facto.
273 4460 358 4540 Nos
384 4458 526 4539 vestris
553 4458 923 4567 supplicacionibus
952 4461 1134 4541 inclinati
1163 4474 1355 4542 statutum
1383 4458 1731 4544 huiusmodi‘sicut
1759 4460 1898 4567 proui-

97 4570 158 4654 de
189 4569 343 4652 factum
373 4585 433 4650 est
459 4584 592 4648 return
621 4567 814 4649 babentes
842 4575 881 4651 8<
910 4587 1079 4679 gratum
1099 4569 1201 4652 illud
1228 4570 1469 4677 auctoritate
1503 4566 1723 4679 apostolica
1753 4568 1898 4652 confir·
1971 4561 1975 4578 '

94 4709 263 4764 ruamus
292 4686 331 4762 &
362 4683 560 4790 presentis
585 4681 737 4788 »scripti
766 4685 992 4790 patrocinio
1021 4681 1324 4783 communimus.
1379 4683 1418 4762 N
1421 4679 1492 4760 ulli
1518 4707 1619 4790 ergo
1645 4687 1717 4762 &a
1760 4698 1897 4762 nostre

94 4793 427 4876 confirmacionis
442 4795 515 4871 &c
547 4793 698 4872 Datum
714 4794 884 4901 anagnie
899 4794 1043 4902 quinto
1056 4792 1147 4874 Kal.
1177 4789 1315 4903 aprilis
1342 4790 1601 4901 pontificatus
1619 4793 1759 4873 nostri
1787 4805 1896 4873 anno

93 4903 266 5014 quinto.
706 4970 708 4978 ,
973 4947 978 4952 -

146 5115 175 5190 ¹')
199 5107 590 5174 muretensem
609 5106 647 5172 ei
661 5106 839 5174 irie-Bith.
859 5108 945 5173 Onon
965 5107 1116 5194 ilipula
1136 5105 1167 5170 d.
1188 5107 1224 5172 ³1
1240 5063 1327 5190 bug.
1351 5107 1444 5193 1319,
1464 5104 1633 5174 vidimerod
1654 5107 1786 5173 aielrifl.
1845 5051 1851 5062 ἱ

108 3796 284 3877 racionis
312 3795 473 3874 tramite
501 3819 585 3872 non
614 3791 849 3874 discordant
877 3793 1066 3876 effectum
1095 3811 1364 3908 prosequente
1397 3797 1610 4124 cogplere.
1646 3797 1748 3877 Cum
1777 3797 1903 3905 igitur
1960 3846 1963 3852 -
