4368 5950
727 473 745 514 ,Ι
803 425 862 446 -
980 381 1054 462 231
1160 427 1229 446 --

115 603 344 711 expositum
371 601 662 704 Christianum,
691 627 832 681 verum
861 601 981 682 etiam
1008 601 1146 711 quoad
1174 603 1351 714 aliquos,
1380 605 1454 715 qui
1481 602 1701 714 aliquando
1730 608 1908 690 eommu-

115 716 351 796 monuerant
378 713 493 810 fidei,
522 714 771 823 contemptui
799 712 918 794 datus
945 725 1006 791 est
1034 713 1121 820 ipse
1151 715 1344 796 Christus.
1404 715 1529 798 Vnde·
1543 716 1649 797 facta
1676 733 1737 799 est
1764 717 1907 802 durior

115 839 206 936 post
236 827 553 936 prosperitatem
574 822 805 922 aduersitas,
834 831 875 906 8(
901 851 950 905 eo
979 825 1111 904 minus
1139 827 1282 909 habuit
1310 828 1594 908 consolationis
1616 827 1794 928 afflictio,
1823 829 1908 944 q'ub

115 939 245 1020 minus
274 953 511 1046 argumenta
528 938 819 1046 'prosperitatis
868 936 1083 1044 praeteritae
1127 936 1350 1020 subsecutae
1373 941 1557 1020 iacturae
1591 942 1677 1048 pati
1719 959 1910 1050 poterant

115 1052 405 1134 coniecturam:
435 1047 515 1130 Sed
543 1049 635 1130 licet
662 1050 895 1160 iniquitates
922 1065 1071 1128 nostrae
1099 1051 1354 1161 quandoque·
1382 1050 1595 1132 diuiserint
1632 1053 1737 1131 inter
1765 1083 1839 1136 nos
1867 1062 1908 1141 8(

115 1163 244 1266 Deum
273 1176 475 1256 nostrum,
511 1185 593 1240 non
622 1177 681 1241 est
709 1175 843 1265 tamen
871 1177 1094 1268 aggrabata
1123 1162 1209 1241 eius
1238 1165 1368 1258 auris,
1402 1179 1447 1242 vt
1475 1190 1561 1242 non
1589 1163 1796 1263 exaudiat,
1832 1194 1906 1250 nee

115 1275 349 1356 abbreuiata
377 1299 517 1356 manus
544 1273 647 1369 eius,
691 1288 735 1351 vt
763 1271 920 1351 saluare
955 1298 1039 1351 non
1073 1275 1210 1379 possit.
1266 1273 1581 1354 Misericordiam
1625 1279 1779 1384 quippe
1822 1307 1906 1360 non

115 1384 339 1467 continebit
365 1384 409 1462 in
437 1385 513 1479 ira,
533 1384 645 1491 quin
673 1382 814 1463 saltem
843 1399 1013 1491 propter
1041 1411 1190 1464 nomen
1218 1413 1356 1483 suum,
1385 1413 1436 1466 ne
1463 1385 1628 1466 ulterius
1656 1386 1907 1496 blaspheme-

114 1498 252 1578 turin
285 1497 493 1605 gentibus,
523 1510 709 1602 potenter
729 1507 954 1602 exurgens,
983 1494 1134 1574 iudicet
1162 1524 1321 1578 causam
1347 1525 1476 1594 suam,
1506 1503 1545 1576 8(
1572 1497 1753 1580 exaltans
1774 1499 1906 1581 humi-

114 1609 190 1688 lem
219 1609 262 1687 in
289 1607 473 1696 salutem,
502 1606 664 1714 iniquos
692 1605 850 1714 abigat,
878 1612 918 1686 8(
946 1622 1179 1688 consternat
1207 1609 1342 1690 elatos.
1372 1611 1475 1688 Ecce
1491 1608 1616 1716 ipsius
1632 1607 1904 1719 inspiratione,

113 1739 158 1800 vt
184 1719 350 1800 firmiter
378 1715 596 1806 credimus,
626 1716 893 1797 Charissimus
922 1717 965 1795 in
997 1716 1160 1798 Christo
1189 1718 1295 1799 lilius
1322 1737 1462 1801 noster
1489 1718 1719 1801 Friderieus
1734 1720 1903 1804 illustris

113 1833 388 1910 Romanorum
417 1831 642 1937 Imperator
669 1855 827 1936 semper
855 1832 1063 1934 Augustus
1091 1834 1132 1908 8(
1160 1830 1246 1910 Rex
1283 1832 1443 1927 Siciliae,
1479 1833 1634 1912 omissis
1668 1831 1805 1914 multis
1839 1861 1905 1913 ar·

112 1942 284 2051 duisque
314 1941 505 2049 negotijs,
534 1967 710 2047 quorum
738 1966 842 2020 onus
870 1936 1068 2018 honorem
1097 1941 1318 2048 Imperialis
1347 1942 1605 2023 Celsitudinis
1640 1944 1905 2053 sequebatur,

111 2057 225 2134 venit
253 2051 305 2132 ad
333 2078 406 2132 nos
434 2051 478 2130 in
505 2052 766 2158 Campaniam
793 2051 1002 2132 nobiscum
1030 2049 1310 2159 de'pr'aedictae
1337 2053 1473 2134 Terrae
1501 2053 1681 2136 subsidio
1710 2071 1906 2137 tractatu·

111 2195 200 2261 rus,
228 2163 366 2273 ibique
396 2163 660 2270 praesentibus
690 2159 924 2244 Venerabili
950 2163 1092 2242 Fratre
1107 2181 1256 2242 nostru.
1287 2227 1297 2245 .
1329 2165 1578 2262 Patriarcha,
1599 2171 1637 2246 8(
1660 2166 1903 2250 Charissimo

112 2278 155 2356 in
182 2276 347 2356 Christo
376 2274 460 2353 filio
488 2290 629 2353 nostro
658 2276 810 2355 Ioanne
839 2274 999 2354 Illustre
1028 2274 1136 2381 Rege
1164 2276 1521 2356 Hierosolimitano
1547 2277 1921 2361 .’.Βοῐ1]Ιεηιίῑ3ηο·

111 2389 315 2497 Episcopo
345 2445 354 2466 .
385 2447 393 2465 .
422 2387 615 2493 Magistro
643 2384 863 2491 Hospitalis
898 2447 907 2466 .
936 2444 946 2464 .
976 2387 1229 2493 Praeceptore
1259 2387 1429 2496 Templi,
1458 2387 1536 2468 8(“.
1561 2450 1570 2469 .
1599 2387 1791 2498 Magistro
1820 2391 1902 2472 Do-

111 2527 202 2580 mus
229 2497 594 2592 Tbeutonicorum,
623 2524 671 2576 ac
699 2495 789 2602 alijs
818 2525 921 2606 quos
958 2495 1010 2577 ad
1053 2512 1247 2577 tractatus
1289 2497 1522 2580 huiusmodi
1564 2498 1733 2580 diuersis
1760 2503 1904 2584 mundi
1958 2573 1961 2577 .

111 2610 300 2721 partibus
326 2607 502 2689 vidimus
521 2607 802 2704 adhibendos,
834 2609 1000 2718 singulis
1028 2635 1121 2718 quae
1148 2625 1292 2689 natura
1320 2611 1476 2718 negotij
1505 2612 1758 2720 requirebat,
1811 2613 1903 2695 dili·

110 2724 223 2834 genti
264 2719 526 2803 meditatione
568 2720 763 2827 pensatis,
806 2718 912 2800 idem
955 2721 1181 2828 Imperator
1222 2721 1275 2802 ad
1304 2739 1493 2803 nostrum
1536 2721 1835 2832 beneplacitum
1863 2731 1903 2808 8(
1989 2741 2006 2775 ·’

110 2833 323 2916 consilium
352 2829 646 2941 praedictorum·
666 2829 959 2913 transfretandi
987 2832 1204 2912 terminum
1232 2834 1275 2912 in
1303 2831 1424 2915 Festo
1451 2833 1563 2914 Beati
1577 2836 1737 2915 loannis
1766 2837 1922 2944 Raptis

106 2963 181 3028 stae
201 2961 303 3054 post
331 2944 541 3034 biennium
569 2944 757 3051 proximo
784 2960 991 3038 secuturo,
1022 2960 1210 3052 prompta
1238 2937 1446 3027 voluntate
1474 2947 1662 3054 suscepit,
1691 2947 1902 3055 corporale

105 3085 232 3167 super
261 3057 338 3136 hoc
366 3053 559 3150 exhibens
588 3072 834 3162 spontaneus
863 3055 1146 3134 Iuramentum.
1186 3053 1372 3165 Denique
1400 3075 1445 3138 vt
1473 3055 1525 3136 ad
1554 3055 1596 3137 id
1612 3055 1770 3166 plenius
1782 3086 1901 3138 suum

104 3165 387 3249 manifestaret
415 3165 620 3262 affectum,
650 3171 690 3244 8(
717 3166 810 3272 plus
839 3165 933 3245 fidei
962 3163 1128 3245 daretur
1156 3168 1339 3274 negotio,
1378 3195 1425 3247 ae
1453 3169 1618 3249 omnino
1661 3171 1902 3279 suspicionis

103 3280 321 3362 contrariae
349 3278 564 3386 serupulus
592 3275 820 3373 tolleretur,
853 3274 904 3356 ad
934 3275 1164 3356 instantiam
1190 3278 1433 3358 Patriarchae
1462 3278 1645 3387 praedicti
1673 3287 1712 3360 8(
1730 3281 1898 3362 aliorum

103 3390 378 3473 Orientalium
408 3392 449 3470 in
476 3405 626 3470 nostra*
644 3393 682 3468 &
717 3385 889 3467 fratrum
925 3405 1155 3467 nostrorum
1192 3387 1422 3496 praes'entia,
1453 3395 1492 3468 &
1524 3390 1792 3472 multitudinis
1812 3383 1901 3473 ¹ho-

102 3503 264 3584 minum
292 3500 364 3610 qui
393 3499 444 3580 ad
473 3499 721 3607 colloquium
749 3513 943 3608 uenerant
963 3525 1005 3578 se
1036 3498 1253 3579 ducturum
1285 3501 1327 3579 in
1356 3527 1522 3580 vxorem
1552 3499 1765 3610 legitimam
1780 3501 1902 3584 liliam

102 3615 230 3723 Regis
258 3611 447 3708 eiusdem,
475 3607 737 3690 iurisiurandi
765 3607 961 3716 religione
989 3606 1176 3689 firmauit
1192 3608 1199 3624 '
1215 3611 1320 3696 Sane
1349 3610 1554 3720 probabili
1590 3617 1902 3723 praesumptione
2014 3707 2016 3712 ,

103 3746 311 3820 tenemus,
339 3720 452 3832 quod
484 3750 507 3801 a
538 3720 713 3801 Domino
741 3717 893 3798 factum
922 3728 982 3798 est
1010 3719 1137 3824 istud,
1168 3735 1212 3801 vt
1239 3724 1344 3802 votis
1365 3721 1543 3802 fidelium
1559 3741 1708 3831 optatae
1736 3727 1795 3805 rei
1810 3753 1900 3804 suc·
1957 3763 1967 3768 ·

103 3863 244 3918 cessus
272 3833 451 3929 exoluat,
479 3830 591 3942 quod
620 3844 911 3940 praeconceptae
939 3832 1025 3938 spei
1055 3827 1227 3940 praeludi
1254 3833 1528 3940 promiserunt
1556 3831 1608 3914 ad
1636 3835 1697 3916 sui
1746 3831 1900 3916 resta'u·
2002 3839 2006 3844 ’

103 3950 306 4029 rationem
333 3943 485 4052 negotij
526 3959 642 4022 tuum
670 3949 709 4022 8(
736 3941 907 4021 aliorum
950 3943 1105 4050 Regum
1135 3971 1181 4022 ae
1223 3943 1458 4051 Principum
1500 3943 1652 4027 animos
1680 3947 1766 4052 ipse
1794 3945 1899 4026 filius
1938 3947 1945 3956 ’

103 4057 254 4142 summi
283 4057 403 4163 Regis
431 4053 640 4164 accendet,
671 4055 742 4163 qui
772 4051 822 4135 de
850 4069 1005 4134 secreto
1034 4055 1161 4134 Patris
1190 4055 1233 4133 in
1263 4053 1473 4165 publicum
1501 4081 1682 4163 egressus
1696 4055 1747 4136 ad
1762 4082 1899 4136 seruos

103 4170 162 4254 ad
192 4170 270 4248 ima
298 4163 523 4262 descendit3
553 4182 598 4247 vt
626 4165 798 4247 subditis
827 4163 878 4246 ad
905 4163 1057 4245 summa
1087 4182 1248 4274 pararet
1276 4194 1501 4263 ascensum,
1531 4167 1606 4247 sub
1622 4181 1724 4246 testa
1751 4183 1899 4247 nostrae

101 4279 367 4364 mortalitatis
395 4275 540 4385 figulus
569 4278 611 4356 in
640 4277 759 4357 terris
786 4276 911 4371 visus,
940 4283 979 4356 &
1007 4306 1098 4357 cum
1128 4276 1359 4357 hominibus
1379 4283 1657 4374 conuersatus,
1673 4295 1788 4358 tuum
1803 4305 1901 4387 pro·

101 4389 307 4476 culdubio
335 4390 488 4498 expetit
517 4395 769 4496 &expectat
798 4389 1009 4484 auxilium,
1040 4417 1158 4468 causa
1189 4389 1338 4470 Christi
1366 4388 1633 4496 &probatam
1655 4392 1807 4469 Domus
1821 4405 1902 4470 tuae
1928 4413 1940 4424 ·

99 4503 333 4616 potentiam
376 4498 578 4582 desiderat
621 4499 749 4581 Terra
792 4501 949 4580 Sancta.
987 4499 1182 4610 Nunquid
1211 4528 1293 4580 non
1323 4500 1464 4580 babuit
1493 4495 1543 4578 de
1571 4498 1792 4586 iuuentutis
1821 4517 1901 4582 tuae

97 4613 309 4725 primitijs,
326 4619 364 4692 8(
379 4609 429 4694 de
444 4614 604 4694 maioris
619 4614 744 4691 aetatis
759 4609 940 4722 reliquijs
955 4611 1070 4722 quasi
1086 4612 1136 4693 de
1152 4612 1243 4691 vitae
1258 4610 1410 4692 decima
1426 4635 1507 4689 non
1522 4606 1712 4689 habebit?
1727 4613 1901 4721 Oquan·

97 4745 196 4808 tum
211 4741 452 4806 accresceret
480 4722 656 4804 eiusdem
673 4737 791 4803 terrae
805 4720 1003 4820 subsidio,
1018 4723 1052 4802 si
1064 4722 1115 4803 de
1131 4738 1353 4831 propagata
1370 4719 1584 4802 deuotione
1599 4719 1725 4830 patris
1741 4721 1785 4802 in
1799 4724 1903 4807 filios

95 4865 181 4948 per
201 4865 329 4918 vnum
357 4863 406 4917 ex
435 4835 531 4943 ipsis
559 4835 794 4917 subuenires
823 4834 867 4914 in
895 4849 1018 4914 tantae
1038 4834 1282 4914 necessitatis
1298 4829 1467 4915 articulo
1482 4831 1711 4912 Crucifixol
1726 4834 1764 4914 Ο
1779 4863 1903 4944 quam
1995 4849 2001 4860 '

93 4948 318 5058 magnifice
346 4945 397 5028 ad
430 4971 664 5050 succursum
684 4967 689 4978 ·
707 4943 856 5026 deuota
901 4945 1042 5025 Suesia
1072 4972 1113 5024 se
1157 4956 1318 5053 pararet
1347 4957 1390 5024 vt
1418 4941 1614 5023 mittendo
1657 4941 1834 5052 placeret
1862 4955 1902 5030 8(
1956 5007 1961 5012 -

92 5057 246 5146 miso!
276 5059 392 5141 Absit
420 5073 465 5142 vt
492 5074 584 5168 post
611 5072 724 5165 terga
756 5070 959 5137 remaneat
989 5082 1080 5167 quae
1108 5049 1332 5166 praecedere
1361 5053 1583 5136 consueuit.
1614 5057 1789 5141 Absitvt
1817 5073 1900 5138 tam
