4370 5950
869 333 875 344 f
960 416 1043 460 -.
1124 377 1206 482 76·
1295 419 1353 508 ἡ

193 595 502 722 Δ-53ᾸΨ
650 579 1594 765 Ϊῇζ]·ζ((64ῥῖ((82.ᾐᾋ“8
1656 631 1709 735 J,
1773 575 1803 748 J
1912 698 1915 713 .
1982 580 2025 702 f

137 929 140 934 Ι
255 813 258 822 ,
295 854 298 864 ·
338 831 446 902 Abhol
466 829 618 897 szsi
638 826 731 894 Remi
752 825 861 894 simul
881 827 939 892 hos
958 803 1181 924 konungebnaf
1196 797 1852 943 svcnge,med·fl.ler'1tttkopr9ffi‹
2007 915 2010 924 ¹

650 971 654 982 ⁵
1566 1023 1568 1030 ,
1591 946 1629 1002 R·
1645 945 1675 999 k
1692 961 1716 1000 ²·
1734 945 1793 1020 587·
1810 965 1857 1006 mo
1873 966 1915 1024 97.

416 1087 526 1191 Regi
567 1081 785 1179 Serenum,
821 1087 860 1162 8(
896 1080 1094 1178 Ducibus,
1110 1083 1113 1088 ’
1132 1087 1173 1162 8(
1204 1082 1493 1194 Principibus,
1511 1089 1551 1164 8(
1584 1085 1805 1166 eorumdem
1846 1085 2040 1198 Archiepiv

451 1221 566 1306 scopo
594 1199 634 1273 8(
660 1196 814 1273 curatis
840 1194 1127 1299 suffraganeis
1153 1198 1249 1272 eius.
1501 1193 1503 1200 '
1596 1191 1622 1202 ''
1659 1185 1693 1202 ”
2035 1247 2037 1256 ,

359 1316 363 1325 '
417 1303 520 1387 Crm
555 1303 678 1384 aninfi
714 1301 802 1382 Deo
838 1300 980 1404 deuoti
1014 1301 1241 1416 principale
1269 1308 1308 1383 8(
1334 1329 1534 1399 summum
1562 1301 1711 1397 debeat
1738 1331 1823 1386 esse
1852 1304 2040 1404 studium,
2144 1380 2148 1389 .

249 1413 305 1503 cd
339 1413 511 1528 gloriam
544 1421 585 1496 8(
617 1406 814 1494 honorem
850 1411 926 1494 Dei
955 1414 1091 1496 omnia
1120 1441 1385 1528 componere,
1414 1419 1447 1494 si
1476 1413 1868 1524 fortenaliquatenus
1897 1445 1939 1496 se
1967 1445 2045 1514 om-

249 1529 456 1639 nipotenti
484 1526 571 1607 Deo
600 1522 781 1634 placere,
810 1522 875 1603 vel
905 1525 1050 1604 leuiter
1078 1527 1266 1620 senserit,
1296 1524 1507 1606 cumulatis
1539 1526 1776 1607 intrinsecus
1805 1525 1962 1635 gaudiis
1990 1545 2046 1608 to·

248 1660 338 1725 tum
372 1665 415 1720 se
449 1634 647 1734 effundit,
682 1653 878 1746 tanquam
919 1634 1161 1746 liquefactus
1198 1654 1292 1745 post
1326 1663 1538 1744 sponsum,
1574 1636 1799 1717 acclamans
1827 1643 1866 1718 8(
1896 1637 2047 1718 dicens:

255 1749 541 1836 Exultabtmus
568 1754 607 1829 8(
635 1749 860 1830 laetubiuuir
887 1754 928 1829 in
957 1765 997 1827 te
1025 1746 1215 1828 memores
1241 1743 1409 1827 uberum
1439 1768 1608 1829 tuorum.
1667 1747 1740 1827 llis
1761 1763 1900 1828 nostra
1918 1748 2048 1856 parui·

252 1882 316 1948 tas
331 1872 554 1973 prouocato
583 1857 879 1966 exemplis,etsi
908 1859 951 1937 in
984 1857 1141 1954 multis,
1176 1860 1299 1938 immo
1327 1885 1433 1966 pene
1462 1860 1505 1938 in
1535 1856 1746 1954 omnibus,
1776 1857 1964 1967 quotidie
1993 1887 2050 1938 me

250 1975 376 2058 sciam
411 1990 599 2081 peccare,
635 1975 674 2053 8(
708 1997 793 2048 non
820 1983 866 2048 rt
894 1969 1045 2048 iustum
1075 1985 1135 2048 est
1165 1963 1314 2050 diuinis
1344 1970 1566 2077 mancipari
1595 1965 1760 2066 studiis,
1790 1969 1834 2050 in
1866 1971 1947 2050 hoe
1976 1997 2053 2050 vno
2159 1979 2160 1984 '

234 2115 338 2196 ¹non
478 2107 664 2210 equaque
700 2077 872 2188 despero
902 2077 952 2159 de
981 2079 1255 2160 misericordia
1283 2080 1377 2175 Del,
1407 2082 1503 2189 quia
1533 2076 1584 2160 de
1612 2107 1729 2160 manu
1760 2096 1903 2160 nostra
1934 2078 2053 2158 mani·
2161 2137 2162 2140 κ

254 2111 611 2313 pulnnlsbbmgne
654 2192 847 2299 suscepit,
891 2187 1085 2271 doinnum
1128 2191 1161 2272 F
1163 2189 1352 2273 alconem
1380 2191 1649 2300 Episcopum,
1678 2189 1905 2298 quondam·
1921 2218 2054 2296 mona·

255 2310 378 2394 chum
404 2294 610 2404 nostrum,
652 2307 692 2382 8(
733 2303 777 2382 in
819 2301 1024 2382 claustrali
1064 2301 1261 2410 religione
1296 2299 1468 2382 anobis
1497 2303 1740 2396 enutritum,
1769 2300 1823 2381 ad
1858 2303 2057 2402 summum

256 2417 448 2532 prouexit
481 2413 761 2498 sacerdotium.
825 2413 1166 2522 Recognoseimus
1202 2413 1247 2491 in
1278 2439 1328 2494 eo
1356 2411 1515 2492 vultum
1544 2430 1746 2507 nostrum,
1775 2419 1816 2494 8(
1849 2440 2059 2521 speramus

256 2527 372 2644 quod
414 2552 500 2610 non
541 2522 708 2608 recedat
751 2551 823 2604 cor
857 2524 943 2603 eius
971 2551 995 2602 a
1022 2524 1109 2602 Deo
1139 2539 1302 2618 nostro,
1331 2528 1371 2602 8(
1398 2550 1423 2602 a
1452 2522 1650 2604 mandatis
1671 2523 1768 2602 eius.
1828 2525 1935 2605 Cum
1964 2550 2060 2630 ergo

257 2629 547 2752 opportunitas
575 2653 689 2746 grata
717 2633 937 2728 obtulerit,
963 2632 1075 2742 quod
1104 2649 1261 2742 tempus
1288 2632 1440 2714 habere
1469 2639 1679 2742 possumus
1711 2633 1842 2716 adbuc
1868 2663 1966 2734 eum
2003 2635 2062 2713 in·

257 2749 444 2838 struendi
477 2755 518 2830 8(
551 2743 796 2828 informandi
832 2745 875 2824 in
909 2742 1146 2852 ampliorem
1184 2746 1258 2824 Dei
1296 2743 1576 2841 dilectionem,
1605 2758 1816 2852 gratanter
1845 2751 1884 2826 8(
1914 2745 2065 2826 deuote

259 2864 501 2975 excipimus,
537 2860 633 2988 quia
666 2857 836 2940 ulterius
865 2885 951 2938 nou
979 2883 1071 2934 eum
1099 2852 1343 2952 videndum,
1370 2883 1498 2968 vsque
1528 2855 1580 2938 ad
1609 2852 1802 2937 thronum
1831 2859 2000 2964 gratiae,
2029 2859 2066 2934 8(

261 2975 315 3058 ad
357 2971 686 3055 distributionem
726 2969 866 3050 aeterni
900 2965 1097 3075 stipendii
1125 2966 1385 3047 arbitramur.
1443 2965 1509 3047 Ad
1541 2967 1625 3049 haec
1658 2967 1746 3084 ipsa
1774 2969 1976 3076 temporis
2008 2968 2067 3046 in·

260 3081 523 3168 connnoditas
559 3097 803 3191 cooperatur
847 3076 1050 3160 desiderio
1078 3093 1235 3158 nostro.
1295 3078 1339 3156 Si
1367 3078 1475 3157 enim
1502 3096 1673 3188 ¹vterque
1701 3093 1886 3159 nostrum
1918 3078 2068 3176 vellet,

260 3195 492 3278 discrimina
521 3199 562 3276 8(
589 3190 769 3302 pericula
797 3205 887 3299 quae
914 3187 1038 3268 habet
1066 3189 1239 3269 transire
1255 3215 1339 3266 non
1354 3204 1502 3296 posset.
1545 3186 1791 3278 Inundantia
1806 3191 1915 3271 enim
1944 3216 2072 3302 aqua·

261 3335 372 3403 rum,
413 3324 458 3388 vt
493 3306 741 3396 audiuimus,
767 3316 892 3410 :tanta
926 3317 1006 3394 est,
1049 3317 1093 3378 rt
1127 3300 1197 3380 vix
1224 3299 1487 3380 serenissimis
1528 3299 1781 3408 temporibus
1810 3301 1986 3384 meabile
2020 3301 2071 3383 sit

262 3419 342 3500 iter
381 3445 465 3525 quo
508 3416 561 3496 ad
602 3409 675 3494 vos
718 3410 967 3520 peruenitur.
1039 3407 1178 3492 Tertia
1221 3406 1397 3518 denique
1426 3438 1545 3492 causa
1573 3411 1729 3508 subest,
1757 3413 1856 3521 quia
1885 3411 2073 3493 domnus

264 3527 606 3634 Archiepiscopus
639 3540 778 3604 noster
807 3523 976 3601 Romam
1004 3549 1177 3630 pergens
1204 3521 1381 3602 officium
1410 3546 1527 3603 suum
1556 3550 1630 3602 nos
1645 3520 1835 3630 supplere
1851 3525 2075 3606 commisit

263 3640 532 3749 Nequaquam
566 3651 699 3715 autem
737 3635 780 3714 in
814 3631 1070 3715 dedicatione
1101 3631 1389 3729 Ecclesiarum,
1418 3631 1483 3712 vel
1512 3631 1771 3714 ordinatione
1801 3635 2076 3732 clericorum,

265 3749 333 3831 vel
362 3743 665 3854 confirmatione
679 3739 1002 3848 Christianorum
1032 3743 1204 3823 Abbatis
1233 3742 1406 3849 assurgit
1434 3741 1644 3854 dignitas'
1679 3745 1756 3851 Per
1785 3735 1916 3853 ipsum
1951 3773 2079 3854 ergo,

267 3859 341 3972 qui
375 3859 420 3956 in
447 3857 636 3940 omnibus
663 3868 802 3934 noster
832 3871 908 3953 est,
937 3853 1169 3961 implemus,
1199 3848 1312 3961 quod
1340 3878 1414 3958 per
1443 3879 1516 3935 nos
1544 3881 1632 3940 non
1658 3880 1880 3962 possumus.
1945 3856 2079 3937 Veni·

267 3987 310 4052 et
353 3985 486 4051 autem
528 3965 581 4048 ad
622 3992 694 4048 vos
723 3965 867 4076 plenus
896 3963 971 4078 Dei
999 3959 1300 4058 benedictione,
1330 3988 1422 4041 cum
1453 3977 1637 4075 tempora
1664 3963 1816 4047 luerint
1842 3965 2081 4052 meliorata.
2130 4015 2137 4038 ι

270 4082 425 4166 Valete.
512 4181 515 4189 Ι

275 4477 365 4604 54.
530 4543 534 4554 -
637 4487 653 4552 s
723 4409 1375 4632 rats-2i181,d.ro
1421 4471 2089 4617 Squ,·jlbmmbnunu

356 4692 450 4763 Pifv.
481 4692 663 4758 Anmmu
690 4689 759 4756 lllts
772 4687 955 4774 [befalluing
974 4693 1026 4755 till
1048 4689 1304 4778 irie-Bislopen
1324 4697 1336 4758 i
1358 4690 1479 4779 Upsala
1503 4691 1565 4756 och
1584 4690 1662 4756 bana
1682 4693 1708 4756 L
1732 4646 1955 4782 dllinopari
1994 4693 2090 4761 sves

403 4774 693 4840 otbGiitbaRikeu
714 4787 761 4840 att
780 4784 863 4839 ritta
882 4773 971 4855 flere,
991 4774 1123 4839 riirandc
1144 4779 1387 4862 Prestcrskapet,
1411 4774 1554 4840 inrotade
1571 4774 1689 4838 oordcn
1719 4775 1856 4859 igheter,
1886 4777 2000 4846 ὼοιιι
2039 4785 2094 4842 ott

403 4857 575 4942 verldslign
599 4880 755 5006 qerwner,
776 4863 788 4923 i
810 4858 1039 5028 sffiqrtlgssge
1041 4861 1231 5030 3512qu
1253 4863 1265 4923 i
1286 4861 1435 4940 Soeknen,
1457 4860 1539 4923 ester
1559 4856 1665 4941 bebag
1685 4857 1764 4921 eller
1794 4861 1845 4923 ldr
1880 4861 2094 4946 perstringat,
2132 4878 2140 4894 ‘

341 4990 343 4998 s
401 4951 480 5008 utin
500 4939 540 5006 dc
560 4963 600 5008 an
624 4945 706 5028 elige
741 4965 818 5031 myn
1259 4946 1390 5012 tuetur
1419 4939 1768 5024 Proitou-brumam
1802 4943 1871 5009 otta
1903 4943 2094 5030 surymdn
