4382 5964
814 431 876 454 ...
984 381 1063 548 ⁵9⁷
1175 431 1233 507 ...

114 610 277 696 ecclesie
306 607 551 718 lincopensis
576 603 680 688 duas
709 608 891 690 marchas
918 611 1086 720 argenti.
1123 599 1299 692 Ecclesie
1341 605 1587 692 wexionensi
1614 609 1666 702 ad
1694 589 1909 696 canoniam

115 722 214 806 duas
242 721 374 812 curias
401 721 445 800 in
472 735 545 811 stre
573 723 614 798 8(
641 716 815 800 haerelde
844 750 935 802 cum
964 720 1153 800 omnibus
1188 721 1382 802 attinenci
1383 719 1420 828 js
1447 721 1529 802 suis
1557 721 1633 804 sub
1661 725 1738 806 ista
1767 725 1910 806 condi-³

17 910 23 916 .
113 835 229 915 cionc
261 850 309 913 ut
335 833 378 911 in
406 828 590 940 qualibet
622 831 841 938 septimana
870 830 951 914 due
978 831 1095 912 misse
1123 833 1167 912 in
1196 831 1333 914 eadem
1361 831 1527 913 ecclesia
1549 833 1806 917 celebrentur
1826 863 1909 917 una
1993 832 1995 838 ’

75 963 85 980 ·
113 942 311 1026 debeata
339 943 497 1050 virgine
524 946 565 1022 8(
585 938 711 1021 altera
741 969 818 1049 pro
840 943 1032 1051 peccatis·
1051 944 1160 1024 meis.
1190 943 1366 1024 Ecclesia
1395 945 1438 1023 in
1453 942 1608 1052 garabir
1636 971 1713 1056 pro
1728 946 1841 1030 libris
1869 952 1910 1028 8(

112 1053 359 1134 indumentis
387 1079 528 1160 agrum
556 1053 718 1132 nomine
747 1051 1025 1154 braekinskalae
1059 1070 1141 1133 tam
1184 1081 1261 1161 pro
1290 1054 1422 1134 anima
1464 1081 1553 1134 mea
1611 1085 1703 1138 uam
1732 1086 1811 1167 pro
1839 1056 1910 1139 de-

113 1163 201 1246 bito
230 1167 272 1246 in
287 1190 371 1274 quo
398 1161 529 1243 eidem
542 1161 706 1244 ecclesie
733 1179 874 1245 teneor
902 1173 941 1246 8(
969 1193 1110 1274 agrurn
1140 1164 1212 1274 qui
1240 1166 1343 1252 iacet
1372 1166 1415 1244 in
1444 1083 1632 1246 orientaiii
1653 1184 1769 1275 parte
1797 1167 1910 1278 gam·

58 1273 385 1382 “blaelidstader
413 1271 614 1355 sacerdoti
643 1271 694 1353 ad
722 1302 911 1357 mensam.
947 1275 1123 1356 Ecclesia
1154 1269 1196 1355 in
1225 1274 1363 1382 tholge
1378 1303 1521 1384 agrum
1547 1275 1808 1361 brunthathae
1838 1282 1910 1390 qui

112 1388 165 1468 sit
191 1387 267 1466 sub
297 1408 430 1466 mensa
460 1382 691 1465 sacerdotis.
721 1387 896 1466 Ecclesia
923 1387 966 1467 in
994 1383 1210 1484 stoccarird
1239 1412 1405 1494 agrum.
1440 1387 1482 1464 ui
1511 1386 1788 1494 apaldaeacher
1804 1407 1910 1473 nun-¹

112 1513 286 1605 cupatur
316 1494 368 1576 ad
397 1521 573 1576 mensam
600 1495 818 1576 sacerdotis
847 1503 886 1577 8(
908 1497 1109 1605 capellam
1123 1525 1252 1576 meam
1266 1498 1351 1575 sine
1380 1414 1513 1578 cdiice.
1542 1498 1718 1581 Ecclesie
1746 1503 1789 1580 in
1803 1530 1911 1584 wem

113 1636 255 1718 agrum
283 1609 354 1718 qui
389 1611 492 1689 iacet
519 1609 562 1687 in
591 1605 779 1686 orientali
807 1625 923 1716 parte
952 1608 1139 1714 cimiterij
1168 1613 1207 1687 8(
1236 1609 1287 1686 sit
1313 1607 1390 1687 sub
1419 1635 1554 1688 mensa
1583 1609 1803 1691 sacerdotis
1832 1641 1909 1722 pro
2002 1687 2007 1694 .

111 1718 254 1799 anima
272 1746 359 1798 mea
386 1724 426 1799 8(
453 1746 531 1827 pro
559 1716 700 1799 debito
728 1719 772 1797 in
801 1746 885 1828 quo
914 1736 1056 1799 teneor
1085 1717 1212 1798 eidem
1235 1717 1410 1798 ecclesie.
1445 1719 1620 1799 Ecclesie
1649 1723 1690 1800 in
1720 1721 1910 1818 bruddae·
1962 1736 1964 1742 ’

112 1829 236 1940 thorp
264 1859 406 1942 agrum
432 1827 586 1910 dictum
615 1826 872 1922 loredachacr.
903 1831 975 1940 qui
1005 1831 1107 1908 iacet
1136 1831 1178 1909 in
1208 1827 1415 1910 occidente
1444 1829 1558 1909 iuxta
1579 1832 1688 1910 uiam
1703 1834 1809 1913 &sit
1823 1836 1910 1945 ipse

112 1944 239 2022 eciam
268 1941 343 2021 sub
359 1967 495 2021 mensa
523 1938 760 2036 sacerdotis,
790 1941 967 2050 Singulis
996 1940 1181 2030 claustris
1209 1941 1251 2020 in
1279 1967 1406 2046 regno
1435 1941 1579 2021 swecie
1602 1958 1739 2049 preter
1766 1971 1910 2054 supra·

113 2050 221 2134 dicta
251 2051 352 2132 duas
380 2051 561 2131 marchas
589 2048 860 2144 denariorum.
891 2043 1069 2161 Singulis
1097 2050 1367 2159 hospitalibus
1395 2047 1496 2130 duas
1510 2049 1694 2136 marchas
1723 2053 1910 2139 denario·

112 2191 214 2244 rum.
243 2153 308 2242 Ad
336 2161 530 2244 soluenda
560 2161 637 2241 ista
665 2167 704 2241 8(
733 2160 811 2242 alia
839 2160 980 2243 debita
1010 2177 1096 2241 mea
1126 2161 1417 2271 ponocuriam
1433 2188 1562 2266 meam
1590 2163 1634 2242 in
1664 2164 1911 2276 tholgecum

112 2274 266 2356 colonis
295 2278 335 2353 8(
362 2271 612 2358 molendinis.
643 2277 682 2354 8(
711 2272 899 2354 omnibus
927 2274 965 2354 ei
994 2272 1263 2353 attinentibus
1306 2270 1383 2350 sub
1412 2272 1488 2351 ista
1517 2270 1766 2359 condicione.
1796 2279 1912 2390 quod

113 2384 301 2466 dominus
329 2383 549 2466 nicholaus.
578 2382 825 2493 Sigredasun
854 2402 1049 2490 cognatus
1078 2411 1200 2464 meus.
1252 2385 1347 2464 Post
1375 2398 1546 2466 mortem
1575 2411 1703 2466 meam
1731 2387 1808 2470 sub
1836 2413 1910 2472 sua

112 2497 367 2607 protectione
395 2501 435 2577 8(
463 2492 644 2577 custodia
673 2494 822 2577 habeat
850 2495 1005 2592 curiam
1033 2511 1294 2576 memoratam
1324 2499 1363 2573 8(
1391 2521 1529 2578 omnes
1571 2517 1796 2607 prouentus
1823 2505 1910 2586 eius

113 2606 365 2716 integraliter
392 2607 591 2717 percipiat
619 2617 835 2717 quousque
860 2604 911 2687 de
939 2607 1037 2717 ipsis
1064 2621 1148 2685 tam
1176 2602 1410 2716 supradicta
1425 2608 1660 2720 omniaque
1688 2609 1915 2696 dediclau·‘

111 2722 205 2800 stris
234 2724 272 2799 8(
302 2717 488 2798 ecclesiis.
532 2745 653 2827 quam
698 2715 834 2797 debita
877 2743 965 2798 mea
1009 2744 1181 2827 quecum
1215 2743 1266 2798 ue
1308 2731 1407 2798 tunc
1448 2716 1633 2801 habuero
1674 2724 1910 2834 peripsum

111 2828 265 2913 fuerint
291 2829 497 2939 persoluta
527 2834 567 2910 8(
593 2827 691 2907 uolo
719 2826 832 2938 quod
861 2847 954 2910 ante
981 2828 1060 2928 hoc
1090 2745 1262 2917 heredes,
1286 2827 1367 2934 mej
1395 2825 1618 2911 diceionem
1641 2832 1685 2912 in
1705 2833 1911 2943 sepedicta

39 3011 44 3018 .
105 2944 226 3024 'curia
255 2938 421 3048 petendi
434 2968 506 3021 seu
521 2941 647 3048 ipsam
663 2956 733 3020 aut
748 2937 903 3049 aliquid
928 2937 979 3020 de
994 2940 1079 3049 ipsa
1096 2936 1403 3049 quomodolibet
1418 2939 1609 3047 exigendi
1624 2945 1777 3024 nullam
1790 2941 1909 3055 peni·
1985 2953 1990 2961 ’

112 3067 179 3134 tus
205 3051 383 3133 habeant
411 3051 654 3133 facultatem.
682 3053 785 3133 Jtem
815 3047 867 3130 ad
895 3067 1045 3132 terram
1073 3066 1252 3132 sanctam
1272 3076 1350 3160 pro
1363 3048 1648 3159 redempcione
1676 3057 1807 3137 crucis
1821 3085 1909 3141 mee

111 3164 177 3247 do.
205 3162 379 3246 XXtha
406 3162 590 3244 Marchas
615 3159 785 3269 argent‘.
816 3159 885 3242 sed
914 3161 1061 3272 uiginti
1091 3162 1272 3242 marchas
1300 3159 1350 3242 de
1377 3158 1457 3269 hijs
1476 3162 1643 3272 triginta
1673 3161 1909 3250 duobusfa-

110 3275 229 3360 mulis
253 3276 349 3356 meis
378 3272 431 3355 ad
459 3299 653 3382 expensas
681 3280 720 3354 8(
748 3191 885 3354 decem
914 3272 1096 3355 marchas
1124 3272 1177 3354 ad
1205 3270 1461 3354 offerendum
1488 3274 1661 3358 interra
1688 3294 1840 3380 sancta.
1870 3285 1911 3364 8(

56 3457 60 3466 .
111 3390 208 3499 quia
237 3388 363 3468 frater
391 3413 503 3469 meus
531 3411 592 3464 ma
624 3410 701 3464 nus
725 3385 884 3465 iuuenis
912 3401 973 3466 est
1001 3385 1210 3466 committo
1239 3381 1476 3491 supradicto
1506 3381 1683 3468 domino.
1710 3387 1910 3472 Nicholao

110 3516 158 3580 ut
186 3501 317 3580 omnia
349 3494 532 3606 predicta
560 3414 732 3576 fideliter
762 3523 834 3576 exe
866 3511 987 3575 uetur
1012 3498 1117 3576 sicut
1146 3521 1282 3575 coram
1298 3492 1375 3574 deo
1390 3494 1567 3576 uoluerit
1594 3498 1841 3604 respondere
1869 3507 1910 3587 &

110 3626 159 3692 ut
186 3608 340 3691 uendat
367 3606 468 3689 duas
497 3609 628 3688 curias
658 3633 764 3686 meas
791 3525 944 3687 sciiicet
972 3604 1172 3715 bugaestaf
1195 3609 1235 3685 8(
1262 3604 1395 3705 irthnd
1428 3612 1469 3687 8(
1498 3603 1549 3688 de
1590 3610 1730 3717 precio
1769 3638 1910 3693 earum

110 3748 270 3805 crucem
298 3745 426 3800 meam
458 3718 666 3827 persoluat
696 3724 735 3798 8(
762 3718 796 3797 si
824 3713 981 3826 aliquid
1007 3713 1254 3827 superfuerit
1281 3716 1532 3826 pauperibus
1561 3716 1769 3826 largiatur.
1796 3723 1839 3800 ,ν
1840 3721 1910 3803 olo
1939 3819 1943 3824 Ι

109 3849 243 3914 autem
271 3827 385 3942 quod
420 3826 617 3910 iratribus
659 3827 984 3938 predicatoribus
1026 3826 1078 3909 de
1104 3825 1353 3936 shaenningia
1392 3827 1578 3910 conferat
1606 3889 1616 3909 .
1644 3831 1696 3910 X.
1726 3833 1908 3914 marchas
1984 3881 1988 3906 ι

109 3941 372 4026 denariorum
415 3941 451 4021 si
491 3968 616 4050 supra
658 3937 982 4048 redempcionem
1011 3940 1144 4020 crucis
1177 3953 1337 4020 tantum
1379 3937 1628 4047 superfuerit
1670 3937 1721 4020 de
1769 3945 1908 4051 precio

109 4054 312 4138 dictarum
339 4053 543 4134 curiarum
571 4056 611 4131 8(
639 4053 818 4131 omnium
846 4052 903 4131 eis
931 4051 1216 4146 attinendum,
1245 4052 1317 4131 Sin
1346 4063 1481 4128 autem
1502 4046 1720 4158 prouideat
1748 4051 1800 4134 de
1828 4055 1908 4164 hijs

109 4194 191 4277 que
220 4165 439 4278 prouenire
465 4164 648 4272 poterint
677 4160 726 4242 de
752 4155 864 4268 'tolge
894 4160 1008 4271 quod
1036 4161 1201 4242 omnino
1230 4159 1328 4241 dicti
1356 4157 1502 4242 fratres
1537 4187 1617 4352 pr?
1651 4164 1782 4244 anima
1815 4193 1908 4250 mea

107 4277 288 4358 habeant
316 4276 453 4359 decem
480 4271 675 4354 marchas.
706 4272 865 4380 Jngridi
892 4270 1065 4352 condam
1094 4269 1280 4354 Nicholai
1308 4269 1502 4377 pincerne
1525 4272 1582 4353 fili

108 4386 276 4471 confero
303 4377 456 4470 curiam
484 4413 612 4466 meam
641 4386 684 4464 in
712 4381 853 4491 vllawj
883 4410 975 4463 cum
1004 4381 1193 4484 omnibus
1220 4383 1257 4460 ei
1285 4381 1554 4464 attinentibus
1596 4398 1679 4463 tam
1722 4385 1799 4494 hijs
1827 4415 1908 4499 que

108 4526 221 4582 nunc
249 4499 285 4576 ei
315 4499 490 4579 attinent
517 4525 639 4607 quam
668 4524 748 4606 que
777 4497 948 4574 attinere
979 4492 1195 4603 contigerit
1226 4493 1269 4571 in
1297 4490 1493 4576 futurum.
1548 4491 1791 4604 Brinulpho
1820 4525 1908 4578 car·
2010 4512 2014 4519 '

107 4610 296 4722 pentario
324 4605 378 4689 do
406 4607 632 4689 libertatem
661 4605 764 4688 duos
792 4603 930 4688 boues.
965 4621 1142 4716 quatuor
1182 4629 1335 4685 vaccas.
1365 4610 1405 4685 8(
1433 4602 1533 4687 duas
1565 4602 1686 4685 horas
1729 4635 1907 4706 annone,

108 4727 151 4804 8(
176 4718 344 4827 recipiat
372 4719 445 4799 ista
475 4714 526 4797 dc
554 4715 635 4797 hut
659 4734 730 4797 aut
758 4717 910 4798 hwaem.
940 4717 1108 4828 Siggoni
1136 4714 1261 4806 eciam
1290 4719 1331 4795 8(
1359 4714 1476 4796 fratri
1490 4715 1576 4798 eius
1596 4713 1650 4798 do
1679 4716 1906 4801 libertatem

109 4859 204 4916 oum
232 4829 353 4914 rebus
381 4855 483 4940 quas
509 4825 671 4908 habent
687 4829 789 4908 ·Hoc
819 4843 1098 4910 testamentum
1129 4851 1263 4908 meum
1291 4825 1560 4910 irreuocabile
1594 4853 1678 4909 esse
1706 4829 1822 4938 voloq
1862 4831 1904 4912 Si

109 4941 327 5054 contigerit
354 4969 418 5024 me
436 4937 599 5050 absque
628 4935 765 5020 liberis
791 4937 911 5047 morj,
953 4939 997 5022 Si
1025 4953 1160 5030 autem
1189 4935 1339 5021 liberos
1366 4935 1550 5022 habuero
1592 4965 1757 5022 reseruo
1784 4941 1828 5024 in
1857 4935 1906 5026 li-

1621 4291 1792 4382 cognate
1808 4303 1907 4375 mee,
2023 4323 2030 4332 ·
