4382 5964
986 433 1096 456 ··-·
1193 387 1285 486 GM·
1383 429 1525 460 ··-.

342 623 471 773 7⁴88.
584 619 588 626 ’
802 609 851 645 ”
964 621 1125 780 ·1284
1159 614 1217 726 'dt
1274 619 1548 770 1'1Maj„
1741 668 1800 678 ··
1959 623 2071 734 Rom

417 839 692 908 Parammon·
714 837 794 906 tva·
806 839 960 906 Tittaand
985 841 1036 903 lb'a·
1061 841 1183 924 Nydala
1214 833 1333 906 kloster·
1359 853 1405 904 att
1435 853 1591 924 emottaga
1610 839 1671 903 ocb
1692 837 1818 913 babille
1839 839 1918 904 lived
1936 846 1996 907 ned
2011 849 2072 928 den,

470 945 535 988 som
557 925 634 1006 sigi
654 923 784 988 blostret
803 925 941 1008 ingifrit,
963 924 1150 988 belommes

1614 1031 1638 1064 .¹
1768 1007 1802 1060 A.
1823 1023 1845 1059 ι.
1864 1023 1887 1062 ι
1903 1005 1983 1074 δι’)

424 1191 427 1198 ,
503 1143 714 1224 Mutamus
729 1143 942 1251 episcopus
957 1171 1098 1224 seruus
1112 1170 1322 1225 seruorum
1337 1141 1414 1224 dei.
1432 1144 1598 1226 Dilectis
1613 1138 1704 1249 filijs
1725 1203 1733 1220 .
1751 1203 1759 1222 .
1774 1141 1920 1224 Abbati
1946 1163 1981 1224 et
2003 1146 2074 1226 Coi·

340 1259 482 1339 uentui
511 1252 744 1362 Monasterij
772 1252 824 1335 de
854 1253 1078 1334 Nouaualle
1094 1254 1367 1334 Cisterciensis
1381 1254 1536 1337 ordinis
1549 1247 1814 1361 Lincopcnsis'
1826 1250 1992 1335 diocesis.
2006 1257 2075 1338 salu·

246 1463 252 1470 ,
338 1373 489 1467 tem&
521 1362 784 1476 apostolicam
821 1364 1154 1446 benedictionem.
1194 1365 1439 1446 Deuocionis
1468 1382 1602 1448 uestra
1645 1365 1834 1472 precibus
1862 1365 2032 1458 inclinati,
2051 1389 2076 1448 ut

338 1478 606 1589 possessiones
622 1490 675 1576 ,et
703 1474 781 1554 alia
809 1476 936 1570 bona,
967 1475 1131 1554 mobilia
1160 1492 1200 1553 et
1243 1475 1461 1559 immobilia
1503 1503 1583 1586 que
1626 1501 1817 1584 personas
1860 1475 1993 1556 liberas
2027 1477 2078 1558 ira·

332 1609 446 1674 ,trum
460 1604 688 1669 uestrorum
718 1583 769 1666 ad
798 1587 1082 1667 Monasterium
1097 1602 1272 1666 uestrum
1290 1588 1429 1668 muudi
1452 1589 1629 1672 uanitate
1658 1583 1796 1668 relicta
1822 1588 2077 1669 conuolantiun

337 1721 378 1786 et
405 1697 692 1810 professionem
709 1695 942 1779 facientium
972 1698 1013 1778 iu
1043 1695 1202 1791 eodem,
1230 1699 1263 1776 si
1291 1700 1572 1786 remansissent
1586 1699 1627 1776 in
1643 1696 1778 1778 seculo
1790 1700 1944 1776 ratione
1968 1727 2080 1781 succes

336 1813 460 1894 sionis
488 1809 555 1889 uel
583 1833 841 1918 quocumque
871 1811 977 1889 iusto
1007 1807 1126 1888 titulo
1153 1809 1417 1916 contigissent
1444 1826 1484 1888 et
1513 1811 1589 1915 ipsi
1623 1803 1853 1915 potuissent
1882 1809 1993 1890 libere
2021 1811 2080 1914 alis

336 1923 518 2032 elargiri,
547 1915 774 2000 feudalibus
802 1917 1014 1998 dumtaxat
1048 1921 1225 2026 exeeptis
1274 1935 1430 2025 petere,
1475 1921 1672 2026 recipere,
1715 1935 1756 1997 et
1790 1921 1958 1998 retinere
1994 1921 2080 2000 libere

249 2105 258 2112 .
338 2034 507 2116 ualeatis
535 2034 619 2111 sine
649 2030 746 2111 iuris
775 2027 1000 2139 preiudicio
1029 2029 1165 2126 alieni,
1195 2031 1431 2133 auctoritate
1452 2030 1569 2109 uobis
1597 2030 1845 2136 presentium
1863 2029 2081 2138 indulgenus.

179 2163 183 2176 '
261 2175 267 2201 ·
339 2143 577 2250 Nulli2ergo
605 2146 679 2220 &o
711 2157 848 2219 nostre
877 2142 1146 2243 consessionis
1176 2145 1259 2242 διο.Ι
1290 2141 1442 2244 Datum,
1467 2137 1577 2248 apud
1606 2141 1923 2220 vrbemueterem
1950 2143 1990 2222 V.
2015 2139 2082 2222 ldus

150 2221 153 2230 Ι
265 2355 269 2366 ι
339 2246 433 2362 Maij
461 2252 723 2335 Pontificatus
751 2251 879 2332 nostri
908 2257 1027 2332 Anno
1055 2253 1215 2353 Quarto

415 2403 418 2416 '
491 2395 620 2459 Nederst
640 2397 650 2456 i
672 2393 783 2456 hdr-net
803 2393 851 2456 till
874 2403 1008 2454 venster:
1030 2393 1164 2454 lacobus
1185 2391 1353 2456 Romanus.
1394 2393 1440 2454 Pa
1461 2393 1628 2456 frdnsidan:
1649 2392 1755 2456 Helias
1775 2391 1813 2453 de
1837 2391 1968 2478 Spoleto.

394 2489 396 2496 ·
882 2475 1051 2560 Blybnllan
1066 2475 1189 2558 btngec
1209 2478 1220 2538 i
1242 2475 1313 2538 rddt
1333 2475 1395 2540 och
1415 2477 1482 2558 gult
1503 2477 1591 2574 silicea

336 2723 475 2867 ·789.
908 2767 910 2776 v
978 2716 1124 2844 1284
1172 2717 1219 2820 d.
1275 2717 1509 2860 18,Maj.
1955 2712 2084 2817 Alsnt.

308 2993 313 3004 .
421 2937 654 3004 Koa-Mamas
675 2939 714 3001 lta
734 2937 893 3000 Tilldtelae
912 2937 963 3000 tor
983 2937 1173 3020 tontopings
1193 2935 1269 2998 stad
1289 2945 1335 2997 att
1355 2955 1373 2997 a
1395 2937 1511 3018 ganges
1532 2957 1583 3000 om
1600 2939 1668 3001 dcet
1688 2937 1772 3000 natta
1793 2936 1955 2998 marluad

1801 3049 1838 3106 G.
1861 3067 1885 3106 a:
1906 3053 1931 3106 8.
1948 3048 1991 3114 fl)

505 3187 676 3271 Msoutu
706 3189 780 3270 Dei
795 3190 929 3298 gracia
946 3191 1186 3273 Sweuorum
1212 3205 1482 3298 gotorumque
1511 3191 1598 3269 Rex
1627 3189 1828 3271 Ommbus
1859 3203 2041 3296 presentes
2057 3179 2085 3256 li·

227 3383 233 3388 .
338 3324 443 3387 teras
472 3301 712 3409 inspecturis
742 3299 919 3382 Salutem
949 3302 992 3380 in
1021 3301 1206 3378 Domino.
1237 3299 1396 3408 Regalis
1428 3299 1716 3380 beneuolencia
1747 3298 1928 3382 debitrix
1956 3295 2085 3378 fidelium

184 3411 200 3432 ⁰
338 3413 416 3495 sibi
454 3411 729 3490 subiectorum
764 3409 938 3520 dampna
979 3409 1215 3518 precluderc
1243 3426 1283 3488 et
1312 3408 1531 3489 commodis
1566 3411 1776 3492 intendere
1851 3427 2008 3490 uantum
2041 3427 2086 3510 pc

259 3537 265 3544 “
338 3541 433 3618 test,
462 3520 679 3602 auxiliante
707 3521 794 3600 Deo
823 3537 863 3600 et
892 3547 1008 3601 suum
1037 3520 1196 3601 extollit
1225 3519 1391 3614 Solium,
1420 3519 1597 3601 cumulat
1626 3537 1666 3600 et
1695 3440 1915 3629 amplibcat
1936 3520 2086 3600 meritum,

337 3651 380 3718 et
406 3634 575 3717 deuotos
604 3629 658 3712 ad
685 3631 942 3712 seruiendum
984 3633 1153 3728 animat,
1185 3659 1275 3712 cum
1305 3632 1428 3710 iustas
1457 3659 1595 3738 preces
1638 3630 1845 3712 admiserit
1891 3625 2088 3712 eorumdem

340 3738 446 3829 Sane
475 3742 651 3826 fidelium
677 3739 908 3824 nostrorum
937 3741 1179 3824 villanorum
1209 3743 1578 3848 iunnaccopensium
1607 3743 1795 3850 precibus
1824 3742 2018 3832 inclinati,
2040 3737 2088 3813 eis

337 3857 432 3940 dem
459 3853 637 3936 habendi
658 3853 728 3934 -bis
757 3854 870 3932 annis
899 3853 1066 3958 singulis
1093 3851 1334 3959 sollempnes
1364 3850 1583 3948 nundinas,
1615 3850 1802 3935 videlicet
1832 3854 1874 3932 in
1906 3844 2089 3932 festobeati

339 3965 508 4050 Antonii
537 3982 577 4046 et
605 3965 648 4044 in
678 3962 781 4044 festo
810 3962 919 4043 beati
947 3961 1165 4058 Francisci,
1183 3961 1306 4074 'quod
1336 3979 1396 4041 est
1425 3966 1516 4070 post
1557 3959 1755 4066 mikaelis,
1800 3991 1886 4042 non
1917 3963 2033 4042 solum
2054 3954 2070 4032 l
2080 3997 2091 4010 ·

339 4077 531 4161 cultatem
558 4075 766 4164 actoritate
795 4073 1047 4184 presencium
1077 4073 1374 4166 confirmamus,
1403 4099 1541 4152 verum
1585 4075 1711 4153 eciam
1740 4091 1974 4168 statuentes,
2000 4069 2092 4148 dictas

336 4187 543 4274 nundinas
571 4183 720 4265 ibidem
748 4185 949 4296 premissis
977 4183 1228 4292 temporibus
1256 4183 1465 4263 obseruari
1485 4183 1690 4282 volumus,
1719 4201 1759 4263 et
1788 4184 1977 4264 omnibus
1991 4177 2033 4259 ad
2047 4201 2093 4255 no

328 4303 475 4396 ,tisiam
502 4295 762 4407 proferimus,
815 4295 929 4406 quod
957 4294 1146 4377 omnibus
1187 4292 1245 4373 ibi
1274 4295 1316 4373 in
1344 4290 1462 4373 dictis
1490 4291 1682 4374 nundinis
1721 4297 1859 4374 venire
1904 4287 2093 4372 volentibus

338 4407 500 4493 emendi
528 4425 599 4490 aut
630 4403 835 4486 uendendi
863 4410 1015 4512 gracia,
1045 4422 1116 4487 aut
1144 4405 1291 4516 quouis
1323 4402 1402 4482 alio
1436 4405 1544 4482 iusto
1572 4407 1760 4512 negocio,
1802 4406 1855 4484 sit
1887 4406 1961 4484 Dei
1988 4418 2023 4480 et
2046 4421 2092 4474 no

271 4539 274 4546 ’
338 4536 424 4602 stra
451 4545 533 4629 pax
560 4535 601 4599 et
627 4516 819 4599 securitas
841 4515 1051 4613 veniendi,
1081 4515 1139 4596 ibi
1168 4509 1350 4596 morandi
1378 4529 1419 4594 et
1445 4512 1592 4623 jterum
1621 4512 1854 4612 recedendi,
1891 4541 2010 4624 quam
2034 4531 2093 4618 pte

338 4631 444 4714 senti
470 4629 701 4712 testimonio
737 4625 1029 4708 confirmamus.
1060 4627 1103 4707 Si
1135 4625 1226 4738 quis
1260 4641 1392 4706 autem
1420 4625 1547 4733 ipsam
1580 4622 1797 4735 infringere
1826 4619 2093 4734 presumpserit,

336 4809 612 4834 m

235 4913 241 4921 -
379 4875 405 4950 *)
427 4869 540 4934 Fiuner
560 4870 649 4932 tfven
669 4873 705 4934 A.
731 4889 756 4933 r.
774 4869 806 4934 d
827 4887 869 4956 ⁷9
887 4870 900 4930 i
919 4868 1098 4968 yidimatiou
1117 4869 1154 4932 uf
1169 4869 1249 4932 Bisk.
1269 4821 1342 4967 Nais
1360 4867 1371 4928 i
1392 4863 1493 4927 stara
1512 4863 1543 4926 d.
1564 4865 1604 4928 25
1625 4869 1710 4932 Mars
1734 4865 1821 4932 1386.

381 4957 423 5034 “l
443 4951 525 5020 Med
544 4955 783 5042 anteckna'ngene
803 4951 851 5020 Ex
871 4949 959 5036 Ong.
980 4951 1114 5016 Membr.
1134 4954 1166 5014 iu
1187 4949 1281 5015 Arcb.
1301 4951 1392 5018 Garat.
1410 4947 1558 5034 Jamecop.
1856 4979 1860 4986 ·
