4404 5960
854 422 1274 555 7³⁸³-

27 623 36 633 ⁸
85 727 87 732 ,
159 639 253 724 dem
294 639 527 726 libertatem·
565 641 809 728 roborantes
849 643 971 752 sigilli
986 621 998 640 ’
1014 643 1156 728 nostri»
1184 639 1406 732 munimine
1432 641 1739 738 confirmemus.
1767 597 1964 753 :desuper
2034 615 2039 623 ¹

158 753 349 842 omnibus
376 781 450 863 per
477 756 688 863 presencie
716 757 875 865 scripta
897 753 1150 838 declaramus
1179 752 1294 870 quod
1321 750 1518 864 prefatam
1531 752 1700 840 domm
1727 758 1768 838 8(
1796 781 1960 842 sorores

14 933 16 938 .
160 863 309 948 ibidem
338 865 419 948 deo
447 864 612 950 domino
649 869 887 950 seruientes.
915 865 992 948 sub
1022 864 1313 974 clypei.nostri
1346 865 1475 952 unta
1495 869 1778 950 constituimus
1798 869 1968 984 βροτεία-ι

48 1023 49 1028 ¹
89 1049 93 1056 .
161 977 254 1064 liter
282 977 553 1087 protegendas
582 977 777 1086 quamdiu
795 965 1015 1062 uixeiimus
1030 975 1473 1086 domiuo-Largiente·
1487 979 1553 1063 lte
1581 975 1960 1096 quod'quieumque

159 1089 258 1197 ipsis
283 1091 433 1179 iniuste
475 1088 600 1173 fuerit
642 1087 890 1174 etbrersatns
920 1088 965 1198 jn
988 1117 1035 1174 se
1064 1095 1104 1170 &
1132 1091 1176 1172 in
1203 1089 1435 1174 bonis-suis
1453 1089 1809 1176 ¹striotamnostre
1836 1091 1960 1183 maio·
2101 1092 2105 1099 ’

157 1199 276 1286 statis
301 1202 454 1284 senciot
483 1197 696 1284 ulcionem.
744 1201 843 1284 lllos
870 1218 1005 1284 autem
1033 1229 1138 1310 quos
1181 1199 1370 1285 dominus
1400 1201 1607 1286 inlocum
1649 1219 1834 1288 nostrum
1861 1229 1960 1312 pro-

160 1309 310 1396 uiderit
337 1339 591 1409 successuros
616 1313 987 1422 quamplurimum
1010 1340 1211 1422 rogamus.
1239 1331 1287 1396 ut
1314 1313 1419 1394 intui
1439 1361 1441 1368 ·
1461 1311 1528 1400 dei
1569 1315 1706 1423 gracia
1733 1315 1863 1398 euius
1893 1341 1959 1417 su·

142 1449 248 1504 mus
276 1421 320 1505 id
347 1422 464 1533 quod
482 1451 628 1508 *sumus
657 1422 738 1506 heo*
760 1422 900 1506 eadem
929 1425 1139 1506 sororibus
1166 1417 1245 1506 iarn
1269 1422 1467 1537 predictis·
1476 1423 1626 1508 faciant
1654 1429 1695 1508 8(
1713 1420 1958 1514 concedant.

160 1536 312 1618 Datum
341 1535 587 1644 utbinigni.
615 1537 746 1620 Auso.
776 1533 932 1644 dominj
960 1535 1281 1620 M⁰.CC⁰.LVII·⁰.
1309 1536 1446 1620 Mense
1475 1534 1622 1647 nprilj.

838 1693 842 1704 ·
929 1677 1048 1760 sigillet
1068 1679 1186 1741 satum
1287 1737 1288 1740 ,
1527 1723 1531 1732 ·
1674 1687 1678 1715 ²

163 1927 298 2042 440.
812 1912 961 2055 1257
1010 1906 1059 2016 d.
1107 1951 1139 2058 9
1187 1911 1313 2062 Apr.
1539 1919 1542 1944 ²
1609 1911 1613 1922 ’
1681 1909 1961 2022 Almastad.
2103 1937 2105 1944 “

242 2119 437 2194 Stedllistelse
458 2129 496 2194 as
512 2129 624 2216 biskop
645 2130 727 2226 Lens
748 2132 759 2193 i
780 2129 881 2194 Skeru
902 2130 945 2217 ps
965 2131 1063 2214 nigra
1083 2127 1133 2194 till
1154 2131 1277 2216 kyrken
1297 2131 1382 2216 gilae
1403 2131 1661 2201 hemmauslotter
1688 2132 1751 2196 och
1764 2202 1767 2208 ,
1781 2135 1959 2243 inkomster.

1191 2261 1208 2275 ·’
1418 2237 1423 2253 ‘
1599 2251 1635 2305 A.
1657 2251 1684 2306 8.
1704 2267 1727 2304 s.
1747 2265 1771 2306 ιε
1788 2250 1825 2324 ¹⁸¹)

247 2339 250 2348 .
315 2317 353 2351 r·
858 2319 864 2332 ⁰
949 2303 996 2349 Γ
1804 2341 1809 2348 ·

326 2380 535 2464 Vniuersis
565 2379 918 2464 christifidelibus
946 2410 1110 2495 presens
1144 2385 1339 2493 scriptum
1390 2383 1704 2494 inspicientibus
1728 2387 1793 2467 uel
1822 2389 1959 2497 inspe·
2048 2417 2056 2425 ·

158 2495 297 2578 eturis.
327 2492 555 2573 laurencius
583 2491 649 2574 dei
676 2495 810 2602 gracia
838 2496 1033 2576 scarensis
1061 2495 1286 2606 episeopus.
1303 2495 1471 2576 salutem
1485 2496 1529 2576 in
1545 2495 1710 2578 domino
1724 2487 1838 2578 ihesu
1852 2498 1981 2580 chri·-

157 2625 232 2688 sto.
265 2605 382 2687 Gum'
396 2619 566 2714 propter
594 2601 807 2686 deciduam
835 2603 1086 2687 condicionis
1113 2607 1288 2688 humane
1324 2623 1509 2688 naturam
1538 2605 1591 2688 ab
1620 2609 1795 2716 antiquis
1824 2608 1960 2719 legum
2019 2628 2025 2668 ἰ

156 2725 203 2801 8(
224 2743 429 2799 eauonnrn
458 2714 765 2796 condicionibus
792 2715 966 2825 prouide
987 2718 1039 2800 sit
1067 2732 1274 2800 statutum.
1304 2719 1544 2801 eolleciones
1573 2723 1629 2800 &-
1643 2720 1958 2805 constitucioncs

152 2829 439 2940 ¹sollempniter
473 2825 691 2912 ordinatas.
735 2829 939 2910 attentieis
971 2829 1206 2940 sigillorum
1246 2829 1429 2938 apicibus
1469 2831 1660 2916 seruari.
1717 2832 1803 2918 Nos
1831 2832 1959 2940 igitur

157 2942 341 3051 ipsorum
366 2939 546 3048 uestigiis
573 2936 960 3048 commendabilibus
988 2948 1028 3024 8(
1055 2941 1248 3050 exemplis
1276 2958 1511 3050 possetenns
1550 2943 1792 3028 inherentes.
1820 2949 1861 3028 8(
1888 2964 1959 3026 oo-

158 3053 260 3163 tjdie
289 3053 390 3161 iugi.
404 3049 669 3132 meditaoione
701 3051 842 3134 cordis
878 3049 1163 3145 aduerteruce..
1194 3081 1317 3163 qirem
1339 3054 1399 3134 sit
1426 3053 1661 3162 temporalis
1707 3053 1958 3140 strennuis

157 3191 364 3247 excursus.
380 3163 483 3246 linis
512 3175 612 3246 uero
638 3161 846 3246 horribilis
874 3167 914 3244 8(
940 3165 1140 3248 noerius.
1155 3165 1545 3251 ,Jnstituoionemde
1574 3164 1739 3250 domino
1767 3179 1888 3274 petro
1914 3167 1959 3248 in

152 3277 325 3368 ‚eeclesia
364 3276 484 3358 beate
518 3275 689 3384 tuiginis
736 3275 862 3356 scaris
911 3273 1068 3362 sectam.
1099 3281 1138 3358 8(
1167 3275 1413 3386 prebendam
1440 3276 1517 3358 sibi
1546 3305 1670 3390 quam
1698 3274 1959 3388 predecessor
2026 3333 2032 3346 ·

157 3417 256 3471 suus
285 3387 463 3470 tborirus
493 3385 671 3494 possedit
698 3387 893 3497 temporis
920 3387 1136 3497 amplioris¹
1154 3388 1290 3498 spacio
1312 3387 1446 3470 ‚libere
1474 3395 1515 3471 8(
1541 3391 1680 3500 quiete
1705 3416 1784 3498 ¹per
1804 3407 1885 3472 'nos
1906 3387 1960 3477 de

155 3527 359 3584 consensu
386 3497 523 3582 dilecti
549 3497 622 3578 filii
649 3498 816 3580 domiui.
847 3500 893 3578 R.
922 3501 1122 3608 prepositi
1150 3506 1192 3582 8(
1215 3499 1388 3608 'capituli
1415 3500 1762 3612 scarensismodo
1779 3491 1985 3583 ,canoni-¹

157 3640 209 3694 oo
236 3640 282 3693 ao
311 3627 495 3720 tempore
523 3609 770 3718 competentj
814 3609 1010 3692 collatam.
1047 3639 1139 3694 curn
1164 3609 1368 3694 lruotibu's
1393 3617 1440 3708 8(
1465 3611 1790 3702 obuencionibus
1818 3613 1958 3720 singu·

158 3724 208 3806 lis
237 3723 295 3806 ad
317 3724 445 3832 ipsam
473 3749 524 3802 ex
552 3739 667 3829 parte
710 3722 876 3804 ecclesie
918 3721 1218 3832 pertinentibus
1260 3723 1438 3832 propriis
1465 3724 1713 3811 nominibus
1741 3722 1955 3832 expeditis.

156 3835 358 3919 videlieet.
386 3835 457 3914 VI.
487 3831 642 3914 colonis
671 3833 715 3913 in
743 3833 935 3941 parochia
965 3832 1270 3942 mothgofallum
1305 3839 1346 3914 8(
1378 3847 1467 3918 'uno
1480 3835 1629 3918 colono
1643 3837 1688 3918 in
1701 3833 1956 3943 tubbatborp
2029 3899 2033 3910 .

157 3975 253 4030 eum
282 3946 364 4025 suis
393 3943 634 4028 attinenciis.
664 3948 704 4023 8(
731 3942 899 4026 collecta
926 3945 1055 4029 modii
1087 3972 1160 4054 per
1189 3944 1467 4032 eollanbereth
1494 3949 1547 4028 ab
1575 3944 1762 4027 omnibus
1776 3945 1957 4025 totaliter

157 4052 397 4166 expetenda.
426 4060 471 4135 8(
493 4081 568 4165 per
596 4054 847 4136 medietatem
877 4054 1057 4136 eiusdem
1086 4058 1299 4162 prouincie
1333 4056 1450 4137 totali
1492 4056 1646 4139 decima
1688 4053 1955 4138 sacerdotum.

157 4177 200 4252 8(
222 4167 315 4250 aliis
338 4163 706 4249 distribucionibus
733 4171 773 4246 8(
801 4161 1028 4258 honoribirs
1057 4161 1234 4276 'quorum
1275 4168 1499 4248 eommunis
1538 4183 1599 4248 est
1631 4195 1729 4248 usus
1755 4165 1955 4276 incbopo

134 4287 199 4362 8(
227 4277 409 4387 capitulo
436 4276 552 4357 factis
580 4276 645 4356 uel
675 4275 882 4358 faciendis.
912 4278 1046 4383 vinaci
1076 4277 1302 4360 litterarum
1335 4277 1569 4358 testimonio
1581 4279 1659 4360 sub
1671 4278 1792 4388 sigilli
1821 4277 1955 4386 nostrj

155 4406 363 4472 carectere
391 4385 580 4470 duximus
608 4385 940 4469 confirmandam.
971 4390 1065 4498 quia
1095 4387 1384 4471 beneficiorum
1412 4387 1704 4471 collacionibns
1725 4381 1956 4498 plenissima

62 4499 72 4513 ”
155 4498 390 4592 adhibenda
422 4516 482 4580 est
510 4499 796 4608 interpretaris
838 4505 879 4580 8(
918 4501 1085 4580 cautela.
1117 4528 1169 4581 ne
1198 4517 1330 4580 tractu
1372 4503 1564 4608 temporis
1607 4500 1737 4582 diuini
1781 4503 1956 4582 nominis

137 4613 293 4710 ‚cultus
320 4611 454 4692 adnui-
474 4609 693 4696 uebatsed
709 4611 858 4720 augeri.
887 4611 1042 4695 Verum
1065 4613 1168 4722 quia
1196 4608 1377 4720 predicte
1406 4609 1617 4720 prebende
1642 4628 1867 4721 prouentus
1895 4627 1956 4692 te-

110 4752 260 4826 ¹unes
286 4723 389 4805 adeo
417 4722 688 4832 conspicimus
714 4728 754 4810 8(
783 4722 915 4806 exiles.
959 4737 1005 4810 ut
1033 4749 1085 4804 ex
1113 4721 1171 4805 eis
1196 4749 1274 4802 nec
1312 4749 1489 4830 persona
1531 4725 1751 4814 sustentari
1794 4739 1956 4832 poterat
2078 4787 2081 4794 ,

155 4849 447 4945 competenter.
476 4847 550 4916 nec
579 4833 742 4916 ecclesia
772 4860 956 4944 congruo
984 4835 1158 4917 seruicio
1195 4835 1393 4914 uenerari.
1426 4835 1638 4946 vtriusque
1665 4833 1840 4917 defectui
1867 4833 1956 4914 elli·

199 5015 225 5091 *)
248 5010 341 5072 Detta
362 5007 439 5071 bref
453 5007 548 5071 liures
569 5005 658 5070 {sven
679 5009 690 5070 i
712 5027 750 5072 en
771 5007 810 5070 af
825 5008 936 5072 Petrus
958 5008 1116 5071 Laurentii
1139 5010 1282 5072 Deeanus
1301 5010 1313 5072 i
1334 5007 1434 5072 Siara
1463 5007 1524 5074 ocb
1545 5009 1565 5074 3
1585 5009 1729 5076 Kaniler
1758 5005 1956 5084 dersamma·

241 5091 338 5156 sudes
357 5089 448 5174 giord
468 5089 592 5156 eschili
611 5092 649 5155 ef
665 5090 702 5154 dr
726 5089 804 5176 (459
823 5087 855 5154 d.
876 5111 894 5174 7
916 5091 1012 5157 mars.
1035 5091 1082 5169 (A.
1104 5089 1133 5154 3.
1154 5113 1178 5154 a.
1204 5113 1229 5156 r.
1254 5107 1280 5155 r:
1301 5087 1341 5171 (ἱ)
