4404 5960
799 505 893 610 -χ
969 459 1052 558 us
1160 385 1362 534 -

112 685 398 772 stimonialium
429 684 489 766 De
517 675 753 792 Risaebierg
780 681 833 761 Jn
862 685 947 791 quo
975 681 1159 790 eligimus
1180 681 1429 791 sepulturam
1458 686 1501 766 in
1515 684 1788 766 remissionem
1809 712 1905 794 pec·

111 815 293 881 catorum
320 811 556 876 nostrorum
583 821 782 874 consensu
811 793 899 901 pari
929 792 1174 874 conferimus
1208 791 1281 874 has
1323 794 1548 878 mansiones
1575 796 1619 875 in
1661 813 1905 905 perpetuum

1 943 2 947 ¹
140 907 383 990 assidendas.
413 904 602 986 videlicet
631 904 733 986 duas
759 903 947 985 curiasin
969 905 1279 985 sumarstathum
1296 903 1581 1014 hiorssbirerg.
1611 933 1781 988 ecanem.
1810 912 1903 992 wal.

110 939 290 1100 lalfsval.
333 1018 484 1098 hamar.
514 1019 616 1096 Jtem
645 1032 778 1096 totum
814 1012 926 1125 quod
962 1015 1005 1094 iu
1047 1015 1192 1108 Arnhd
1234 1013 1495 1122 possidemus.
1552 1020 1641 1098 Naes
1685 1012 1903 1118 litheruik.
1977 1063 1981 1070 ·

112 1133 287 1213 Risaeter.
346 1131 628 1210 Contestamur
657 1129 795 1237 itaque
824 1128 1034 1208 uniuersos
1063 1133 1103 1208 &
1131 1127 1311 1236 singulos
1339 1127 1417 1208 sub
1439 1156 1603 1210 suarum
1619 1130 1801 1237 periculo
1815 1136 1903 1216 ani·

109 1269 276 1325 marum.
306 1246 347 1321 8t
374 1239 451 1320 sub
479 1267 584 1348 pena
618 1267 699 1348 que
728 1254 1058 1320 testamentorum
1080 1238 1347 1319 uiolatoribus
1362 1237 1543 1324 debetur.
1573 1242 1634 1321 Ne
1649 1241 1795 1352 aliquis
1808 1244 1903 1329 huic
1979 1319 1983 1331 .

111 1369 248 1434 nostre
283 1367 366 1430 tam
394 1352 460 1459 pie
488 1349 704 1432 donacioni
733 1379 834 1430 ausu
861 1350 1075 1432 temerario
1104 1349 1249 1431 audeat
1292 1354 1505 1433 contraire.
1556 1353 1770 1434 Presertim
1811 1383 1905 1440 cum

109 1493 183 1546 nos
212 1462 261 1544 de
290 1462 407 1542 bonis
436 1463 585 1542 nostris
614 1464 654 1542 in
685 1463 774 1570 pios
803 1489 896 1541 vsus
936 1459 1171 1542 ordinandis
1205 1461 1374 1542 liberam
1411 1463 1627 1544 habeamus
1670 1463 1904 1550 facultatem
1958 1532 1968 1552 .

110 1603 181 1686 per
211 1574 418 1654 licenciam
455 1573 632 1654 Jllustris
661 1574 781 1681 Regis
809 1573 962 1654 swecie.
994 1574 1062 1652 W.
1092 1601 1215 1682 quam
1243 1601 1314 1654 sua
1331 1590 1503 1654 testatur
1526 1575 1658 1654 littera
1674 1604 1758 1658 non
1772 1578 1905 1662 solum

110 1689 235 1798 ipsius
274 1684 427 1766 domini
470 1685 602 1792 Regis.
633 1684 703 1765 sed
731 1688 855 1765 eciam
882 1683 1054 1764 aliorum
1085 1684 1262 1790 plurium
1279 1684 1483 1766 roborata.
1515 1686 1653 1794 sigillis
1694 1690 1904 1772 venerabi·

110 1799 209 1880 lium
225 1798 504 1879 Dominorum.
534 1801 680 1876 Actum
708 1798 827 1876 Anno
856 1795 1450 1877 Domini·.lll⁰.CC⁰.LX⁶V.IIl⁰.
1481 1801 1617 1879 Nonas
1645 1801 1793 1906 aprilis.

109 1938 157 2000 Pa
176 1936 352 2017 tenedon,
374 1930 447 2000 med
468 1937 605 2019 gammal
626 1935 722 1999 band:
743 1938 956 2000 somerstadha
967 1936 1161 2022 hyorsbergh
1170 1939 1222 2000 val
1232 1938 1364 2000 kalssval
1375 1938 1487 2001 hamar
1498 1957 1576 2008 arun
1595 1939 1745 2003 lithirnik
1756 1942 1907 2010 rissaethir.

107 2053 252 2136 sigilles:
273 2054 333 2116 Nto
358 2072 383 2113 1.
403 2055 414 2114 i
435 2051 523 2115 brito
542 2051 690 2114 tvinnode
710 2051 917 2115 silkestrddar.
938 2055 998 2114 Nm
1020 2073 1047 2114 a.
1068 2053 1187 2114 salnes.
1209 2057 1268 2116 Nec
1291 2055 1345 2116 3.i
1366 2053 1452 2117 hvita
1475 2055 1535 2118 och
1549 2056 1901 2140 ljusriidasilkestrddar,

303 2133 364 2198 och
385 2137 396 2197 i
417 2133 502 2198 detta
523 2136 603 2222 sigill
624 2136 706 2198 blott
726 2135 910 2198 bolstasven
931 2137 965 2197 M
986 2135 1059 2197 med
1079 2137 1240 2199 omsluist:
1263 2138 1461 2201 Secretvm
1483 2142 1517 2200 M
1524 2150 1709 2221 argarete.

118 2411 252 2523 531.
429 2425 434 2434 ·
766 2358 1267 2566 12oa'a.9np1·.
1744 2388 1947 2527 amal
2066 2370 2070 2386 “

189 2635 330 2724 Lagman
351 2633 476 2700 llb’snos
497 2633 507 2695 i
527 2633 732 2700 Wermeland
756 2634 816 2697 och
838 2635 905 2700 dess
926 2639 991 2699 Fru
1013 2641 1221 2702 Minotaurus
1243 2638 1438 2700 Testamente
1458 2637 1496 2698 af
1516 2635 1632 2718 gdrdar
1652 2637 1713 2701 och
1733 2597 1905 2724 peccingas

104 2729 107 2732 “
240 2719 289 2783 till
310 2717 482 2800 umberga
503 2717 619 2781 kloster
640 2716 700 2780 och
723 2719 878 2802 aitslilliga
900 2723 1079 2802 namngifua
1102 2743 1257 2806 per-sones.
1550 2803 1577 2856 Α
1603 2802 1620 2855 ³
1652 2822 1671 2858 n
1699 2803 1757 2873 ⁴⁸¹

274 2939 485 3019 Uniuersis
513 2937 651 3019 christi
681 2938 866 3021 fidelibus
895 2968 1058 3048 presens
1074 2946 1266 3051 scriptum
1286 2939 1428 3020 uisuris
1444 2939 1507 3020 uel
1525 2937 1734 3029 audituris.
1764 2939 1902 3032 Heldo

109 3050 240 3132 dictus
268 3048 429 3159 L‘egifer
457 3049 740 3130 vermalandia.
774 3055 824 3130 81.
855 3051 1076 3160 Margareta
1105 3081 1209 3132 uxor
1238 3079 1320 3132 sua.
1349 3051 1517 3132 salutem
1546 3053 1587 3130 in
1618 3052 1796 3131 omnium
1826 3055 1903 3132 sal-

107 3177 262 3262 uatore.
293 3162 397 3242 Cum
427 3187 538 3240 sacra
568 3158 705 3242 dicant
734 3161 892 3273 eloquia
922 3162 1035 3274 quod
1071 3164 1193 3245 homo
1222 3163 1338 3243 breui
1354 3165 1467 3241 uiuat
1483 3162 1904 3270 tempore&'nichilo-

106 3273 241 3354 minus
269 3299 362 3352 cum
390 3271 584 3380 temporis
613 3270 813 3353 breuitate
841 3279 994 3354 nesciat
1023 3275 1140 3355 linem
1175 3304 1301 3356 suum.
1323 3274 1570 3381 illiseraque
1599 3273 1715 3352 simul
1746 3277 1904 3383 experi-

106 3385 221 3464 encia
251 3381 469 3464 doceamur
498 3382 643 3491 sepius.
674 3385 932 3492 quamplures
962 3403 1090 3466 morte
1118 3387 1328 3494 inopinata
1355 3385 1491 3465 subito
1532 3384 1750 3492 preueniri.
1789 3383 1903 3466 nulla

106 3493 301 3576 debonis
330 3495 412 3574 suis
441 3491 702 3574 ordinacione
731 3493 848 3576 facta.
900 3498 984 3576 Nos
1012 3513 1093 3576 tam
1122 3496 1394 3605 perniciosum
1434 3493 1736 3576 incommodum
1764 3525 1903 3606 preca·

105 3633 204 3702 uere
234 3591 415 3685 uolentes
444 3609 483 3683 8c
513 3606 735 3685 animarum
763 3622 993 3686 nostrarum
1023 3608 1143 3688 saluti
1172 3606 1389 3716 prouidere
1418 3607 1628 3716 cupientes
1656 3607 1742 3714 sanj
1771 3614 1810 3690 δι
1840 3609 1916 3690 in··
1985 3624 1995 3648 '

106 3715 295 3798 columes.
326 3715 511 3824 diligentj
539 3715 720 3796 adhibita
750 3715 1055 3800 deliberacione.
1084 3719 1134 3800 de
1163 3719 1279 3800 bonis
1303 3716 1422 3798 nohis
1451 3746 1473 3796 a
1503 3715 1580 3799 deo
1595 3716 1749 3798 collatis
1763 3718 1901 3826 huius7

105 3827 218 3910 modi
246 3826 412 3907 facimus
441 3827 753 3908 ordinacionem.
821 3830 1006 3910 Claustro
1050 3830 1410 3910 sanctimonialium
1440 3828 1489 3910 de
1519 3827 1900 3937 Risabierghumin

106 3967 192 4048 quo
228 3938 411 4046 eligimus
439 3937 685 4045 sepulturam
720 3937 962 4020 conferimus
993 3940 1205 4022 duodecim
1242 3941 1478 4020 mansiones.
1522 3967 1694 4049 quarum
1736 3941 1930 4038 nomina,

2 4055 3 4061 ’
106 4055 148 4129 &
178 4049 393 4129 attinencie
421 4049 463 4128 in
493 4048 626 4127 littera
664 4047 846 4130 confecta
890 4079 1012 4158 super
1054 4051 1132 4132 hoc
1175 4051 1413 4161 specialiter.
1442 4048 1600 4158 plenius
1629 4051 1898 4132 eontinentur.

106 4163 285 4241 Domino
314 4160 485 4240 lohanni
516 4158 655 4239 damus
687 4158 786 4240 duas
816 4163 1037 4246 mansiones
1065 4164 1109 4242 in
1139 4163 1252 4243 Ethe.
1288 4189 1379 4242 cum
1407 4160 1595 4240 omnibus
1638 4158 1786 4268 prediis
1820 4161 1898 4264 ibi·

105 4271 200 4354 dem
244 4271 470 4352 constitutis
515 4276 553 4350 &
601 4271 828 4351 attinenciis
870 4271 1100 4354 earundem.
1173 4271 1342 4380 Saluonj
1376 4272 1567 4352 christine
1602 4271 1684 4351 lilio
1723 4272 1898 4397 assigna·

103 4410 197 4464 mus
238 4380 489 4462 medietatem
537 4381 752 4462 mansionis
791 4384 834 4464 iu
877 4385 1158 4492 angastathum
1186 4412 1276 4466 cum
1306 4383 1392 4462 aliis
1416 4381 1566 4490 prediis
1582 4382 1624 4461 in
1639 4381 1802 4463 scaethin
1835 4379 1897 4462 di·

104 4492 273 4574 midiam
289 4493 487 4572 marcham
510 4491 776 4600 ponderatam
799 4493 1029 4576 ualentibus
1050 4498 1271 4576 annuatim.
1299 4494 1508 4602 Reliquam
1525 4491 1776 4576 medietatem
1792 4409 1897 4574 dicte

104 4603 326 4686 mansionis
355 4602 494 4684 damus
529 4604 746 4714 holmgero.
783 4635 870 4687 curn
895 4605 1045 4714 prediis
1074 4635 1152 4717 que
1181 4605 1462 4686 northansioar
1493 4622 1699 4683 uocantur.
1730 4603 1898 4714 Saluonj

104 4731 332 4824 margarete
360 4714 443 4793 lilio
471 4713 715 4796 conserimus
743 4719 1151 4800 mansumualentem.
1208 4717 1377 4797 Xllzcinr
1406 4744 1497 4796 oras
1513 4715 1764 4822 ponderatas.
1793 4717 1898 4796 Jtem

104 4827 200 4908 filiis
227 4825 388 4905 vluonis
403 4825 570 4905 Mialeha
586 4825 726 4908 damus
747 4827 1048 4910 Makrisbother
1069 4857 1161 4908 cum
1189 4829 1374 4910 omnibus
1411 4854 1489 4937 que
1529 4826 1678 4907 ibidem
1720 4824 1898 4934 posside·

99 4966 196 5034 urus
239 4934 492 5016 Conferimus
533 4939 659 5017 eciam
701 4939 865 5019 cuilibet
892 4937 1069 5020 claustro
1106 4939 1224 5019 huius
1260 4939 1375 5050 regnj
1417 4937 1517 5018 c'itra
1552 4965 1662 5017 mare
1704 4936 1898 5020 orientale
1974 4973 1981 4982 ·

102 5048 332 5133 constituto
346 5063 522 5158 quatuor
543 5046 729 5160 Marchas·
744 5049 902 5158 argentj
923 5055 973 5132 &.
991 5049 1157 5134 cuilibet
1183 5049 1374 5158 hospitali
1403 5046 1503 5130 duas
1532 5049 1721 5130 marchas.
1750 5051 1899 5130 Omnes
1949 5087 1952 5094 ⁴
