4404 5960
1897 1 2153 105 .⁵”'*t

1006 437 1421 582 -4'00-
1923 391 1929 490 ἶ

317 721 455 866 467.’
966 721 1117 864 ¹²59
1163 717 1212 823 d.
1261 717 1292 824 3
1337 714 1465 868 Apr.
1892 719 2053 835 Mansit
2156 751 2158 844 l

320 959 331 968 ·
399 936 578 1006 lrle-Bisk.
599 935 681 1000 Lms
703 935 743 998 lts
763 937 773 999 i
793 935 917 1083 Ugsala
933 931 1106 1004 suasmet
1112 937 1163 1000 ltsr
1173 935 1255 1016 dem,
1273 933 1535 1020 somisynnerhct
1546 933 1689 1022 pl'belga
1699 931 2054 1018 lometshdgtider'be'u'ibe
2156 925 2158 986 l

451 1019 815 1124 lffredilare-Brddernas
857 1021 937 1104 yrka
956 1025 967 1085 i
988 1023 1131 1104 Sigtuna',
1153 1018 1279 1082 hrarest
1299 1030 1345 1082 ett
1365 1021 1471 1103 stycke
1492 1019 1582 1083 lanus
1602 1019 1640 1081 al
1655 1017 1770 1106 Christi
1789 1018 1944 1084 lomtrtd‘

1719 1133 1759 1190 D.
1775 1151 1800 1188 ι.
1817 1149 1841 1205 7²
1861 1138 1913 1192 tta:
1928 1138 1958 1207 *)

480 1275 623 1356 Frater
649 1273 893 1354 Laurentius
927 1272 1181 1350 miseratione
1209 1267 1347 1351 divina
1386 1267 1627 1380 Upsaliensis
1670 1268 1852 1350 Ecclesia
1892 1272 2060 1381 Archiepi·
2156 1305 2158 1336 ·

318 1414 466 1498 scopus
482 1385 700 1494 ¹Universis
728 1384 876 1464 Christi
906 1381 1092 1462 fidelibus
1120 1407 1296 1488 praesens
1324 1385 1401 1462 scri
1432 1400 1520 1462 tum
1548 1381 1791 1490 inspecturis
1818 1381 1972 1463 salutem
1995 1412 2060 1492 per-
2156 1381 2158 1462 l

318 1515 483 1608 petuam
510 1495 746 1604 promereri.
781 1494 983 1596 Quoniam
1010 1491 1277 1572 intelleximus
1306 1519 1386 1599 apu
1445 1489 1614 1574 dilectos
1643 1490 1747 1571 lilios
1774 1507 1928 1572 nostros
1952 1494 2063 1575 fratres

317 1607 604 1718 praedicatores
632 1605 822 1687 Sictuniae
838 1639 843 1646 ·
857 1605 899 1682 in
927 1602 1091 1683 ecclesia
1119 1605 1246 1684 beatae
1287 1603 1456 1710 virginis
1491 1602 1645 1700 Mariae,
1686 1617 1845 1711 partem
1873 1603 1961 1710 ligni
1984 1604 2063 1683 salu-

318 1715 448 1814 tiferi,
477 1718 625 1832 inquo
653 1712 850 1824 pependit
876 1711 981 1793 salus
1009 1714 1201 1812 omnium,
1233 1714 1276 1792 in
1305 1742 1426 1794 cruce
1448 1711 1512 1792 ad
1540 1713 1619 1793 huc
1647 1717 1930 1795 convenienter
1944 1741 2065 1822 prapa-

319 1846 409 1910 ¹rata
436 1826 721 1910 venerabiliter
748 1825 968 1920 contineri,
995 1825 1176 1903 nolentes
1204 1822 1384 1930 ejusdem
1422 1824 1522 1930 ligni
1564 1824 1748 1904 salutaris
1790 1828 1972 1906 honorem
2006 1821 2065 1903 an·

320 1933 438 2051 plius
455 1954 497 2018 et
525 1935 708 2019 devotius
736 1938 779 2025 in
808 1935 964 2046 populo
994 1933 1174 2034 dilatari;
1205 1934 1403 2014 Omnibus
1432 1959 1526 2014 vere
1555 1934 1847 2042 poenitentibus
1861 1936 1928 2046 qui
1955 1937 1991 2012 in
2003 1962 2066 2014 sex·

319 2054 373 2132 tis
402 2049 510 2130 feriis
539 2045 592 2129 ad
618 2045 834 2129 Ecclesiam
864 2044 1134 2154 supradictam
1170 2043 1320 2124 ibidem
1362 2045 1521 2124 missam
1550 2043 1602 2126 ad
1631 2045 1775 2126 altare·
1794 2049 1945 2127 Sanctae
1969 2045 2067 2124 crucis

322 2160 502 2243 audituri
531 2159 796 2240 convenerint
811 2155 881 2236 lll.
910 2156 996 2238 dies
1023 2154 1074 2237 de
1103 2155 1283 2262 injuncta
1298 2154 1375 2236 sibi
1391 2155 1639 2264 poenitentia,
1669 2161 1908 2239 auctoritate
1922 2147 2067 2263 Doj,qu'a

321 2273 550 2379 fungimur,
578 2267 890 2350 misericorditer
917 2267 1155 2347 relaxamus.
1183 2267 1251 2346 Eis
1279 2295 1396 2360 vero,
1439 2265 1511 2376 qui
1546 2282 1737 2347 tenentur
1780 2271 1824 2352 in
1853 2267 1965 2348 dictis
1989 2263 2069 2344 feriis

319 2386 367 2463 in
394 2408 519 2493 pane,
546 2397 587 2460 et
615 2407 721 2489 aqua
751 2378 954 2484 jejunare,
981 2377 1110 2486 pisces
1130 2374 1427 2472 conmudandi,
1454 2391 1496 2455 et
1523 2378 1752 2458 cerevisiam
1768 2375 1952 2471 bibendi,
1979 2375 2069 2454 licen·

322 2498 419 2575 tiam
447 2490 712 2599 indulgemus.
740 2491 934 2570 Praeterea
963 2487 1130 2568 infestis
1145 2488 1302 2568 Sanctoe
1329 2487 1460 2581 crucis
1485 2485 1673 2568 videlicet
1700 2490 1944 2571 inventionis
1969 2504 2002 2566 et
2023 2511 2071 2564 er·
2157 2481 2158 2556 ἶ

324 2603 531 2685 altationis·
553 2618 596 2684 et
623 2603 691 2687 Vl.
708 2599 806 2686 feria
822 2602 1078 2698 parasceves,
1106 2600 1178 2707 qui
1206 2596 1420 2707 praefatum
1449 2598 1583 2681 locum
1611 2597 1666 2678 ob
1682 2603 1948 2686 reverentiam
1960 2610 2072 2678 sancte

326 2714 456 2800 crucis
483 2729 524 2794 et
551 2712 650 2820 ligni
677 2709 880 2792 benedicti
908 2710 1051 2793 devote
1080 2710 1331 2792 visitaverint
1358 2709 1437 2789 XX
1465 2705 1619 2789 dierum
1645 2709 1943 2820 indulgentiam
1969 2731 2071 2805 cona

325 2839 520 2936 quantur.
546 2823 697 2908 Datum
723 2819 901 2908 Munsaet
928 2844 1037 2909 untto
1065 2818 1648 3052 DorplilnibbJ’AEC’L'dX'JlI
1676 2823 1817 2907 Nonas
1846 2819 1999 2931 Aprilis.
2157 2879 2158 2948 p

1196 2994 1204 3010 ,
1248 2934 1273 3013 ’,
1464 2981 1466 2989 2
2157 2949 2158 2994 l

331 3206 463 3340 468.
556 3347 559 3352 ¹
616 3229 659 3294 ν
1140 3205 1307 3316 1260.

406 3431 600 3494 Masonem
621 3427 740 3491 Parnm
750 3441 883 3496 nomm
902 3424 1097 3498 Testamenta
1117 3425 1157 3490 al
1171 3425 1308 3510 floraby
1328 3423 1407 3509 glrd
1428 3423 1490 3488 och
1510 3448 1549 3491 en
1565 3426 1657 3496 mark
1677 3425 1787 3492 sillrer
1807 3427 1861 3493 titt
1872 3423 2079 3510 Gudbergslls·

459 3525 538 3592 ster,
560 3521 639 3574 sumt
658 3511 707 3573 till
728 3508 917 3596 ttamen,
939 3510 1058 3573 Lb'dt'irc
1079 3507 1141 3574 och
1161 3529 1231 3580 ame
1252 3511 1353 3580 Siara
1372 3509 1488 3576 lloster
1507 3507 1587 3573 brar
1607 3513 1653 3573 sin
1672 3512 1763 3595 mark
1786 3511 1906 3574 silsver.

1813 3627 1851 3684 a
1871 3628 1896 3697 r.
1920 3626 1980 3680 ts.

493 3763 546 3846 ln
574 3763 737 3842 nornine
764 3763 891 3872 patris
918 3766 959 3866 δι
986 3761 1060 3869 filij
1089 3767 1129 3842 8r
1153 3763 1318 3870 spiritus
1333 3759 1462 3869 sanctj
1489 3755 1630 3847 Amen.
1658 3764 1746 3870 Ego
1767 3776 1992 3872 margareta
2006 3753 2084 3865 petri

326 3869 533 3984 quondam
562 3873 642 3954 lilia
670 3873 798 3954 sciens
825 3889 953 3952 morte
980 3872 1103 3952 nichil
1132 3899 1215 3952 esse
1244 3873 1398 3954 cercius
1426 3872 1631 3981 nichilque
1660 3875 1856 3955 incertius
1885 3874 1982 3952 hora
2007 3891 2085 3946 nor·

326 3986 379 4064 tis
407 3987 543 4066 Nescit
565 3985 679 4066 ⁴enim
706 3982 827 4065 homo
854 3983 975 4064 finem
1002 4007 1129 4064 suum.
1165 3999 1212 4062 ut
1240 3981 1338 4062 dicit
1364 3984 1523 4089 sapiens
1551 3983 1621 4065 sed
1649 3985 1897 4094 plerumque
1940 4007 2022 4063 cum
2044 3973 2088 4054 di·

329 4095 464 4175 xerint
490 4123 569 4205 pax
599 4101 639 4178 s<
666 4095 858 4176 securitas
887 4111 985 4174 tunc
1008 4091 1213 4203 aliquibus
1254 4095 1449 4175 intestatis
1491 4097 1752 4202 superuenire
1795 4095 1908 4176 solet
1935 4089 2087 4174 interitu

328 4206 575 4312 repentinus.
603 4204 688 4286 Hac
716 4204 882 4317 inquam
908 4207 949 4284 &
976 4203 1054 4282 alia
1082 4204 1208 4289 multa
1236 4202 1494 4287 considerans
1533 4207 1664 4290 anime
1706 4231 1792 4285 mee
1823 4204 1951 4286 saluti
1980 4200 2089 4282 uolens

327 4313 538 4396 consulere
564 4316 801 4420 tempestiue
827 4314 880 4395 ad
907 4312 1158 4404 uoluntatem
1186 4315 1319 4395 mariti
1347 4317 1430 4398 mei·
1452 4312 1618 4398 condidi
1632 4329 1932 4399 testamentum.
1959 4314 2007 4392 ln
2030 4328 2089 4419 quo

327 4451 420 4505 cum
448 4421 623 4506 eiusdem
651 4449 848 4505 consensu
877 4423 1062 4532 predium
1091 4428 1267 4506 suumin
1280 4425 1450 4533 moraby
1469 4453 1559 4506 cum
1588 4453 1720 4508 marsa
1750 4428 1918 4536 argenti
1946 4426 2090 4505 claustro

228 4564 237 4572 ·
329 4532 478 4640 gudem
505 4531 698 4642 delegaui.
727 4537 768 4612 81
793 4538 836 4622 in
864 4537 1136 4618 remissionem
1165 4554 1425 4648 peccatorum
1452 4562 1633 4618 meorum
1661 4539 1832 4621 cuilibet
1861 4527 2091 4622 claustroui·
2156 4499 2158 4592 l

230 4723 234 4728 ,
276 4687 278 4696 ·
330 4641 476 4723 delicet
503 4645 708 4735 rarnhem.
736 4641 922 4726 claustris
961 4646 1133 4728 fratrum
1173 4647 1369 4729 maiorum
1396 4651 1437 4724 δι
1464 4647 1666 4729 minorum
1706 4651 1845 4730 scaris.
1877 4654 1925 4732 δι’
1949 4649 2092 4728 claustro

331 4751 549 4860 lydosiensi
577 4779 753 4840 marcam
767 4755 876 4865 ,puri
904 4757 1060 4864 argenti
1087 4753 1281 4863 delegaui.
1297 4753 1391 4876 3Sed
1418 4783 1469 4838 ne
1483 4755 1675 4864 predictis
1689 4745 1883 4842 claustris
1913 4751 2094 4870 superbae

1826 4897 1923 4954 mea

370 5076 395 5148 a)
417 5071 482 5138 De„
501 5071 573 5136 „ed
594 5073 834 5159 malagma
855 5066 1089 5140 cobetioucradt
1108 5069 1182 5138 med
1204 5071 1293 5158 orig.
1312 5073 1576 5162 Petne-Bresvet.
2156 5039 2158 5162 l

2156 5215 2158 5294 l
