4406 5966
989 459 1131 584 -.*.·
1194 455 1320 574 676..¹
1386 481 1456 520 ...·
1564 519 1567 526 .

114 708 121 728 =
342 672 430 782 regi
458 671 581 767 Dacie
607 669 821 780 justitiam,
847 661 956 754 'suas
985 673 1121 756 literas
1149 673 1362 758 destinare.
1408 675 1566 780 Qvibus
1593 679 1768 786 receptis
1795 680 1828 757 si
1855 705 1922 765 rex
1958 683 2079 770 Norwe·

339 789 405 895 gie
434 783 685 890 rescripserit
713 811 754 865 se
781 785 859 867 hoc
887 784 1003 880 velle,
1032 792 1070 868 &
1098 785 1210 898 qvod
1238 786 1292 868 ad
1319 788 1398 870 hoc
1412 787 1559 869 offerat
1587 807 1628 870 se
1657 790 1903 896 paratumad
1919 814 2078 902 acceptan-

317 895 438 976 ·dum
466 895 587 977 etiam
617 892 832 1006 diem-qvo
860 898 945 1006 ipse
974 903 1115 978 &rex
1143 899 1266 980 Dacie
1294 898 1348 978 ad
1378 898 1805 1008 eonferendumsuper
1827 902 1892 999 eis,
1919 931 1985 1012 qve
2007 908 2077 992 inter

339 1033 409 1088 eos
437 1021 710 1104 verterentur,
738 1025 904 1116 possent
931 1008 1093 1090 insimul
1129 1011 1365 1106 convenire,
1394 1007 1586 1120 qvamdiu
1602 1007 1790 1091 dominus
1819 1041 1886 1092 rex
1913 1016 2075 1126 Norvegie
2143 1049 2144 1064 ³

340 1115 569 1200 exhibuerit
597 1144 638 1198 se
667 1119 940 1226 adjustitiam
970 1121 1056 1228 regi
1085 1120 1207 1216 Dacie
1249 1149 1341 1200 cum
1371 1120 1533 1216 effectu,
1582 1137 1799 1203 memorate
1841 1125 2004 1206 civitates
2024 1157 2077 1210 non

340 1230 530 1308 astabunt
558 1229 644 1336 regi
673 1230 808 1328 Dacie,
837 1257 912 1311 nec
939 1226 1092 1340 aliqvid
1121 1251 1261 1314 contra
1291 1257 1426 1340 regem
1456 1233 1673 1338 Norwegie
1704 1233 1853 1314 facient
1867 1236 2077 1346 pupplieevel

343 1336 516 1420 occulte.
543 1342 759 1456 Postqvam
788 1359 923 1424 autern
951 1343 1215 1424 convenerint
1244 1344 1319 1451 ipsi
1350 1371 1481 1450 reges,
1506 1345 1655 1452 qvibus
1671 1371 1801 1451 perse
1823 1363 2080 1442 assumatnnun

343 1449 632 1534 discretum&
660 1453 823 1532 tertium
853 1452 974 1533 ambo
1002 1450 1141 1548 simul,
1184 1479 1357 1563 qvorum
1393 1457 1516 1534 trium
1547 1453 1610 1532 vel
1655 1451 1831 1534 duorum
1859 1485 1905 1536 ex
1933 1458 2013 1562 ipsis
2034 1479 2080 1539 su-

341 1561 458 1642 bitur
487 1561 658 1642 arbitrio
687 1563 1008 1673 qvis-dictorum
1037 1590 1178 1671 regum
1205 1557 1382 1646 causam
1409 1565 1559 1670 habeat
1602 1567 1727 1672 magis
1757 1567 1918 1672 justam,
1943 1574 1976 1648 &
2000 1573 2025 1648 si
2045 1598 2081 1646 sr-

206 1675 211 1688 '
342 1673 487 1753 bitrati
516 1673 685 1767 fuerint,
714 1672 825 1783 qvod
851 1702 923 1755 rex
952 1674 1166 1784 Norwegie
1194 1672 1389 1782 justitiam
1417 1676 1583 1771 habeat,
1613 1677 1792 1758 civitates
1808 1695 1944 1758 contra
1963 1707 2081 1760 eumre

343 1811 434 1894 gem
464 1784 586 1864 Dacie
615 1812 697 1865 non
725 1784 940 1892 juvabunt.
970 1786 1013 1866 Si
1041 1799 1176 1865 autem
1203 1785 1417 1866 arbitrium
1459 1783 1644 1882 tulerint,
1687 1787 1798 1896 qvod
1827 1817 1899 1867 rex
1926 1782 2026 1869 Dacie
2044 1791 2081 1896 jn·
2141 1883 2144 1904 ,

206 1893 207 1900 ‘
345 1896 510 1976 stiorem
540 1894 685 1976 habeat
704 1923 891 1994 eausam,
926 1898 1126 1990 civitates,
1156 1897 1189 1976 si
1216 1897 1373 1994 volunt,
1403 1925 1537 2005 regem
1582 1897 1703 1977 Dacie
1740 1902 1919 2009 poterint
1943 1917 2025 1980 tune
2045 1901 2083 2006 ju·
2143 1971 2144 1992 ,

256 2027 261 2034 ·
343 2034 459 2101 vare,
488 2007 544 2085 ita
573 2023 723 2103 tanren,
752 2004 862 2117 qvod
892 2008 985 2088 licet
1014 2033 1173 2115 gwerra
1202 2011 1354 2088 moveri
1383 2014 1422 2088 δι
1451 2010 1538 2116 geri
1567 2009 1753 2115 incipiat,
1783 2011 1912 2090 incole
1939 2010 2083 2091 dictarum

129 2138 134 2151 “
262 2147 269 2159 ·
346 2119 556 2208 civitatum
587 2118 630 2198 in
658 2120 873 2227 Norwegia
905 2126 943 2198 &
972 2121 1112 2200 Norici
1140 2119 1183 2200 in
1211 2119 1443 2200 civitatibus
1481 2121 1680 2225 premissis
1726 2140 1896 2228 possunt
1922 2121 2084 2200 hincinde

346 2226 479 2308 redire
507 2226 559 2308 ad
588 2232 753 2339 propria
784 2230 902 2311 salvis
931 2228 1053 2310 rebus
1081 2230 1163 2332 suis
1193 2235 1232 2309 &
1261 2217 1441 2339 personis
1471 2231 1514 2308 in
1543 2257 1626 2309 uno
1653 2256 1788 2309 mense
1802 2248 2002 2340 postqvam
2022 2257 2085 2312 eon-

344 2339 492 2440 stiterit
521 2339 734 2420 arbitrium
765 2368 849 2422 esse
877 2341 1015 2436 latum,
1045 2340 1145 2420 &si
1174 2337 1311 2420 forsan
1342 2341 1464 2450 aliqvi
1494 2367 1655 2422 manere
1690 2341 1913 2438 voluerint,
1941 2343 2000 2422 ubi
2022 2360 2085 2420 tune
2142 2409 2144 2434 ,

346 2449 556 2533 constituti
584 2466 697 2545 sunt,
727 2450 914 2534 manendi
955 2453 1211 2533 securitatem
1246 2450 1459 2533 habebunt
1486 2454 1529 2532 in
1558 2479 1599 2531 se
1629 2449 1815 2532 &bonis
1845 2454 1924 2535 suis
1948 2481 1989 2533 ex
2013 2469 2086 2534 utra·

93 2564 103 2584 ⁸
223 2603 226 2608 ·
347 2591 427 2675 qve
456 2578 584 2672 parte,
613 2561 744 2644 donee
771 2589 930 2671 gwerra
958 2562 1079 2644 fuerit
1094 2563 1319 2664 terminata.
1350 2565 1502 2642 Verum
1531 2565 1564 2643 si
1593 2563 1736 2670 elapsis
1764 2582 1860 2644 octo
1888 2568 1990 2644 annis
2013 2593 2031 2642 a
2051 2565 2087 2642 le

314 2669 410 2784 ¹sto
440 2691 691 2786 pentecostes
718 2678 905 2781 proximo
941 2674 1135 2784 preterito
1163 2673 1362 2756 dictarum
1391 2675 1599 2754 civitatum
1629 2673 1760 2756 incole
1790 2677 1878 2784 regi
1920 2677 2023 2756 Dacie
2043 2702 2086 2753 au·

237 2847 242 2860 .
347 2785 489 2867 atilium
517 2812 600 2866 non
630 2787 896 2894 prestiterim,
932 2787 1009 2893 ipsi
1037 2785 1157 2866 alicui
1187 2784 1237 2866 de
1280 2803 1414 2868 cetero
1450 2801 1592 2866 eontra
1635 2813 1770 2896 regem
1797 2790 2003 2894 Norwegie
2035 2811 2085 2864 non

346 2895 555 2993 astabunt,
589 2897 667 2978 nisi
725 2897 807 2980 vod
835 2897 1014 3008 qvelibet
1043 2899 1183 2979 civitas
1211 2914 1345 3006 potest
1373 2898 1514 3006 juvare
1540 2897 1748 2980 dominum
1783 2928 1917 2996 suum,
1946 2903 1975 2977 si
1998 2900 2084 3004 ipsun

346 3036 420 3090 rex
449 3009 661 3116 Norwegie
690 2927 852 3091 iurarit
879 3007 1174 3106 invadendum,
1203 3037 1277 3092 nec
1304 3037 1346 3090 se
1375 3007 1699 3092 confederabunt
1727 3037 1816 3091 cum
1842 3010 2025 3120 aliqvibus
2045 3021 2087 3086 aut

346 3113 644 3226 conjurabunt,
672 3123 770 3231 qvin
784 3149 942 3231 semper
957 3124 1158 3231 excipient
1186 3119 1237 3204 de
1266 3140 1400 3203 cetero
1416 3120 1623 3202 dominnm
1637 3147 1770 3229 regem
1786 3123 2005 3228 Norwsgie,
2016 3114 2086 3226 qvod

346 3229 473 3312 nichil
521 3228 668 3311 facient
709 3250 852 3315 contra
901 3237 1051 3344 ipsum,
1086 3240 1125 3314 u
1153 3235 1188 3332 si¹
1215 3231 1402 3314 dominus
1443 3252 1514 3314 rex
1558 3232 1772 3340 Norwegie
1801 3261 1895 3314 cum
1927 3227 2087 3339 aliquibus

347 3339 719 3425 confederationem
747 3373 821 3448 seu,
845 3345 1163 3454 conjurationem
1193 3342 1350 3440 feeerit,
1396 3343 1579 3424 similiter
1608 3343 1736 3424 dictas
1765 3344 1974 3451 precludat
1995 3349 2026 3418 tr
2044 3365 2086 3416 er·

348 3454 472 3560 cipiet
501 3452 692 3562 civitates.
722 3457 825 3537 Sane
855 3486 905 3538 ne
934 3455 1044 3566 qvod
1074 3457 1229 3564 magnis
1256 3456 1527 3562 excogitatum
1556 3471 1617 3534 cst
1646 3455 1877 3554 laboribus,
1919 3449 2086 3535 callidis&

349 3564 521 3648 versutis
550 3555 903 3660 adinventionibus
932 3594 1002 3648 seu
1038 3565 1648 3676 presumptuosis'qvibuslibet
1691 3567 1925 3662 levitatibus
1958 3559 2084 3644 subruti

362 3668 494 3770 assit,
517 3674 794 3776 decernimus,
823 3695 868 3758 ut
897 3679 970 3759 hec
1000 3677 1158 3759 arbitrii
1186 3678 1435 3758 sententiaa
1464 3675 1582 3758 nobis
1612 3679 1691 3758 lata
1715 3705 1788 3786 per
1803 3678 1882 3758 bec
1910 3679 2089 3782 scripturo

346 3705 429 3874 bur
456 3783 603 3867 habeat
637 3806 834 3898 perpetue
875 3789 1074 3870 firmitatis
1102 3795 1142 3870 &
1172 3807 1195 3869 a
1228 3789 1411 3897 partibus
1455 3787 1742 3874 inviolabiliter
1785 3787 2026 3878 observetur,
2055 3782 2092 3858 ita

348 3895 460 4008 qvod
488 3922 601 4005 pars,
628 3927 706 4008 qve
735 3899 939 4008 prolatum
967 3899 1046 3982 hoc
1074 3898 1284 3980 arbitrium
1313 3921 1396 3979 non
1424 3900 1644 4007 susceperit
1672 3899 1736 3980 vel
1753 3917 1984 4008 susceptum
2006 3890 2093 3974 infre
2143 3927 2144 3936 ¹

348 4009 471 4118 gerit,
501 4033 647 4116 penam
674 4013 859 4120 superius
887 4039 1130 4120 expressam,
1172 4038 1300 4120 qvam.
1335 4029 1647 4118 acceptaverunt
1664 4094 1666 4104 ,
1685 4029 1834 4119 'sponte
1865 4012 1963 4094 dicti
1987 4029 2093 4115 procu·

348 4137 503 4230 ratores
531 4121 727 4228 partium,
757 4125 977 4232 persolvat,
993 4123 1083 4204 -hoc
1112 4137 1172 4202 est
1200 4123 1343 4228 viginti
1386 4122 1494 4222 milia
1523 4149 1747 4218 marcarum
1791 4125 1887 4230 puri
1914 4116 2048 4228 argenti
2068 4114 2095 4190 in

348 4227 531 4341 pondere
560 4230 795 4342 coloniensi.
811 4233 933 4316 modo
962 4234 1146 4343 superius
1174 4229 1378 4315 annotato.
1423 4233 1625 4334 ,Ceterum
1654 4261 1744 4312 cum
1779 4233 1914 4328 nuntii
1943 4231 2098 4312 dictarum
2143 4257 2144 4340 j

349 4344 560 4450 civitatum
587 4343 633 4426 in
660 4363 879 4428 memorato
908 4345 1112 4454 colloqvio
1141 4343 1402 4452 Gulbyaerxh.
1440 4372 1525 4450 pro¹
1546 4343 1778 4442 ,civitatibus
1804 4342 2013 4452 Canipsrb,
2036 4337 2099 4417 Sta
2143 4367 2144 4424 t

293 4513 297 4518 .
349 4478 436 4534 wer
463 4457 504 4544 ὃς
532 4453 778 4565 Griiniingh,
805 4456 915 4567 qvod
948 4471 1113 4564 possent
1140 4454 1295 4538 includi
1322 4457 1399 4536 sub
1427 4455 1535 4554 facta
1559 4473 1656 4537 tune
1671 4456 1970 4565 compositionis
1994 4451 2099 4536 lorus,

349 4559 384 4642 si
413 4569 451 4645 &
479 4563 636 4674 vellent,
655 4567 759 4648 sicut
786 4565 893 4676 dicte
924 4569 1104 4666 civitates
1131 4566 1207 4664 alie
1237 4566 1278 4670 in
1307 4565 1757 4675 noscomprpmittere,
1800 4563 2046 4674 placitabant,
2075 4561 2098 4634 it

351 4699 400 4756 ex
420 4700 539 4755 ,novo
566 4675 649 4784 jam
678 4691 892 4788 postqvam
918 4679 1026 4786 circa
1053 4677 1201 4782 festum
1242 4674 1351 4788 beati
1394 4677 1599 4778 Michaelis
1641 4677 1846 4777 venientes
1874 4675 1928 4772 ad
1942 4673 2098 4754 aalma

348 4786 460 4876 niam
489 4793 852 4898 compromiserunt
872 4791 922 4896 ,in
950 4803 1331 4901 ncs,procpratores
1357 4785 1948 4899 dictarumaeptemcivitanppr
1964 4781 2011 4880 de
2024 4804 2099 4874 cour

330 4897 565 5014 'positiqpis
600 4895 749 5001 forma·
801 4928 893 5008 vam
920 4885 1031 4982 nunc
1059 4895 1245 5006 facimus,
1266 4876 1571 5008 ;plaoital3aut,;
1592 4899 1702 5012 qvod
1724 4915 1948 5002 ,memorate
1971 4912 2044 4988 tres
2064 4888 2101 4970 ci·

352 5000 503 5098 uitatis,
523 5027 690 5128 possent
715 4929 870 5126 iuiludi
898 5011 1081 5124 similiter,
1100 5014 1161 5107 t&
1176 5011 1230 5107 io,
1248 5012 1344 5116 ista,
1369 5029 1519 5116 nappin,
1540 4999 1711 5114 (abimus
1726 5009 1849 5123 ‚qvod
1873 5013 1909 5096 si
1938 4981 2101 5108 tlictetta
