<?xml version="1.0" encoding="UTF-8"?>
<!DOCTYPE html PUBLIC "-//W3C//DTD XHTML 1.0 Transitional//EN"
    "http://www.w3.org/TR/xhtml1/DTD/xhtml1-transitional.dtd">
<html xmlns="http://www.w3.org/1999/xhtml" xml:lang="en" lang="en">
 <head>
  <title>
</title>
<meta http-equiv="Content-Type" content="text/html;charset=utf-8" />
  <meta name='ocr-system' content='tesseract 3.04.00' />
  <meta name='ocr-capabilities' content='ocr_page ocr_carea ocr_par ocr_line ocrx_word'/>
</head>
<body>
  <div class='ocr_page' id='page_1' title='image "./svensktdiplomat00swegoog_0167.png"; bbox 0 0 4370 5950; ppageno 0'>
   <div class='ocr_carea' id='block_1_1' title="bbox 820 404 1237 522">
    <p class='ocr_par' dir='ltr' id='par_1_1' title="bbox 820 404 1237 522">
     <span class='ocr_line' id='line_1_1' title="bbox 820 404 1237 522; baseline 0.005 -2"><span class='ocrx_word' id='word_1_1' title='bbox 820 404 1069 522; x_wconf 51' lang='lat'><strong>...123</strong></span> <span class='ocrx_word' id='word_1_2' title='bbox 1180 484 1237 506; x_wconf 89' lang='lat'><em>-</em></span> 
     </span>
    </p>
   </div>
   <div class='ocr_carea' id='block_1_2' title="bbox 115 655 1956 1215">
    <p class='ocr_par' dir='ltr' id='par_1_2' title="bbox 115 655 1956 1215">
     <span class='ocr_line' id='line_1_2' title="bbox 121 655 1956 772; baseline 0.003 -32"><span class='ocrx_word' id='word_1_3' title='bbox 121 657 266 752; x_wconf 79' lang='lat' dir='ltr'>kanuti</span> <span class='ocrx_word' id='word_1_4' title='bbox 295 685 406 742; x_wconf 88' lang='lat' dir='ltr'><strong>anno</strong></span> <span class='ocrx_word' id='word_1_5' title='bbox 434 661 572 742; x_wconf 86' lang='lat' dir='ltr'><strong>tercio.</strong></span> <span class='ocrx_word' id='word_1_6' title='bbox 601 655 756 766; x_wconf 87' lang='lat' dir='ltr'><strong>dominj</strong></span> <span class='ocrx_word' id='word_1_7' title='bbox 785 655 997 740; x_wconf 88' lang='lat' dir='ltr'><strong>absalonis.</strong></span> <span class='ocrx_word' id='word_1_8' title='bbox 1026 655 1254 741; x_wconf 89' lang='lat' dir='ltr'><strong>Lundensis</strong></span> <span class='ocrx_word' id='word_1_9' title='bbox 1269 656 1562 768; x_wconf 89' lang='lat' dir='ltr'><strong>archiepiscopi</strong></span> <span class='ocrx_word' id='word_1_10' title='bbox 1576 656 1703 767; x_wconf 84' lang='lat' dir='ltr'><strong>tercij.</strong></span> <span class='ocrx_word' id='word_1_11' title='bbox 1724 659 1956 772; x_wconf 78' lang='lat' dir='ltr'><strong>archiepi·‘</strong></span> 
     </span>
     <span class='ocr_line' id='line_1_3' title="bbox 126 767 1922 881; baseline 0.001 -29"><span class='ocrx_word' id='word_1_12' title='bbox 126 787 330 881; x_wconf 87' lang='lat' dir='ltr'><strong>scopatus.</strong></span> <span class='ocrx_word' id='word_1_13' title='bbox 368 798 478 852; x_wconf 88' lang='lat' dir='ltr'><strong>anno</strong></span> <span class='ocrx_word' id='word_1_14' title='bbox 511 786 668 854; x_wconf 91' lang='lat' dir='ltr'><strong>octauo.</strong></span> <span class='ocrx_word' id='word_1_15' title='bbox 698 769 860 852; x_wconf 88' lang='lat' dir='ltr'><strong>domina</strong></span> <span class='ocrx_word' id='word_1_16' title='bbox 888 771 1036 876; x_wconf 87' lang='lat' dir='ltr'><strong>regina</strong></span> <span class='ocrx_word' id='word_1_17' title='bbox 1060 767 1268 849; x_wconf 90' lang='lat' dir='ltr'><strong>danorum.</strong></span> <span class='ocrx_word' id='word_1_18' title='bbox 1300 768 1351 847; x_wconf 90' lang='lat' dir='ltr'><strong>G.</strong></span> <span class='ocrx_word' id='word_1_19' title='bbox 1381 773 1668 852; x_wconf 85' lang='lat' dir='ltr'><strong>consentiente.</strong></span> <span class='ocrx_word' id='word_1_20' title='bbox 1698 772 1801 854; x_wconf 92' lang='lat' dir='ltr'><strong>Cum</strong></span> <span class='ocrx_word' id='word_1_21' title='bbox 1829 773 1922 856; x_wconf 91' lang='lat' dir='ltr'><strong>illu·</strong></span> 
     </span>
     <span class='ocr_line' id='line_1_4' title="bbox 118 877 1922 992; baseline 0.002 -30"><span class='ocrx_word' id='word_1_22' title='bbox 118 884 193 962; x_wconf 91' lang='lat' dir='ltr'><strong>stri</strong></span> <span class='ocrx_word' id='word_1_23' title='bbox 228 882 350 964; x_wconf 90' lang='lat' dir='ltr'><strong>duce.</strong></span> <span class='ocrx_word' id='word_1_24' title='bbox 383 884 452 962; x_wconf 89' lang='lat' dir='ltr'><strong>W.</strong></span> <span class='ocrx_word' id='word_1_25' title='bbox 482 882 589 992; x_wconf 86' lang='lat' dir='ltr'><strong>regis</strong></span> <span class='ocrx_word' id='word_1_26' title='bbox 618 880 754 962; x_wconf 86' lang='lat' dir='ltr'><strong>fratre.</strong></span> <span class='ocrx_word' id='word_1_27' title='bbox 784 879 1044 964; x_wconf 72' lang='lat' dir='ltr'><strong>et&#39;absalone</strong></span> <span class='ocrx_word' id='word_1_28' title='bbox 1074 877 1380 988; x_wconf 80' lang='lat' dir='ltr'><strong>archiepiscopo</strong></span> <span class='ocrx_word' id='word_1_29' title='bbox 1402 879 1639 978; x_wconf 80' lang='lat' dir='ltr'><strong>stabulariis</strong></span> <span class='ocrx_word' id='word_1_30' title='bbox 1654 882 1922 967; x_wconf 89' lang='lat' dir='ltr'><strong>collaudanti-</strong></span> 
     </span>
     <span class='ocr_line' id='line_1_5' title="bbox 115 988 1922 1103; baseline 0.001 -27"><span class='ocrx_word' id='word_1_31' title='bbox 115 993 205 1076; x_wconf 91' lang='lat' dir='ltr'><strong>bus.</strong></span> <span class='ocrx_word' id='word_1_32' title='bbox 246 1020 423 1103; x_wconf 90' lang='lat' dir='ltr'><strong>quorum</strong></span> <span class='ocrx_word' id='word_1_33' title='bbox 449 994 524 1073; x_wconf 89' lang='lat' dir='ltr'><strong>hec</strong></span> <span class='ocrx_word' id='word_1_34' title='bbox 554 1010 649 1073; x_wconf 92' lang='lat' dir='ltr'><strong>sunt</strong></span> <span class='ocrx_word' id='word_1_35' title='bbox 677 993 856 1075; x_wconf 89' lang='lat' dir='ltr'><strong>nomina.</strong></span> <span class='ocrx_word' id='word_1_36' title='bbox 915 991 1069 1070; x_wconf 92' lang='lat' dir='ltr'><strong>Gunni.</strong></span> <span class='ocrx_word' id='word_1_37' title='bbox 1100 988 1274 1098; x_wconf 90' lang='lat' dir='ltr'><strong>Strangi.</strong></span> <span class='ocrx_word' id='word_1_38' title='bbox 1305 991 1519 1100; x_wconf 88' lang='lat' dir='ltr'><strong>Rogincer.</strong></span> <span class='ocrx_word' id='word_1_39' title='bbox 1549 991 1653 1078; x_wconf 88' lang='lat' dir='ltr'><strong>ebbi.</strong></span> <span class='ocrx_word' id='word_1_40' title='bbox 1684 997 1922 1082; x_wconf 86' lang='lat' dir='ltr'><strong>Presbit&#39;eris</strong></span> 
     </span>
     <span class='ocr_line' id='line_1_6' title="bbox 119 1102 1019 1215; baseline -0.002 -29"><span class='ocrx_word' id='word_1_41' title='bbox 119 1103 351 1215; x_wconf 90' lang='lat' dir='ltr'><strong>capellanis.</strong></span> <span class='ocrx_word' id='word_1_42' title='bbox 381 1105 572 1185; x_wconf 89' lang='lat' dir='ltr'><strong>Homero.</strong></span> <span class='ocrx_word' id='word_1_43' title='bbox 606 1106 806 1186; x_wconf 88' lang='lat' dir='ltr'><strong>Duccone.</strong></span> <span class='ocrx_word' id='word_1_44' title='bbox 837 1102 1019 1186; x_wconf 91' lang='lat' dir='ltr'><strong>Nicolao.</strong></span> 
     </span>
    </p>
   </div>
   <div class='ocr_carea' id='block_1_3' title="bbox 1535 1263 1552 1298">
    <p class='ocr_par' dir='ltr' id='par_1_3' title="bbox 1535 1263 1552 1298">
     <span class='ocr_line' id='line_1_7' title="bbox 1535 1263 1552 1298; baseline 0 0"><span class='ocrx_word' id='word_1_45' title='bbox 1535 1263 1552 1298; x_wconf 59' lang='grc' dir='ltr'>ἱ</span> 
     </span>
    </p>
   </div>
   <div class='ocr_carea' id='block_1_4' title="bbox 77 1496 1401 1643">
    <p class='ocr_par' dir='ltr' id='par_1_4' title="bbox 77 1496 1401 1643">
     <span class='ocr_line' id='line_1_8' title="bbox 77 1496 1401 1643; baseline 0.002 -41"><span class='ocrx_word' id='word_1_46' title='bbox 77 1496 213 1639; x_wconf 83' lang='grc'>·98.</span> <span class='ocrx_word' id='word_1_47' title='bbox 663 1629 672 1638; x_wconf 86' lang='lat'><strong>.</strong></span> <span class='ocrx_word' id='word_1_48' title='bbox 857 1499 1290 1643; x_wconf 79' lang='lat'><strong>1188—-1197.</strong></span> <span class='ocrx_word' id='word_1_49' title='bbox 1398 1548 1401 1567; x_wconf 92' lang='lat'><em>·</em></span> 
     </span>
    </p>
   </div>
   <div class='ocr_carea' id='block_1_5' title="bbox 201 1716 2181 2046">
    <p class='ocr_par' dir='ltr' id='par_1_5' title="bbox 201 1716 2181 2046">
     <span class='ocr_line' id='line_1_9' title="bbox 201 1716 2181 1812; baseline 0.003 -32"><span class='ocrx_word' id='word_1_50' title='bbox 201 1716 418 1800; x_wconf 69' lang='lat' dir='ltr'><strong>brie-Bislop</strong></span> <span class='ocrx_word' id='word_1_51' title='bbox 445 1717 562 1779; x_wconf 81' lang='lat' dir='ltr'><strong>Pnrnas</strong></span> <span class='ocrx_word' id='word_1_52' title='bbox 600 1718 608 1777; x_wconf 89' lang='lat' dir='ltr'><strong>i</strong></span> <span class='ocrx_word' id='word_1_53' title='bbox 630 1717 750 1800; x_wconf 83' lang='lat' dir='ltr'><strong>Upsala</strong></span> <span class='ocrx_word' id='word_1_54' title='bbox 772 1719 953 1782; x_wconf 75' lang='lat' dir='ltr'><strong>Gdfvobref</strong></span> <span class='ocrx_word' id='word_1_55' title='bbox 968 1722 1018 1783; x_wconf 87' lang='lat' dir='ltr'><strong>till</strong></span> <span class='ocrx_word' id='word_1_56' title='bbox 1040 1717 1221 1782; x_wconf 78' lang='lat' dir='ltr'><strong>Kanilrerna</strong></span> <span class='ocrx_word' id='word_1_57' title='bbox 1244 1718 1400 1782; x_wconf 77' lang='lat' dir='ltr'><strong>dersttides</strong></span> <span class='ocrx_word' id='word_1_58' title='bbox 1421 1720 1461 1803; x_wconf 80' lang='lat' dir='ltr'><strong>pa</strong></span> <span class='ocrx_word' id='word_1_59' title='bbox 1483 1720 1526 1800; x_wconf 69' lang='lat' dir='ltr'><strong>all</strong></span> <span class='ocrx_word' id='word_1_60' title='bbox 1547 1719 1779 1802; x_wconf 75' lang='lat' dir='ltr'><strong>Riskopstioude</strong></span> <span class='ocrx_word' id='word_1_61' title='bbox 1802 1723 1838 1783; x_wconf 85' lang='lat' dir='ltr'><strong>al</strong></span> <span class='ocrx_word' id='word_1_62' title='bbox 1858 1725 1918 1784; x_wconf 87' lang='lat' dir='ltr'><strong>B&#39;a&#39;·</strong></span> <span class='ocrx_word' id='word_1_63' title='bbox 2142 1750 2181 1812; x_wconf 69' lang='lat' dir='ltr'><strong>(s</strong></span> 
     </span>
     <span class='ocr_line' id='line_1_10' title="bbox 253 1799 1921 1884; baseline 0.004 -22"><span class='ocrx_word' id='word_1_64' title='bbox 253 1803 332 1883; x_wconf 80' lang='lat' dir='ltr'><strong>liugs</strong></span> <span class='ocrx_word' id='word_1_65' title='bbox 353 1801 412 1863; x_wconf 94' lang='lat' dir='ltr'><strong>och</strong></span> <span class='ocrx_word' id='word_1_66' title='bbox 434 1801 572 1862; x_wconf 83' lang='lat' dir='ltr'><strong>Waxala</strong></span> <span class='ocrx_word' id='word_1_67' title='bbox 595 1799 729 1864; x_wconf 71' lang='lat' dir='ltr'><strong>hunda·</strong></span> <span class='ocrx_word' id='word_1_68' title='bbox 750 1814 829 1864; x_wconf 88' lang='lat' dir='ltr'><strong>samt</strong></span> <span class='ocrx_word' id='word_1_69' title='bbox 850 1803 938 1864; x_wconf 90' lang='lat' dir='ltr'><strong>Obui</strong></span> <span class='ocrx_word' id='word_1_70' title='bbox 961 1807 970 1864; x_wconf 91' lang='lat' dir='ltr'><strong>i</strong></span> <span class='ocrx_word' id='word_1_71' title='bbox 993 1803 1151 1882; x_wconf 83' lang='lat' dir='ltr'><strong>Waxala,</strong></span> <span class='ocrx_word' id='word_1_72' title='bbox 1172 1803 1329 1864; x_wconf 69' lang='lat' dir='ltr'><strong>ascensam</strong></span> <span class='ocrx_word' id='word_1_73' title='bbox 1350 1803 1390 1884; x_wconf 77' lang='lat' dir='ltr'><strong>pd</strong></span> <span class='ocrx_word' id='word_1_74' title='bbox 1418 1823 1471 1864; x_wconf 83' lang='lat' dir='ltr'><strong>too</strong></span> <span class='ocrx_word' id='word_1_75' title='bbox 1493 1805 1583 1866; x_wconf 74' lang='lat' dir='ltr'><strong>alnae</strong></span> <span class='ocrx_word' id='word_1_76' title='bbox 1607 1803 1664 1865; x_wconf 74' lang='lat' dir='ltr'><strong>vti</strong></span> <span class='ocrx_word' id='word_1_77' title='bbox 1681 1804 1735 1865; x_wconf 89' lang='lat' dir='ltr'><strong>det</strong></span> <span class='ocrx_word' id='word_1_78' title='bbox 1745 1805 1797 1882; x_wconf 73' lang='lat' dir='ltr'><strong>ir,</strong></span> <span class='ocrx_word' id='word_1_79' title='bbox 1810 1805 1850 1866; x_wconf 77' lang='lat' dir='ltr'><strong>da</strong></span> <span class='ocrx_word' id='word_1_80' title='bbox 1862 1804 1921 1868; x_wconf 73' lang='lat' dir='ltr'><strong>hr-</strong></span> 
     </span>
     <span class='ocr_line' id='line_1_11' title="bbox 251 1881 1921 1971; baseline 0.001 -24"><span class='ocrx_word' id='word_1_81' title='bbox 251 1885 464 1966; x_wconf 73' lang='lat' dir='ltr'><strong>ke·Bishopen</strong></span> <span class='ocrx_word' id='word_1_82' title='bbox 491 1881 595 1944; x_wconf 76' lang='lat' dir='ltr'><strong>heller</strong></span> <span class='ocrx_word' id='word_1_83' title='bbox 622 1885 781 1946; x_wconf 88' lang='lat' dir='ltr'><strong>visitetion</strong></span> <span class='ocrx_word' id='word_1_84' title='bbox 811 1889 822 1945; x_wconf 92' lang='lat' dir='ltr'><strong>i</strong></span> <span class='ocrx_word' id='word_1_85' title='bbox 844 1886 1058 1968; x_wconf 79' lang='lat' dir='ltr'><strong>Helsingland,</strong></span> <span class='ocrx_word' id='word_1_86' title='bbox 1082 1885 1156 1948; x_wconf 77' lang='lat' dir='ltr'><strong>nied</strong></span> <span class='ocrx_word' id='word_1_87' title='bbox 1179 1884 1371 1946; x_wconf 77' lang='lat' dir='ltr'><strong>stadlllstelse</strong></span> <span class='ocrx_word' id='word_1_88' title='bbox 1392 1884 1542 1970; x_wconf 87' lang='lat' dir='ltr'><strong>derjemle</strong></span> <span class='ocrx_word' id='word_1_89' title='bbox 1564 1887 1604 1971; x_wconf 79' lang='lat' dir='ltr'><strong>pa</strong></span> <span class='ocrx_word' id='word_1_90' title='bbox 1626 1885 1669 1949; x_wconf 86' lang='lat' dir='ltr'><strong>all</strong></span> <span class='ocrx_word' id='word_1_91' title='bbox 1691 1887 1751 1948; x_wconf 87' lang='lat' dir='ltr'><strong>den</strong></span> <span class='ocrx_word' id='word_1_92' title='bbox 1771 1887 1921 1968; x_wconf 82' lang='lat' dir='ltr'><strong>sestighct</strong></span> 
     </span>
     <span class='ocr_line' id='line_1_12' title="bbox 250 1965 960 2046; baseline 0.006 -19"><span class='ocrx_word' id='word_1_93' title='bbox 250 1967 431 2028; x_wconf 78' lang='lat' dir='ltr'><strong>Kanilerua</strong></span> <span class='ocrx_word' id='word_1_94' title='bbox 460 1965 539 2046; x_wconf 72' lang='lat' dir='ltr'><strong>tgde</strong></span> <span class='ocrx_word' id='word_1_95' title='bbox 561 1965 640 2028; x_wconf 88' lang='lat' dir='ltr'><strong>cller</strong></span> <span class='ocrx_word' id='word_1_96' title='bbox 661 1965 765 2028; x_wconf 83' lang='lat' dir='ltr'><strong>hunde</strong></span> <span class='ocrx_word' id='word_1_97' title='bbox 786 1968 960 2031; x_wconf 72' lang='lat' dir='ltr'><strong>lbrverfva.</strong></span> 
     </span>
    </p>
   </div>
   <div class='ocr_carea' id='block_1_6' title="bbox 1623 2083 1784 2141">
    <p class='ocr_par' dir='ltr' id='par_1_6' title="bbox 1623 2083 1784 2141">
     <span class='ocr_line' id='line_1_13' title="bbox 1623 2083 1784 2141; baseline -0.025 -1"><span class='ocrx_word' id='word_1_98' title='bbox 1623 2087 1658 2140; x_wconf 78' lang='lat' dir='ltr'><strong>A.</strong></span> <span class='ocrx_word' id='word_1_99' title='bbox 1678 2103 1701 2138; x_wconf 83' lang='lat' dir='ltr'><strong>a.</strong></span> <span class='ocrx_word' id='word_1_100' title='bbox 1720 2102 1744 2141; x_wconf 80' lang='lat' dir='ltr'><strong>a.</strong></span> <span class='ocrx_word' id='word_1_101' title='bbox 1761 2083 1784 2140; x_wconf 79' lang='lat'><strong>³.</strong></span> 
     </span>
    </p>
   </div>
   <div class='ocr_carea' id='block_1_7' title="bbox 1 2208 2040 4896">
    <p class='ocr_par' dir='ltr' id='par_1_7' title="bbox 114 2208 2006 3104">
     <span class='ocr_line' id='line_1_14' title="bbox 285 2208 1919 2331; baseline 0.001 -33"><span class='ocrx_word' id='word_1_102' title='bbox 285 2208 496 2300; x_wconf 88' lang='lat' dir='ltr'><strong>Vniuersis</strong></span> <span class='ocrx_word' id='word_1_103' title='bbox 532 2219 670 2300; x_wconf 88' lang='lat' dir='ltr'><strong>christi</strong></span> <span class='ocrx_word' id='word_1_104' title='bbox 705 2219 890 2303; x_wconf 85' lang='lat' dir='ltr'><strong>fidelibus</strong></span> <span class='ocrx_word' id='word_1_105' title='bbox 926 2239 1006 2301; x_wconf 88' lang='lat' dir='ltr'><strong>tam</strong></span> <span class='ocrx_word' id='word_1_106' title='bbox 1035 2222 1288 2330; x_wconf 84' lang='lat' dir='ltr'><strong>presentibus</strong></span> <span class='ocrx_word' id='word_1_107' title='bbox 1317 2249 1440 2331; x_wconf 89' lang='lat' dir='ltr'><strong>quam</strong></span> <span class='ocrx_word' id='word_1_108' title='bbox 1469 2220 1626 2304; x_wconf 87' lang='lat' dir='ltr'><strong>futuris.</strong></span> <span class='ocrx_word' id='word_1_109' title='bbox 1684 2222 1826 2302; x_wconf 90' lang='lat' dir='ltr'><strong>Petrus</strong></span> <span class='ocrx_word' id='word_1_110' title='bbox 1854 2220 1919 2302; x_wconf 89' lang='lat' dir='ltr'><strong>dei</strong></span> 
     </span>
     <span class='ocr_line' id='line_1_15' title="bbox 115 2328 1919 2441; baseline 0 -29"><span class='ocrx_word' id='word_1_111' title='bbox 115 2332 259 2441; x_wconf 84' lang='lat' dir='ltr'><strong>gracia</strong></span> <span class='ocrx_word' id='word_1_112' title='bbox 289 2347 423 2412; x_wconf 89' lang='lat' dir='ltr'><strong>sancte</strong></span> <span class='ocrx_word' id='word_1_113' title='bbox 451 2328 671 2438; x_wconf 83' lang='lat' dir='ltr'><strong>upsalensis</strong></span> <span class='ocrx_word' id='word_1_114' title='bbox 701 2333 864 2412; x_wconf 87' lang='lat' dir='ltr'><strong>ecclesie</strong></span> <span class='ocrx_word' id='word_1_115' title='bbox 893 2333 1225 2440; x_wconf 83' lang='lat' dir='ltr'><strong>archiepiscopus.</strong></span> <span class='ocrx_word' id='word_1_116' title='bbox 1247 2333 1427 2414; x_wconf 82' lang='lat' dir='ltr'><strong>&#39;salutem</strong></span> <span class='ocrx_word' id='word_1_117' title='bbox 1457 2335 1499 2412; x_wconf 92' lang='lat' dir='ltr'><strong>in</strong></span> <span class='ocrx_word' id='word_1_118' title='bbox 1527 2349 1777 2441; x_wconf 90' lang='lat' dir='ltr'><strong>perpetuum.</strong></span> <span class='ocrx_word' id='word_1_119' title='bbox 1835 2334 1919 2412; x_wconf 92' lang='lat' dir='ltr'><strong>No-</strong></span> 
     </span>
     <span class='ocr_line' id='line_1_16' title="bbox 116 2441 1918 2553; baseline 0.001 -31"><span class='ocrx_word' id='word_1_120' title='bbox 116 2460 203 2524; x_wconf 89' lang='lat' dir='ltr'><strong>tum</strong></span> <span class='ocrx_word' id='word_1_121' title='bbox 233 2443 285 2522; x_wconf 91' lang='lat' dir='ltr'><strong>sit</strong></span> <span class='ocrx_word' id='word_1_122' title='bbox 314 2443 568 2523; x_wconf 87' lang='lat' dir='ltr'><strong>uniuersitati</strong></span> <span class='ocrx_word' id='word_1_123' title='bbox 598 2460 731 2522; x_wconf 90' lang='lat' dir='ltr'><strong>uestre</strong></span> <span class='ocrx_word' id='word_1_124' title='bbox 761 2441 875 2553; x_wconf 92' lang='lat' dir='ltr'><strong>quod</strong></span> <span class='ocrx_word' id='word_1_125' title='bbox 906 2470 981 2522; x_wconf 91' lang='lat' dir='ltr'><strong>nos</strong></span> <span class='ocrx_word' id='word_1_126' title='bbox 1010 2442 1178 2523; x_wconf 82' lang='lat' dir='ltr'><strong>formam</strong></span> <span class='ocrx_word' id='word_1_127' title='bbox 1209 2445 1467 2552; x_wconf 88' lang='lat' dir='ltr'><strong>antiquorum</strong></span> <span class='ocrx_word' id='word_1_128' title='bbox 1495 2445 1670 2524; x_wconf 90' lang='lat' dir='ltr'><strong>inmitari</strong></span> <span class='ocrx_word' id='word_1_129' title='bbox 1698 2443 1918 2552; x_wconf 86' lang='lat' dir='ltr'><strong>cupientes.</strong></span> 
     </span>
     <span class='ocr_line' id='line_1_17' title="bbox 118 2551 1918 2666; baseline 0.001 -32"><span class='ocrx_word' id='word_1_130' title='bbox 118 2554 172 2634; x_wconf 89' lang='lat' dir='ltr'><strong>ad</strong></span> <span class='ocrx_word' id='word_1_131' title='bbox 202 2551 523 2634; x_wconf 87' lang='lat' dir='ltr'><strong>confirmandum</strong></span> <span class='ocrx_word' id='word_1_132' title='bbox 552 2569 697 2634; x_wconf 89' lang='lat' dir='ltr'><strong>statum</strong></span> <span class='ocrx_word' id='word_1_133' title='bbox 728 2553 944 2634; x_wconf 86' lang='lat' dir='ltr'><strong>christiane</strong></span> <span class='ocrx_word' id='word_1_134' title='bbox 973 2554 1178 2662; x_wconf 85' lang='lat' dir='ltr'><strong>religionis</strong></span> <span class='ocrx_word' id='word_1_135' title='bbox 1206 2553 1468 2666; x_wconf 87' lang='lat' dir='ltr'><strong>ordinemque</strong></span> <span class='ocrx_word' id='word_1_136' title='bbox 1497 2555 1758 2634; x_wconf 89' lang='lat' dir='ltr'><strong>monasticum</strong></span> <span class='ocrx_word' id='word_1_137' title='bbox 1787 2555 1830 2636; x_wconf 90' lang='lat' dir='ltr'><strong>in</strong></span> <span class='ocrx_word' id='word_1_138' title='bbox 1845 2584 1918 2636; x_wconf 92' lang='lat' dir='ltr'><strong>no·</strong></span> 
     </span>
     <span class='ocr_line' id='line_1_18' title="bbox 114 2663 1919 2772; baseline 0.001 -28"><span class='ocrx_word' id='word_1_139' title='bbox 114 2681 201 2746; x_wconf 89' lang='lat' dir='ltr'><strong>stra</strong></span> <span class='ocrx_word' id='word_1_140' title='bbox 237 2664 548 2772; x_wconf 87' lang='lat' dir='ltr'><strong>metropolitana</strong></span> <span class='ocrx_word' id='word_1_141' title='bbox 583 2665 746 2745; x_wconf 87' lang='lat' dir='ltr'><strong>ecelesia</strong></span> <span class='ocrx_word' id='word_1_142' title='bbox 783 2664 1122 2746; x_wconf 89' lang='lat' dir='ltr'><strong>coroborandum.</strong></span> <span class='ocrx_word' id='word_1_143' title='bbox 1188 2667 1268 2744; x_wconf 93' lang='lat' dir='ltr'><strong>Pro</strong></span> <span class='ocrx_word' id='word_1_144' title='bbox 1297 2663 1423 2745; x_wconf 88' lang='lat' dir='ltr'><strong>salute</strong></span> <span class='ocrx_word' id='word_1_145' title='bbox 1450 2685 1589 2748; x_wconf 89' lang='lat' dir='ltr'><strong>nostra</strong></span> <span class='ocrx_word' id='word_1_146' title='bbox 1617 2671 1656 2744; x_wconf 97' lang='grc'><strong>8(</strong></span> <span class='ocrx_word' id='word_1_147' title='bbox 1684 2665 1817 2770; x_wconf 85' lang='lat' dir='ltr'><strong>gregis</strong></span> <span class='ocrx_word' id='word_1_148' title='bbox 1844 2693 1919 2746; x_wconf 91' lang='lat' dir='ltr'><strong>no-</strong></span> 
     </span>
     <span class='ocr_line' id='line_1_19' title="bbox 116 2775 1919 2890; baseline 0 -32"><span class='ocrx_word' id='word_1_149' title='bbox 116 2776 181 2858; x_wconf 84' lang='lat' dir='ltr'><strong>bis</strong></span> <span class='ocrx_word' id='word_1_150' title='bbox 219 2775 418 2856; x_wconf 86' lang='lat' dir='ltr'><strong>commissi</strong></span> <span class='ocrx_word' id='word_1_151' title='bbox 453 2803 527 2855; x_wconf 90' lang='lat' dir='ltr'><strong>nec</strong></span> <span class='ocrx_word' id='word_1_152' title='bbox 565 2803 649 2855; x_wconf 93' lang='lat' dir='ltr'><strong>non</strong></span> <span class='ocrx_word' id='word_1_153' title='bbox 679 2783 716 2856; x_wconf 88' lang='grc'><strong>8(</strong></span> <span class='ocrx_word' id='word_1_154' title='bbox 745 2779 1030 2884; x_wconf 88' lang='lat' dir='ltr'><strong>episcoporum</strong></span> <span class='ocrx_word' id='word_1_155' title='bbox 1061 2803 1138 2883; x_wconf 88' lang='lat' dir='ltr'><strong>pro</strong></span> <span class='ocrx_word' id='word_1_156' title='bbox 1163 2775 1376 2890; x_wconf 75' lang='lat' dir='ltr'><strong>animabus</strong></span> <span class='ocrx_word' id='word_1_157' title='bbox 1405 2775 1732 2884; x_wconf 82' lang='lat' dir='ltr'><strong>predecessorum</strong></span> <span class='ocrx_word' id='word_1_158' title='bbox 1759 2794 1919 2858; x_wconf 90' lang='lat' dir='ltr'><strong>nostro·</strong></span> 
     </span>
     <span class='ocr_line' id='line_1_20' title="bbox 117 2885 2006 2995; baseline -0.002 -31"><span class='ocrx_word' id='word_1_159' title='bbox 117 2913 220 2982; x_wconf 89' lang='lat' dir='ltr'><strong>rum.</strong></span> <span class='ocrx_word' id='word_1_160' title='bbox 279 2891 339 2966; x_wconf 88' lang='lat' dir='ltr'><strong>Ac</strong></span> <span class='ocrx_word' id='word_1_161' title='bbox 368 2889 634 2993; x_wconf 87' lang='lat' dir='ltr'><strong>prosperitate</strong></span> <span class='ocrx_word' id='word_1_162' title='bbox 662 2886 971 2976; x_wconf 83' lang='lat' dir='ltr'><strong>subsecutorum</strong></span> <span class='ocrx_word' id='word_1_163' title='bbox 999 2887 1185 2969; x_wconf 89' lang='lat' dir='ltr'><strong>dedimus</strong></span> <span class='ocrx_word' id='word_1_164' title='bbox 1213 2888 1496 2995; x_wconf 84' lang='lat' dir='ltr'><strong>inperpetuum</strong></span> <span class='ocrx_word' id='word_1_165' title='bbox 1517 2885 1782 2970; x_wconf 77' lang='lat' dir='ltr'><strong>elemosinam.</strong></span> <span class='ocrx_word' id='word_1_166' title='bbox 1798 2891 1917 2967; x_wconf 81' lang='lat' dir='ltr'><strong>&amp;su-</strong></span> <span class='ocrx_word' id='word_1_167' title='bbox 2002 2951 2006 2960; x_wconf 87' lang='grc'><em>,</em></span> 
     </span>
     <span class='ocr_line' id='line_1_21' title="bbox 117 2995 1916 3104; baseline 0.001 -28"><span class='ocrx_word' id='word_1_168' title='bbox 117 2999 368 3076; x_wconf 88' lang='lat' dir='ltr'><strong>stentacione</strong></span> <span class='ocrx_word' id='word_1_169' title='bbox 397 2998 600 3078; x_wconf 88' lang='lat' dir='ltr'><strong>canonicis</strong></span> <span class='ocrx_word' id='word_1_170' title='bbox 628 2999 670 3076; x_wconf 92' lang='lat' dir='ltr'><strong>in</strong></span> <span class='ocrx_word' id='word_1_171' title='bbox 698 2999 895 3104; x_wconf 86' lang='lat' dir='ltr'><strong>upsalensi</strong></span> <span class='ocrx_word' id='word_1_172' title='bbox 925 2999 1090 3079; x_wconf 88' lang='lat' dir='ltr'><strong>ecclesia</strong></span> <span class='ocrx_word' id='word_1_173' title='bbox 1121 2999 1199 3079; x_wconf 84' lang='lat' dir='ltr'><strong>deo</strong></span> <span class='ocrx_word' id='word_1_174' title='bbox 1228 2995 1516 3080; x_wconf 89' lang='lat' dir='ltr'><strong>famulantibus</strong></span> <span class='ocrx_word' id='word_1_175' title='bbox 1545 3025 1702 3079; x_wconf 92' lang='lat' dir='ltr'><strong>omnem</strong></span> <span class='ocrx_word' id='word_1_176' title='bbox 1723 2996 1916 3088; x_wconf 85' lang='lat' dir='ltr'><strong>decimam</strong></span> 
     </span>
    </p>

    <p class='ocr_par' dir='ltr' id='par_1_8' title="bbox 1 3105 2040 4896">
     <span class='ocr_line' id='line_1_22' title="bbox 1 3105 1917 3218; baseline 0.002 -32"><span class='ocrx_word' id='word_1_177' title='bbox 1 3206 2 3214; x_wconf 6' lang='grc' dir='ltr'>ἵ</span> <span class='ocrx_word' id='word_1_178' title='bbox 117 3136 199 3218; x_wconf 90' lang='lat' dir='ltr'><strong>que</strong></span> <span class='ocrx_word' id='word_1_179' title='bbox 235 3105 287 3187; x_wconf 94' lang='lat' dir='ltr'><strong>ad</strong></span> <span class='ocrx_word' id='word_1_180' title='bbox 325 3108 552 3216; x_wconf 88' lang='lat' dir='ltr'><strong>episcopale</strong></span> <span class='ocrx_word' id='word_1_181' title='bbox 588 3109 649 3187; x_wconf 93' lang='lat' dir='ltr'><strong>ius</strong></span> <span class='ocrx_word' id='word_1_182' title='bbox 689 3109 861 3215; x_wconf 86' lang='lat' dir='ltr'><strong>pertinet</strong></span> <span class='ocrx_word' id='word_1_183' title='bbox 901 3107 951 3189; x_wconf 93' lang='lat' dir='ltr'><strong>de</strong></span> <span class='ocrx_word' id='word_1_184' title='bbox 986 3109 1134 3216; x_wconf 88' lang='lat' dir='ltr'><strong>beling.</strong></span> <span class='ocrx_word' id='word_1_185' title='bbox 1166 3115 1205 3189; x_wconf 89' lang='lat'>&amp;</span> <span class='ocrx_word' id='word_1_186' title='bbox 1234 3107 1415 3189; x_wconf 82' lang='lat' dir='ltr'><strong>waxalle.</strong></span> <span class='ocrx_word' id='word_1_187' title='bbox 1445 3114 1483 3188; x_wconf 88' lang='grc'><strong>8(</strong></span> <span class='ocrx_word' id='word_1_188' title='bbox 1512 3124 1558 3190; x_wconf 91' lang='lat' dir='ltr'><strong>ut</strong></span> <span class='ocrx_word' id='word_1_189' title='bbox 1588 3109 1723 3188; x_wconf 90' lang='lat' dir='ltr'><strong>nullus</strong></span> <span class='ocrx_word' id='word_1_190' title='bbox 1751 3112 1917 3190; x_wconf 92' lang='lat' dir='ltr'><strong>omuino</strong></span> 
     </span>
     <span class='ocr_line' id='line_1_23' title="bbox 115 3217 1916 3326; baseline 0.001 -28"><span class='ocrx_word' id='word_1_191' title='bbox 115 3219 328 3298; x_wconf 91' lang='lat' dir='ltr'><strong>hominum</strong></span> <span class='ocrx_word' id='word_1_192' title='bbox 363 3219 465 3298; x_wconf 90' lang='lat' dir='ltr'><strong>hanc</strong></span> <span class='ocrx_word' id='word_1_193' title='bbox 494 3217 758 3299; x_wconf 90' lang='lat' dir='ltr'><strong>donacionem</strong></span> <span class='ocrx_word' id='word_1_194' title='bbox 789 3219 934 3300; x_wconf 89' lang='lat' dir='ltr'><strong>audeat</strong></span> <span class='ocrx_word' id='word_1_195' title='bbox 961 3246 1125 3300; x_wconf 89' lang='lat' dir='ltr'><strong>cassare.</strong></span> <span class='ocrx_word' id='word_1_196' title='bbox 1162 3247 1247 3298; x_wconf 90' lang='lat' dir='ltr'><strong>eam</strong></span> <span class='ocrx_word' id='word_1_197' title='bbox 1277 3217 1499 3326; x_wconf 88' lang='lat' dir='ltr'><strong>pontificali</strong></span> <span class='ocrx_word' id='word_1_198' title='bbox 1530 3221 1768 3300; x_wconf 89' lang='lat' dir='ltr'><strong>auctoritate</strong></span> <span class='ocrx_word' id='word_1_199' title='bbox 1797 3225 1836 3300; x_wconf 87' lang='grc'><strong>8(</strong></span> <span class='ocrx_word' id='word_1_200' title='bbox 1863 3223 1916 3301; x_wconf 91' lang='lat' dir='ltr'><strong>sl-</strong></span> 
     </span>
     <span class='ocr_line' id='line_1_24' title="bbox 115 3327 1915 3438; baseline 0.002 -28"><span class='ocrx_word' id='word_1_201' title='bbox 115 3330 204 3438; x_wconf 86' lang='lat' dir='ltr'><strong>gilli</strong></span> <span class='ocrx_word' id='word_1_202' title='bbox 242 3331 370 3410; x_wconf 89' lang='lat' dir='ltr'><strong>nostri</strong></span> <span class='ocrx_word' id='word_1_203' title='bbox 398 3329 626 3410; x_wconf 90' lang='lat' dir='ltr'><strong>testimonio</strong></span> <span class='ocrx_word' id='word_1_204' title='bbox 654 3333 956 3412; x_wconf 91' lang='lat' dir='ltr'><strong>communimus.</strong></span> <span class='ocrx_word' id='word_1_205' title='bbox 1013 3329 1078 3411; x_wconf 83' lang='lat' dir='ltr'><strong>Ad</strong></span> <span class='ocrx_word' id='word_1_206' title='bbox 1106 3331 1179 3410; x_wconf 91' lang='lat' dir='ltr'><strong>hec</strong></span> <span class='ocrx_word' id='word_1_207' title='bbox 1208 3329 1357 3410; x_wconf 89' lang='lat' dir='ltr'><strong>eisdem</strong></span> <span class='ocrx_word' id='word_1_208' title='bbox 1385 3327 1579 3424; x_wconf 84' lang='lat' dir='ltr'><strong>fratribus</strong></span> <span class='ocrx_word' id='word_1_209' title='bbox 1595 3331 1837 3422; x_wconf 85' lang='lat' dir='ltr'><strong>contulimus</strong></span> <span class='ocrx_word' id='word_1_210' title='bbox 1852 3350 1915 3413; x_wconf 92' lang='lat' dir='ltr'><strong>to·</strong></span> 
     </span>
     <span class='ocr_line' id='line_1_25' title="bbox 114 3441 1914 3551; baseline 0.002 -31"><span class='ocrx_word' id='word_1_211' title='bbox 114 3449 396 3520; x_wconf 75' lang='lat' dir='ltr'><strong>tumcensum</strong></span> <span class='ocrx_word' id='word_1_212' title='bbox 424 3457 605 3520; x_wconf 90' lang='lat' dir='ltr'><strong>nostrum</strong></span> <span class='ocrx_word' id='word_1_213' title='bbox 635 3442 678 3520; x_wconf 95' lang='lat' dir='ltr'><strong>in</strong></span> <span class='ocrx_word' id='word_1_214' title='bbox 706 3441 875 3522; x_wconf 85' lang='lat' dir='ltr'><strong>waxalle</strong></span> <span class='ocrx_word' id='word_1_215' title='bbox 904 3441 954 3523; x_wconf 92' lang='lat' dir='ltr'><strong>de</strong></span> <span class='ocrx_word' id='word_1_216' title='bbox 983 3443 1081 3524; x_wconf 93' lang='lat' dir='ltr'><strong>obui</strong></span> <span class='ocrx_word' id='word_1_217' title='bbox 1110 3448 1149 3521; x_wconf 98' lang='grc'><strong>8(</strong></span> <span class='ocrx_word' id='word_1_218' title='bbox 1178 3444 1218 3521; x_wconf 93' lang='lat' dir='ltr'><strong>in</strong></span> <span class='ocrx_word' id='word_1_219' title='bbox 1250 3469 1356 3522; x_wconf 91' lang='lat' dir='ltr'><strong>anno</strong></span> <span class='ocrx_word' id='word_1_220' title='bbox 1384 3441 1455 3521; x_wconf 93' lang='lat' dir='ltr'><strong>illo</strong></span> <span class='ocrx_word' id='word_1_221' title='bbox 1484 3470 1568 3551; x_wconf 95' lang='lat' dir='ltr'><strong>quo</strong></span> <span class='ocrx_word' id='word_1_222' title='bbox 1598 3442 1812 3550; x_wconf 88' lang='lat' dir='ltr'><strong>neophitos</strong></span> <span class='ocrx_word' id='word_1_223' title='bbox 1840 3473 1914 3524; x_wconf 92' lang='lat' dir='ltr'><strong>no-</strong></span> 
     </span>
     <span class='ocr_line' id='line_1_26' title="bbox 115 3549 1914 3658; baseline 0.003 -28"><span class='ocrx_word' id='word_1_224' title='bbox 115 3566 224 3631; x_wconf 90' lang='lat' dir='ltr'><strong>stros</strong></span> <span class='ocrx_word' id='word_1_225' title='bbox 267 3578 341 3656; x_wconf 90' lang='lat' dir='ltr'><strong>per</strong></span> <span class='ocrx_word' id='word_1_226' title='bbox 381 3549 661 3658; x_wconf 91' lang='lat' dir='ltr'><strong>helsingelond</strong></span> <span class='ocrx_word' id='word_1_227' title='bbox 697 3553 993 3633; x_wconf 90' lang='lat' dir='ltr'><strong>uisitauerimus</strong></span> <span class='ocrx_word' id='word_1_228' title='bbox 1022 3550 1073 3633; x_wconf 89' lang='lat' dir='ltr'><strong>de</strong></span> <span class='ocrx_word' id='word_1_229' title='bbox 1109 3551 1306 3633; x_wconf 86' lang='lat' dir='ltr'><strong>beneficio</strong></span> <span class='ocrx_word' id='word_1_230' title='bbox 1335 3569 1486 3635; x_wconf 86' lang='lat' dir='ltr'><strong>nostro.</strong></span> <span class='ocrx_word' id='word_1_231' title='bbox 1542 3553 1585 3634; x_wconf 91' lang='lat' dir='ltr'><strong>C.</strong></span> <span class='ocrx_word' id='word_1_232' title='bbox 1615 3551 1729 3650; x_wconf 82' lang='lat' dir='ltr'><strong>ulpas</strong></span> <span class='ocrx_word' id='word_1_233' title='bbox 1758 3555 1835 3635; x_wconf 92' lang='lat' dir='ltr'><strong>tele</strong></span> <span class='ocrx_word' id='word_1_234' title='bbox 1862 3553 1914 3635; x_wconf 88' lang='lat' dir='ltr'><strong>ad</strong></span> 
     </span>
     <span class='ocr_line' id='line_1_27' title="bbox 116 3660 1913 3774; baseline 0.002 -34"><span class='ocrx_word' id='word_1_235' title='bbox 116 3690 236 3744; x_wconf 91' lang='lat' dir='ltr'><strong>usum</strong></span> <span class='ocrx_word' id='word_1_236' title='bbox 274 3660 435 3740; x_wconf 91' lang='lat' dir='ltr'><strong>illorum</strong></span> <span class='ocrx_word' id='word_1_237' title='bbox 471 3688 727 3768; x_wconf 89' lang='lat' dir='ltr'><strong>exponemus.</strong></span> <span class='ocrx_word' id='word_1_238' title='bbox 793 3665 982 3744; x_wconf 87' lang='lat' dir='ltr'><strong>Ceterum</strong></span> <span class='ocrx_word' id='word_1_239' title='bbox 1020 3691 1117 3743; x_wconf 94' lang='lat' dir='ltr'><strong>uero</strong></span> <span class='ocrx_word' id='word_1_240' title='bbox 1156 3691 1420 3773; x_wconf 90' lang='lat' dir='ltr'><strong>quascunque</strong></span> <span class='ocrx_word' id='word_1_241' title='bbox 1455 3665 1721 3774; x_wconf 88' lang='lat' dir='ltr'><strong>possessiones</strong></span> <span class='ocrx_word' id='word_1_242' title='bbox 1751 3692 1913 3774; x_wconf 90' lang='lat' dir='ltr'><strong>queque</strong></span> 
     </span>
     <span class='ocr_line' id='line_1_28' title="bbox 117 3769 1912 3883; baseline 0.001 -29"><span class='ocrx_word' id='word_1_243' title='bbox 117 3775 227 3854; x_wconf 87' lang='lat' dir='ltr'><strong>bona</strong></span> <span class='ocrx_word' id='word_1_244' title='bbox 263 3769 411 3879; x_wconf 86' lang='lat' dir='ltr'><strong>prefati</strong></span> <span class='ocrx_word' id='word_1_245' title='bbox 446 3773 629 3853; x_wconf 88' lang='lat' dir='ltr'><strong>canonici</strong></span> <span class='ocrx_word' id='word_1_246' title='bbox 663 3774 705 3853; x_wconf 93' lang='lat' dir='ltr'><strong>in</strong></span> <span class='ocrx_word' id='word_1_247' title='bbox 734 3776 850 3880; x_wconf 84' lang='lat' dir='ltr'><strong>agris.</strong></span> <span class='ocrx_word' id='word_1_248' title='bbox 879 3774 1002 3854; x_wconf 88' lang='lat' dir='ltr'><strong>siluis.</strong></span> <span class='ocrx_word' id='word_1_249' title='bbox 1032 3776 1167 3882; x_wconf 89' lang='lat' dir='ltr'><strong>pratis.</strong></span> <span class='ocrx_word' id='word_1_250' title='bbox 1200 3777 1370 3882; x_wconf 87' lang='lat' dir='ltr'><strong>pascuis.</strong></span> <span class='ocrx_word' id='word_1_251' title='bbox 1400 3775 1700 3883; x_wconf 83' lang='lat' dir='ltr'><strong>piscationibus.</strong></span> <span class='ocrx_word' id='word_1_252' title='bbox 1739 3773 1912 3865; x_wconf 88' lang='lat' dir='ltr'><strong>decimis.</strong></span> 
     </span>
     <span class='ocr_line' id='line_1_29' title="bbox 113 3881 1913 3994; baseline 0.002 -29"><span class='ocrx_word' id='word_1_253' title='bbox 113 3902 154 3972; x_wconf 90' lang='lat' dir='ltr'><strong>et</strong></span> <span class='ocrx_word' id='word_1_254' title='bbox 196 3885 283 3964; x_wconf 90' lang='lat' dir='ltr'><strong>aliis</strong></span> <span class='ocrx_word' id='word_1_255' title='bbox 311 3881 535 3963; x_wconf 89' lang='lat' dir='ltr'><strong>redditibus</strong></span> <span class='ocrx_word' id='word_1_256' title='bbox 565 3885 607 3962; x_wconf 92' lang='lat' dir='ltr'><strong>in</strong></span> <span class='ocrx_word' id='word_1_257' title='bbox 636 3888 937 3992; x_wconf 88' lang='lat' dir='ltr'><strong>presenciarum</strong></span> <span class='ocrx_word' id='word_1_258' title='bbox 965 3887 1066 3966; x_wconf 90' lang='lat' dir='ltr'><strong>iuste</strong></span> <span class='ocrx_word' id='word_1_259' title='bbox 1094 3903 1134 3967; x_wconf 90' lang='lat' dir='ltr'><strong>et</strong></span> <span class='ocrx_word' id='word_1_260' title='bbox 1162 3889 1353 3968; x_wconf 90' lang='lat' dir='ltr'><strong>canonice</strong></span> <span class='ocrx_word' id='word_1_261' title='bbox 1381 3885 1598 3994; x_wconf 89' lang='lat' dir='ltr'><strong>possident.</strong></span> <span class='ocrx_word' id='word_1_262' title='bbox 1634 3889 1774 3978; x_wconf 88' lang='lat' dir='ltr'><strong>autin</strong></span> <span class='ocrx_word' id='word_1_263' title='bbox 1803 3886 1913 3974; x_wconf 84' lang='lat' dir='ltr'><strong>lutu-</strong></span> 
     </span>
     <span class='ocr_line' id='line_1_30' title="bbox 120 3995 1911 4110; baseline 0.001 -34"><span class='ocrx_word' id='word_1_264' title='bbox 120 4024 212 4076; x_wconf 91' lang='lat' dir='ltr'><strong>rum</strong></span> <span class='ocrx_word' id='word_1_265' title='bbox 241 3995 496 4075; x_wconf 88' lang='lat' dir='ltr'><strong>concessione</strong></span> <span class='ocrx_word' id='word_1_266' title='bbox 526 3995 737 4103; x_wconf 88' lang='lat' dir='ltr'><strong>pontificis.</strong></span> <span class='ocrx_word' id='word_1_267' title='bbox 770 3997 980 4105; x_wconf 86' lang='lat' dir='ltr'><strong>largitione</strong></span> <span class='ocrx_word' id='word_1_268' title='bbox 1009 4025 1162 4105; x_wconf 82' lang='lat' dir='ltr'><strong>regum.</strong></span> <span class='ocrx_word' id='word_1_269' title='bbox 1193 4004 1231 4078; x_wconf 89' lang='grc'><strong>8(</strong></span> <span class='ocrx_word' id='word_1_270' title='bbox 1260 3999 1500 4110; x_wconf 88' lang='lat' dir='ltr'><strong>principum.</strong></span> <span class='ocrx_word' id='word_1_271' title='bbox 1531 3997 1596 4082; x_wconf 86' lang='lat' dir='ltr'><strong>uel</strong></span> <span class='ocrx_word' id='word_1_272' title='bbox 1625 3999 1830 4083; x_wconf 87' lang='lat' dir='ltr'><strong>oblatione</strong></span> <span class='ocrx_word' id='word_1_273' title='bbox 1865 3998 1911 4076; x_wconf 85' lang='lat' dir='ltr'><strong>fi-</strong></span> 
     </span>
     <span class='ocr_line' id='line_1_31' title="bbox 117 4103 1956 4220; baseline 0.002 -34"><span class='ocrx_word' id='word_1_274' title='bbox 117 4105 280 4187; x_wconf 92' lang='lat' dir='ltr'><strong>delium.</strong></span> <span class='ocrx_word' id='word_1_275' title='bbox 317 4133 387 4186; x_wconf 89' lang='lat' dir='ltr'><strong>seu</strong></span> <span class='ocrx_word' id='word_1_276' title='bbox 422 4103 508 4185; x_wconf 90' lang='lat' dir='ltr'><strong>aliis</strong></span> <span class='ocrx_word' id='word_1_277' title='bbox 543 4107 655 4186; x_wconf 88' lang='lat' dir='ltr'><strong>iustis</strong></span> <span class='ocrx_word' id='word_1_278' title='bbox 692 4105 821 4188; x_wconf 89' lang='lat' dir='ltr'><strong>modis</strong></span> <span class='ocrx_word' id='word_1_279' title='bbox 856 4125 1058 4217; x_wconf 90' lang='lat' dir='ltr'><strong>prestante</strong></span> <span class='ocrx_word' id='word_1_280' title='bbox 1093 4107 1257 4190; x_wconf 90' lang='lat' dir='ltr'><strong>domino</strong></span> <span class='ocrx_word' id='word_1_281' title='bbox 1293 4111 1473 4220; x_wconf 86' lang='lat' dir='ltr'><strong>poterint</strong></span> <span class='ocrx_word' id='word_1_282' title='bbox 1501 4108 1678 4216; x_wconf 84' lang='lat' dir='ltr'><strong>adipisci.</strong></span> <span class='ocrx_word' id='word_1_283' title='bbox 1716 4111 1770 4190; x_wconf 86' lang='lat' dir='ltr'><strong>eis</strong></span> <span class='ocrx_word' id='word_1_284' title='bbox 1799 4107 1912 4188; x_wconf 89' lang='lat' dir='ltr'><strong>firma</strong></span> <span class='ocrx_word' id='word_1_285' title='bbox 1951 4181 1956 4189; x_wconf 84' lang='lat'><strong>.</strong></span> 
     </span>
     <span class='ocr_line' id='line_1_32' title="bbox 116 4216 1911 4331; baseline 0.001 -34"><span class='ocrx_word' id='word_1_286' title='bbox 116 4219 284 4326; x_wconf 90' lang='lat' dir='ltr'><strong>suisque</strong></span> <span class='ocrx_word' id='word_1_287' title='bbox 313 4216 608 4306; x_wconf 88' lang='lat' dir='ltr'><strong>successoribus</strong></span> <span class='ocrx_word' id='word_1_288' title='bbox 637 4217 790 4300; x_wconf 89' lang='lat' dir='ltr'><strong>illibata</strong></span> <span class='ocrx_word' id='word_1_289' title='bbox 818 4237 1078 4328; x_wconf 92' lang='lat' dir='ltr'><strong>permaneant</strong></span> <span class='ocrx_word' id='word_1_290' title='bbox 1091 4218 1135 4330; x_wconf 86' lang='lat'><strong>*).</strong></span> <span class='ocrx_word' id='word_1_291' title='bbox 1167 4220 1209 4301; x_wconf 90' lang='lat' dir='ltr'><strong>Si</strong></span> <span class='ocrx_word' id='word_1_292' title='bbox 1251 4248 1332 4330; x_wconf 87' lang='lat' dir='ltr'><strong>qua</strong></span> <span class='ocrx_word' id='word_1_293' title='bbox 1359 4220 1483 4330; x_wconf 82' lang='lat' dir='ltr'><strong>igitur</strong></span> <span class='ocrx_word' id='word_1_294' title='bbox 1511 4217 1624 4331; x_wconf 88' lang='lat' dir='ltr'><strong>quod</strong></span> <span class='ocrx_word' id='word_1_295' title='bbox 1650 4218 1757 4304; x_wconf 85' lang='lat' dir='ltr'><strong>absit</strong></span> <span class='ocrx_word' id='word_1_296' title='bbox 1785 4218 1911 4300; x_wconf 89' lang='lat' dir='ltr'><strong>eccle·</strong></span> 
     </span>
     <span class='ocr_line' id='line_1_33' title="bbox 111 4326 1911 4439; baseline 0.001 -29"><span class='ocrx_word' id='word_1_297' title='bbox 111 4331 276 4410; x_wconf 87' lang='lat' dir='ltr'><strong>siastica</strong></span> <span class='ocrx_word' id='word_1_298' title='bbox 304 4326 546 4412; x_wconf 88' lang='lat' dir='ltr'><strong>secularisuc</strong></span> <span class='ocrx_word' id='word_1_299' title='bbox 575 4355 745 4436; x_wconf 90' lang='lat' dir='ltr'><strong>persona</strong></span> <span class='ocrx_word' id='word_1_300' title='bbox 773 4329 877 4413; x_wconf 92' lang='lat' dir='ltr'><strong>hauc</strong></span> <span class='ocrx_word' id='word_1_301' title='bbox 905 4349 1043 4420; x_wconf 85' lang='lat' dir='ltr'><strong>nostre</strong></span> <span class='ocrx_word' id='word_1_302' title='bbox 1072 4326 1370 4418; x_wconf 84' lang='lat' dir='ltr'><strong>constitutionis</strong></span> <span class='ocrx_word' id='word_1_303' title='bbox 1399 4329 1693 4418; x_wconf 86' lang='lat' dir='ltr'><strong>&amp;donationis</strong></span> <span class='ocrx_word' id='word_1_304' title='bbox 1722 4333 1911 4439; x_wconf 84' lang='lat' dir='ltr'><strong>paginam</strong></span> 
     </span>
     <span class='ocr_line' id='line_1_34' title="bbox 111 4439 1908 4550; baseline 0.002 -31"><span class='ocrx_word' id='word_1_305' title='bbox 111 4441 171 4526; x_wconf 86' lang='lat' dir='ltr'><strong>ui.</strong></span> <span class='ocrx_word' id='word_1_306' title='bbox 211 4441 277 4520; x_wconf 90' lang='lat' dir='ltr'><strong>uel</strong></span> <span class='ocrx_word' id='word_1_307' title='bbox 313 4456 398 4520; x_wconf 90' lang='lat' dir='ltr'><strong>arte</strong></span> <span class='ocrx_word' id='word_1_308' title='bbox 427 4439 648 4547; x_wconf 83' lang='lat' dir='ltr'><strong>infringere</strong></span> <span class='ocrx_word' id='word_1_309' title='bbox 677 4445 945 4550; x_wconf 85' lang='lat' dir='ltr'><strong>temptauerit.</strong></span> <span class='ocrx_word' id='word_1_310' title='bbox 981 4449 1021 4525; x_wconf 94' lang='grc'><strong>8(</strong></span> <span class='ocrx_word' id='word_1_311' title='bbox 1050 4442 1238 4530; x_wconf 86' lang='lat' dir='ltr'><strong>secundo.</strong></span> <span class='ocrx_word' id='word_1_312' title='bbox 1267 4443 1446 4530; x_wconf 87' lang='lat' dir='ltr'><strong>tercioue</strong></span> <span class='ocrx_word' id='word_1_313' title='bbox 1475 4442 1725 4527; x_wconf 80' lang='lat' dir='ltr'><strong>commonita</strong></span> <span class='ocrx_word' id='word_1_314' title='bbox 1763 4442 1796 4530; x_wconf 90' lang='lat' dir='ltr'><strong>si</strong></span> <span class='ocrx_word' id='word_1_315' title='bbox 1825 4471 1908 4525; x_wconf 89' lang='lat' dir='ltr'><strong>non</strong></span> 
     </span>
     <span class='ocr_line' id='line_1_35' title="bbox 111 4550 1907 4666; baseline 0.003 -36"><span class='ocrx_word' id='word_1_316' title='bbox 111 4550 387 4632; x_wconf 78' lang='lat' dir='ltr'><strong>satisfactione</strong></span> <span class='ocrx_word' id='word_1_317' title='bbox 415 4579 593 4660; x_wconf 86' lang='lat' dir='ltr'><strong>congrua</strong></span> <span class='ocrx_word' id='word_1_318' title='bbox 621 4553 907 4636; x_wconf 88' lang='lat' dir='ltr'><strong>emendaucrit.</strong></span> <span class='ocrx_word' id='word_1_319' title='bbox 942 4557 1150 4666; x_wconf 90' lang='lat' dir='ltr'><strong>potestatis</strong></span> <span class='ocrx_word' id='word_1_320' title='bbox 1177 4554 1425 4666; x_wconf 89' lang='lat' dir='ltr'><strong>honorisque</strong></span> <span class='ocrx_word' id='word_1_321' title='bbox 1453 4554 1516 4640; x_wconf 83' lang='lat' dir='ltr'><strong>sui</strong></span> <span class='ocrx_word' id='word_1_322' title='bbox 1544 4551 1739 4658; x_wconf 85' lang='lat' dir='ltr'><strong>dignitate</strong></span> <span class='ocrx_word' id='word_1_323' title='bbox 1767 4570 1907 4642; x_wconf 83' lang='lat' dir='ltr'><strong>careat.</strong></span> 
     </span>
     <span class='ocr_line' id='line_1_36' title="bbox 114 4660 1908 4776; baseline 0.002 -34"><span class='ocrx_word' id='word_1_324' title='bbox 114 4689 310 4772; x_wconf 88' lang='lat' dir='ltr'><strong>reamque</strong></span> <span class='ocrx_word' id='word_1_325' title='bbox 338 4688 380 4742; x_wconf 90' lang='lat' dir='ltr'><strong>se</strong></span> <span class='ocrx_word' id='word_1_326' title='bbox 408 4660 549 4742; x_wconf 92' lang='lat' dir='ltr'><strong>diuino</strong></span> <span class='ocrx_word' id='word_1_327' title='bbox 579 4662 727 4746; x_wconf 92' lang='lat' dir='ltr'><strong>iudicio</strong></span> <span class='ocrx_word' id='word_1_328' title='bbox 755 4667 928 4752; x_wconf 86' lang='lat' dir='ltr'><strong>existere</strong></span> <span class='ocrx_word' id='word_1_329' title='bbox 961 4666 1012 4748; x_wconf 90' lang='lat' dir='ltr'><strong>de</strong></span> <span class='ocrx_word' id='word_1_330' title='bbox 1041 4681 1273 4776; x_wconf 87' lang='lat' dir='ltr'><strong>perpetrata</strong></span> <span class='ocrx_word' id='word_1_331' title='bbox 1286 4665 1499 4775; x_wconf 85' lang='lat' dir='ltr'><strong>iniquitate</strong></span> <span class='ocrx_word' id='word_1_332' title='bbox 1514 4681 1741 4772; x_wconf 85' lang='lat' dir='ltr'><strong>cognoscat.</strong></span> <span class='ocrx_word' id='word_1_333' title='bbox 1757 4669 1796 4756; x_wconf 82' lang='lat'>&amp;</span> <span class='ocrx_word' id='word_1_334' title='bbox 1810 4695 1832 4745; x_wconf 89' lang='lat' dir='ltr'><strong>a</strong></span> <span class='ocrx_word' id='word_1_335' title='bbox 1845 4693 1908 4745; x_wconf 88' lang='lat' dir='ltr'><strong>sa·</strong></span> 
     </span>
     <span class='ocr_line' id='line_1_37' title="bbox 110 4774 2040 4896; baseline 0.002 -44"><span class='ocrx_word' id='word_1_336' title='bbox 110 4801 187 4854; x_wconf 89' lang='lat' dir='ltr'><strong>cro</strong></span> <span class='ocrx_word' id='word_1_337' title='bbox 217 4799 391 4882; x_wconf 89' lang='lat' dir='ltr'><strong>corpore</strong></span> <span class='ocrx_word' id='word_1_338' title='bbox 420 4777 458 4853; x_wconf 91' lang='grc'><strong>8(</strong></span> <span class='ocrx_word' id='word_1_339' title='bbox 485 4775 677 4882; x_wconf 86' lang='lat' dir='ltr'><strong>sanguine</strong></span> <span class='ocrx_word' id='word_1_340' title='bbox 706 4775 772 4858; x_wconf 88' lang='lat' dir='ltr'><strong>dei</strong></span> <span class='ocrx_word' id='word_1_341' title='bbox 801 4783 842 4860; x_wconf 86' lang='grc'><strong>8(</strong></span> <span class='ocrx_word' id='word_1_342' title='bbox 867 4775 1024 4864; x_wconf 88' lang='lat' dir='ltr'><strong>domini</strong></span> <span class='ocrx_word' id='word_1_343' title='bbox 1052 4777 1180 4862; x_wconf 86' lang='lat' dir='ltr'><strong>nostri</strong></span> <span class='ocrx_word' id='word_1_344' title='bbox 1208 4777 1292 4858; x_wconf 91' lang='lat' dir='ltr'><strong>iesu</strong></span> <span class='ocrx_word' id='word_1_345' title='bbox 1321 4774 1457 4877; x_wconf 85' lang='lat' dir='ltr'><strong>christi</strong></span> <span class='ocrx_word' id='word_1_346' title='bbox 1490 4774 1620 4860; x_wconf 88' lang='lat' dir='ltr'><strong>aliena</strong></span> <span class='ocrx_word' id='word_1_347' title='bbox 1663 4775 1741 4862; x_wconf 86' lang='lat' dir='ltr'><strong>fiat.</strong></span> <span class='ocrx_word' id='word_1_348' title='bbox 1787 4795 1908 4886; x_wconf 90' lang='lat' dir='ltr'><strong>atque</strong></span> <span class='ocrx_word' id='word_1_349' title='bbox 2030 4875 2040 4896; x_wconf 83' lang='lat'><strong>.</strong></span> 
     </span>
    </p>
   </div>
   <div class='ocr_carea' id='block_1_8' title="bbox 109 4955 392 4978">
    <p class='ocr_par' dir='ltr' id='par_1_9' title="bbox 109 4955 392 4978">
     <span class='ocr_line' id='line_1_38' title="bbox 109 4955 392 4978; baseline 0 -6"><span class='ocrx_word' id='word_1_350' title='bbox 109 4955 392 4978; x_wconf 48' lang='grc' dir='ltr'><strong>Μ</strong></span> 
     </span>
    </p>
   </div>
   <div class='ocr_carea' id='block_1_9' title="bbox 198 4963 1707 5112">
    <p class='ocr_par' dir='ltr' id='par_1_10' title="bbox 198 4963 1707 5112">
     <span class='ocr_line' id='line_1_39' title="bbox 198 4963 1707 5112; baseline 0.003 -37"><span class='ocrx_word' id='word_1_351' title='bbox 198 5015 223 5094; x_wconf 81' lang='lat'><strong>*)</strong></span> <span class='ocrx_word' id='word_1_352' title='bbox 244 5015 309 5077; x_wconf 89' lang='lat' dir='ltr'><strong>Det</strong></span> <span class='ocrx_word' id='word_1_353' title='bbox 329 4963 464 5098; x_wconf 82' lang='lat' dir='ltr'><strong>lb’ljande</strong></span> <span class='ocrx_word' id='word_1_354' title='bbox 483 5016 518 5078; x_wconf 83' lang='lat' dir='ltr'><strong>el</strong></span> <span class='ocrx_word' id='word_1_355' title='bbox 534 5015 725 5102; x_wconf 77' lang='lat' dir='ltr'><strong>handlingen</strong></span> <span class='ocrx_word' id='word_1_356' title='bbox 745 5027 780 5084; x_wconf 74' lang='lat' dir='ltr'><strong>ar</strong></span> <span class='ocrx_word' id='word_1_357' title='bbox 800 5021 931 5084; x_wconf 74' lang='lat' dir='ltr'><strong>slirilvet</strong></span> <span class='ocrx_word' id='word_1_358' title='bbox 950 5019 1022 5084; x_wconf 87' lang='lat' dir='ltr'><strong>med</strong></span> <span class='ocrx_word' id='word_1_359' title='bbox 1044 5019 1188 5084; x_wconf 68' lang='lat' dir='ltr'><strong>mertare</strong></span> <span class='ocrx_word' id='word_1_360' title='bbox 1208 5013 1309 5095; x_wconf 75' lang='lat' dir='ltr'><strong>blut,</strong></span> <span class='ocrx_word' id='word_1_361' title='bbox 1329 5035 1400 5080; x_wconf 86' lang='lat' dir='ltr'><strong>men</strong></span> <span class='ocrx_word' id='word_1_362' title='bbox 1422 5016 1459 5080; x_wconf 83' lang='lat' dir='ltr'><strong>al</strong></span> <span class='ocrx_word' id='word_1_363' title='bbox 1475 5035 1592 5112; x_wconf 66' lang='lat' dir='ltr'><strong>umine</strong></span> <span class='ocrx_word' id='word_1_364' title='bbox 1611 5015 1707 5082; x_wconf 87' lang='lat' dir='ltr'><strong>hand.</strong></span> 
     </span>
    </p>
   </div>
   <div class='ocr_carea' id='block_1_10' title="bbox 0 0 2190 5944">
    <p class='ocr_par' dir='ltr' id='par_1_11' title="bbox 0 0 2190 5944">
     <span class='ocr_line' id='line_1_40' title="bbox 0 0 2190 5944; baseline 0 0"><span class='ocrx_word' id='word_1_365' title='bbox 0 0 2190 5944; x_wconf 95' lang='lat' dir='ltr'><strong> </strong></span> 
     </span>
    </p>
   </div>
  </div>
 </body>
</html>
