4406 5966
736 461 1070 597 ,ιι-,703
1181 462 1317 527 -“

96 635 285 812 Ι85ἰν
504 839 511 848 ,
681 691 904 833 ,1251
953 689 1003 800 d.
1053 692 1313 843 etSept.
1714 693 1992 822 suana„⁸

2 876 5 977 f
207 916 292 986 Kcn.
311 867 408 984 Astu
420 916 440 984 ‚i
459 911 623 982 Denmark
642 907 842 998 Fltrcrdning
861 929 915 978 om
934 911 1065 980 utum
1083 911 1271 999 ertaggmdc
1290 911 1345 982 vid
1364 911 1502 984 Skaubrs
1520 916 1684 986 mutum
1768 931 1771 936 '

183 1065 188 1082 .
441 1068 445 1086 .
871 1027 876 1040 '
1576 1032 1802 1109 humb

13 1263 15 1273 Ι
291 1171 418 1264 Astu,
448 1167 527 1250 Dei
554 1165 686 1285 gratia
712 1165 922 1282 Dacorum
950 1155 1270 1279 Sclauorumque
1299 1169 1404 1269 Rex,
1446 1170 1542 1256 Dux
1581 1172 1713 1269 lutis,
1741 1173 1932 1260 omnibus
2068 1257 2072 1266 .

13 1276 15 1288 '
133 1285 203 1368 hoc
236 1281 432 1393 scriptum
461 1275 722 1363 cernentibus
748 1278 918 1361 salutem
945 1279 991 1360 iu
1018 1294 1275 1389 perpetuum.
1304 1279 1484 1392 Tempus
1507 1298 1568 1366 est
1595 1311 1783 1368 mensura
1797 1301 1947 1386 motus„

134 1421 264 1480 rerum
292 1391 569 1492 mutabilium,
603 1390 756 1475 idcirco
784 1388 956 1473 discrete
985 1387 1172 1473 decreuit
1198 1391 1438 1503 antiquitas,
1466 1411 1512 1476 vt
1534 1423 1600 1497 ea,
1628 1425 1709 1508 quc
1729 1413 1934 1510 geruntur

2 1504 4 1517 ⁴
132 1508 202 1591 sub
229 1521 429 1614 tempore,
460 1533 512 1587 ue
540 1499 658 1586 simul
687 1497 877 1586 labantur
909 1525 1003 1582 cum
1031 1517 1233 1613 tempore,
1276 1501 1485 1598 literarum
1514 1508 1747 1592 testimonio
1775 1515 1931 1622 recipc-
2063 1583 2066 1588 .
2112 1520 2116 1534 '

13 1625 15 1634 ⁴
106 1633 218 1701 «rent
245 1617 556 1698 firmamentum.
603 1608 670 1696 Ad
702 1608 951 1696 reuocandas
987 1608 1113 1722 igitur
1155 1615 1458 1713 contentiones,
1501 1615 1593 1698 lites
1620 1637 1663 1701 et
1691 1618 1930 1720 discordias,

7 1741 15 1778 ⁴
132 1757 202 1811 uec
235 1755 320 1810 nou
347 1729 468 1811 etiem
497 1719 680 1837 perjuria
709 1747 837 1834 super
877 1719 1081 1807 solutione
1123 1724 1304 1807 thelonei
1331 1726 1376 1806 iu
1404 1726 1599 1810 nundinis
1628 1731 1817 1830 Sonuere,
1847 1759 1930 1842 que
2047 1743 2055 1758 '

132 1839 345 1952 alicprando
373 1839 526 1930 fiebant
554 1836 607 1918 ab
637 1837 704 1934 iis,
745 1837 819 1947 qui
860 1832 1177 1920 Viudlaudsfare
1219 1833 1435 1937 dicuntur,
1474 1865 1557 1950 que
1584 1839 1751 1949 quidem
1788 1845 1931 1954 ⁴sepius

3 1967 11 2070 ’ἶ
131 1951 287 2034 minime
320 1947 517 2033 committi
544 1958 716 2058 possunt
744 1949 830 2028 sine
858 1941 1101 2033 discrimine
1120 1957 1162 2029 et
1190 1948 1373 2057 periculo
1402 1974 1487 2032 nou
1506 1947 1667 2035 modico
1692 1953 1931 2053 animarum,
2016 2053 2022 2060 ι

4 2079 12 2173 g
130 2061 259 2144 taliter
286 2061 393 2144 iuter
419 2089 495 2144 uos
523 2076 565 2142 et
593 2054 773 2158 eosdem,
802 2059 1022 2142 accedente
1049 2076 1192 2141 nostro
1220 2069 1262 2141 et
1290 2086 1433 2144 eorum
1466 2085 1686 2163 consensu,
1729 2061 1930 2148 delibera·

4 2176 10 2206 ¹
129 2175 235 2257 ticu'e
262 2171 481 2256 sufficienti
525 2166 727 2269 adhibita,
764 2170 861 2267 satis
904 2168 1078 2278 prouide
1107 2165 1150 2252 iu
1189 2167 1434 2281 perpetuum
1463 2183 1524 2254 est
1556 2190 1773 2274 statutum,
1815 2173 1932 2288 quod

2 2271 8 2321 ²
129 2287 176 2370 de
204 2277 392 2395 quolibet
420 2285 632 2393 Coggoue,
666 2273 742 2392 qui
768 2272 822 2361 ad
850 2295 986 2389 partes
1028 2280 1301 2366 occidentales
1329 2280 1382 2365 de
1409 2285 1586 2370 Scauore
1628 2285 1815 2387 redierit,
1855 2289 1932 2370 tri·

2 2389 5 2435 ³
127 2397 236 2508 ginta
265 2393 349 2477 duo
377 2394 497 2476 solidi
525 2393 728 2476 bonorum
762 2390 1053 2500 sterlingorum
1095 2387 1405 2502 persoluautur:
1436 2396 1480 2477 Si
1508 2423 1607 2479 vero
1636 2397 1689 2481 ad
1715 2397 1931 2483 orientales
2032 2409 2037 2418 '

125 2525 258 2620 partes
286 2506 492 2602 decliuare
520 2503 667 2617 aliquis
695 2501 1023 2614 desupradictis
1045 2504 1243 2603 noluerit,
1271 2521 1314 2587 ct
1341 2533 1466 2616 super
1495 2505 1574 2592 hcc
1616 2538 1668 2592 ex
1710 2525 1827 2619 parte
1856 2535 1940 2592 uo··

2 2631 5 2709 ζ
125 2637 205 2702 stra
233 2619 455 2730 requisitus
482 2616 761 2726 jurameutum
788 2606 1024 2724 prostiterit
1040 2615 1271 2726 corporale,
1313 2615 1426 2729 quod
1461 2616 1544 2702 illic
1573 2622 1626 2703 sit
1654 2622 1817 2720 tertius,
1830 2621 1931 2705 ·duo

3 2731 11 2780 ³·
110 2730 240 2816 solidi
269 2731 321 2812 de
349 2728 533 2842 qualibet
550 2744 663 2811 'testa
692 2744 854 2809 monete
883 2721 1110 2810 Scanieusis
1139 2729 1392 2838 recipiantur
1420 2731 1581 2814 ratione
1607 2729 1757 2816 telonei
1785 2729 1838 2814 ab
1851 2761 1930 2817 eo·

3 2845 4 2890 l
124 2841 223 2926 dem.
253 2843 296 2924 st
323 2870 422 2923 vero
451 2840 600 2951 aliquis
629 2837 815 2922 fraudem
844 2838 887 2918 iu
915 2840 1120 2948 premissis
1147 2839 1308 2940 lecerit,
1339 2857 1380 2922 et
1407 2869 1533 2953 super
1560 2837 1639 2926 hoc
1662 2863 1853 2954 repertus
1888 2862 1931 2927 et
2036 2886 2045 2898 1

52 3037 58 3044 ,
123 2955 334 3040 conuictus
363 2951 505 3051 fuerit,
539 2954 649 3035 bona
679 2952 805 3060 ipsius
835 2947 888 3031 ad
916 2976 1012 3033 vsus
1039 2968 1199 3034 nostros
1228 2950 1505 3035 deuolucntur
1547 2958 1756 3058 vuiuersa3
1795 2956 1930 3065 quisi

63 3157 72 3166 ‚
122 3065 173 3148 ad
202 3093 372 3174 regnum
400 3081 585 3146 nostrum
613 3062 747 3144 redire
776 3051 970 3162 uoluerit,
999 3077 1040 3146 et
1069 3081 1254 3145 nostrum
1271 3061 1465 3146 nuncium
1493 3063 1546 3147 ad
1571 3083 1726 3148 'terram
1743 3081 1814 3148 aut
1829 3067 1930 3148 ciui·

119 3193 267 3274 tatem,
297 3179 340 3258 in
368 3202 451 3287 qua
479 3174 658 3272 habitat,
688 3173 911 3256 miserimus
938 3202 1017 3285 pro
1045 3173 1202 3284 justitia
1231 3175 1286 3255 ab
1315 3179 1405 3285 ipso
1420 3177 1657 3276 obtinenda,
1685 3178 1837 3260 nuncio
1855 3204 1931 3261 uo·
1960 3247 1964 3252 .

119 3305 204 3372 stro
233 3316 326 3370 eum
353 3285 544 3368 omuibus
573 3287 692 3370 bonis
718 3285 802 3366 suis
830 3287 981 3398 exponi
1003 3285 1125 3370 debet
1153 3318 1178 3370 a
1205 3289 1289 3368 suis
1311 3287 1562 3371 couciuibus.
1596 3289 1685 3370 Hoc
1700 3291 1808 3371 enim
1836 3317 1931 3399 prc-

118 3398 195 3482 fati
222 3396 516 3480 Viudlaudsfar
545 3397 714 3479 firmiter
741 3399 1035 3506 promiserunt,
1065 3401 1138 3510 qui
1167 3417 1370 3510 presentes
1413 3399 1695 3509 impetrarunt.
1758 3403 1802 3484 Si
1829 3426 1930 3483 vero
2010 3461 2019 3478 .

117 3513 308 3594 concines
336 3512 463 3621 ipsius
489 3509 742 3620 negligentes
769 3509 813 3588 iu
841 3508 920 3590 hoc
947 3512 1179 3608 extiterint,
1208 3537 1284 3592 uec
1311 3514 1547 3594 curaueriut
1569 3513 1689 3594 uobis
1717 3541 1741 3592 a
1770 3512 1929 3621 prefato

116 3623 316 3734 justitiam
345 3639 611 3732 extorquere,
638 3619 717 3702 toti
760 3629 867 3700 terre
896 3645 967 3700 seu
1009 3622 1186 3719 ciuitati,
1228 3624 1273 3703 iu
1299 3633 1383 3732 q'ua
1411 3622 1582 3723 habitat,
1632 3621 1755 3704 debet
1782 3626 1928 3706 merito

4 3767 5 3770 ‘
115 3738 326 3846 imputari.
358 3732 619 3844 Quicumque
645 3732 768 3813 etiam
796 3723 848 3810 ad
876 3729 1052 3840 prefatas
1082 3727 1286 3815 nundinas
1314 3732 1367 3815 de
1395 3730 1514 3816 dictis
1529 3731 1929 3816 Viudlaudsfarcum

116 3850 222 3932 naui
245 3873 318 3928 sua
348 3860 389 3926 et
417 3843 500 3928 suis
528 3842 739 3926 deuenerit
765 3842 1021 3941 mercaturis,
1049 3860 1091 3925 et
1118 3845 1212 3928 iude
1240 3843 1294 3926 ad
1308 3847 1348 3927 N
1349 3847 1567 3953 orwegiam
1583 3847 1757 3926 transire
1785 3845 1926 3927 vol'ue·
1959 3897 1962 3904 Δ

113 3961 193 4057 rit,
221 3985 296 4041 uec
324 3983 460 4039 secum
487 3951 615 4066 halec,
644 3953 716 4038 scd
743 3979 927 4062 pannum
955 3954 1107 4038 lineum
1135 3973 1177 4038 et
1205 3958 1262 4038 sal
1290 3983 1363 4037 seu
1391 3956 1512 4037 etiam
1536 3955 1726 4039 victualia
1756 3983 1829 4037 sua
1856 3956 1928 4039 de·

111 4070 270 4169 tulerit,
300 4097 323 4150 a
349 4066 500 4168 telonei
528 4068 767 4178 grauamiue
794 4064 847 4146 sit
875 4065 1076 4168 immunis;
1106 4068 1164 4149 ita
1191 4085 1326 4149 tamen
1356 4064 1471 4176 quod
1503 4067 1758 4149 Camerarius
1788 4083 1926 4150 noster

112 4183 185 4265 vel
213 4180 317 4262 alius
345 4206 398 4261 ex,
423 4193 541 4289 parte
569 4194 707 4261 nostra
749 4175 814 4256 vel
858 4177 983 4285 ipsius
1027 4204 1153 4262 naues
1197 4183 1378 4289 ipsorum
1407 4191 1447 4260 et
1474 4177 1696 4262 eorundem
1735 4195 1927 4262 contenta

108 4294 280 4404 copiam
308 4290 457 4372 habeat
485 4285 781 4399 perscrutandi.
818 4287 1008 4372 Ceterum
1036 4319 1128 4372 cum
1159 4293 1292 4400 sepius
1333 4291 1645 4400 progenitorum
1692 4306 1927 4372 nostrorum

108 4403 374 4516 temporibus
398 4402 526 4512 passis
554 4401 810 4511 naufragium
838 4398 1033 4484 violentia
1061 4401 1313 4483 inferebatur
1340 4411 1384 4482 et
1410 4401 1582 4516 injuria,
1620 4403 1853 4500 statuimus,
1881 4417 1927 4483 vt

109 4516 368 4626 quicumque
407 4511 666 4623 naufragium
708 4509 889 4622 perpessi
917 4511 1088 4610 luerint,
1116 4513 1228 4594 bona
1255 4511 1444 4596 vuiuersa
1475 4514 1602 4598 libere
1630 4513 1816 4613 habeant,
1844 4539 1928 4625 que

108 4627 279 4708 saluere
307 4641 349 4706 et
372 4625 528 4733 eripere
556 4641 729 4736 possunt
754 4623 934 4732 propriis
961 4623 1171 4708 laboribus
1199 4641 1240 4708 et
1267 4627 1478 4736 expensis,
1506 4652 1581 4709 uec
1596 4645 1759 4708 exactor
1786 4643 1926 4712 noster
2065 4679 2069 4686 ,

106 4762 194 4821 eeu
220 4735 372 4848 aliquis
396 4734 498 4818 ulter
525 4735 647 4820 mue
666 4736 794 4846 *bonis
827 4732 1051 4819 eorundem
1092 4737 1149 4821 sic
1177 4737 1327 4849 ereptis
1372 4733 1628 4851 aliquatenus
1662 4738 1923 4820 intromittat.
1984 4745 1988 4750 '

153 4985 187 5061 *)
208 4979 300 5046 Estcr.
318 4999 357 5048 en
376 4975 499 5042 elskrill
518 4987 592 5044 ntur
613 4976 957 5064 slavia-Hobteimke
978 4975 1257 5046 canti-archites
