4362 5946
803 475 1218 556 -301-

118 719 228 794 terra,
256 687 334 804 pto
361 694 557 776 uitiorum
584 685 747 777 tribulis
774 693 974 802 incipiant
1010 709 1184 800 segetem
1233 693 1460 800 germinare
1487 693 1703 776 uirtutum
1733 696 1774 776 tr
1801 691 1902 778 dicti

114 810 254 892 iratres
283 832 356 915 per
386 806 713 915 cooperationem
742 823 918 886 uestram
952 806 1126 912 suscepti
1161 803 1372 884 ministeri‘
1408 831 1570 889 cursum
1602 804 1760 886 felicius
1802 830 1899 888 eon·

114 916 316 1012 sumando,
345 917 530 998 obtatum
558 934 767 1025 reportent
795 917 858 996 sui
893 915 1042 997 laboris
1078 913 1255 996 fructum
1282 920 1322 995 &
1348 833 1481 1012 ilnem,
1508 917 1677 998 salutem
1707 913 1900 1000 uidelicet
1959 1015 1965 1034 ,

112 1029 337 1113 animarum.
367 1028 475 1130 Quia
504 1054 603 1109 uero
631 1049 723 1136 sepe
751 1030 851 1109 uitia
879 1026 955 1108 sub
984 1027 1116 1134 specie
1158 1027 1359 1108 uirtutum
1400 1025 1557 1108 occulte
1585 1027 1829 1127 subintrant,
1857 1033 1898 1112 &

110 1141 273 1251 angelus
298 1140 463 1221 sathane
493 1141 535 1219 in
562 1140 750 1248 angelum
779 1139 879 1220 lucis
908 1165 950 1219 se
977 1137 1218 1248 plerumque
1249 1139 1433 1220 simulate
1476 1136 1757 1236 transformat,
1803 1167 1898 1248 pre·

108 1253 278 1334 sentium
313 1251 444 1342 uobis,
465 1252 706 1332 auctoritate
741 1249 984 1333 mandamus.
1021 1250 1213 1358 quatinus
1249 1252 1283 1330 si
1318 1250 1392 1360 qui
1420 1248 1471 1330 de
1506 1248 1780 1359 predictorum
1816 1248 1898 1332 ira·
1994 1285 2000 1298 ·

107 1380 212 1445 trum
247 1359 384 1441 ordini
411 1389 452 1442 se
488 1360 667 1444 dieentes
709 1365 752 1444 in
794 1364 939 1443 uestris
975 1362 1158 1469 partibus
1191 1360 1510 1471 predicauerint‚
1551 1359 1603 1443 ad
1641 1378 1828 1471 questum
1854 1390 1898 1445 se

105 1469 382 1584 pecuniarium
397 1473 691 1568 conuertendo,
721 1497 801 1581 per·
819 1471 930 1582 quod
959 1473 1194 1578 religionem
1222 1501 1362 1554 eorum
1389 1473 1462 1583 qui
1490 1487 1797 1581 paupertatem¹
1831 1499 1897 1554 ro-

105 1585 192 1667 lessi
220 1599 318 1667 sunt
345 1585 600 1691 contingeret
627 1585 831 1681 infamari,
859 1611 933 1664 uos
961 1601 1166 1690 tamquam
1207 1583 1388 1664 falsarios
1431 1582 1610 1692 capiatis.
1637 1587 1678 1663 u
1706 1500 1897 1666 condiun-

104 1697 232 1806 pnetis
263 1692 435 1778 eosdem.
466 1697 616 1778 Datum
645 1697 831 1778 Lateran.
863 1695 981 1775 VIIII
1010 1692 1087 1774 kal.
1118 1694 1270 1805 Aprilis
1312 1693 1575 1776 Pontificatus
1615 1694 1748 1807 nostrj
1777 1697 1896 1778 Anno
1941 1689 1978 1810 ‘¹

102 1809 247 1889 Primo.
369 1865 374 1875 -

811 1947 980 2031 Blybullan
1006 1946 1185 2012 bortfsllen.
1226 2027 1229 2036 Ι

103 2314 235 2419 311.
497 2409 502 2418 .
723 2312 1284 2450 1244‚d.a6Mars
1580 2311 1893 2426 „Lareran

175 2535 271 2599 Patr.
293 2533 488 2596 lusocrurrus
510 2531 580 2597 lvts
601 2533 864 2597 Tillstands-Bref
879 2534 930 2596 sot·
950 2533 1188 2618 Styresmannen
1208 2533 1269 2598 och
1290 2532 1448 2597 Bro'derne
1468 2535 1507 2598 ss
1522 2533 1892 2618 Predikare-01uen,ut
1989 2515 1994 2526 ’
2110 2491 2116 2502 ·

208 2617 279 2699 ld,
300 2615 425 2680 utanliir
446 2615 555 2679 Sttider
575 2617 768 2701 elle1·,byar,
789 2617 919 2680 ffinttta
941 2618 1151 2700 Gudstjensten
1171 2617 1225 2681 vid
1245 2627 1289 2681 ett
1308 2615 1450 2702 ilytthart
1469 2617 1574 2682 altare.
1642 2635 1647 2647 '

340 2727 344 2736 ’
1551 2731 1738 2790 mnam
1821 2735 1825 2742 '

241 2971 246 2978 ι
263 2869 534 2950 Juuocsumus
550 2849 762 2975 episcopus
778 2895 918 2949 seruus
934 2897 1145 2952 seruorum
1161 2869 1237 2950 dei.
1269 2869 1434 2951 Dilectis
1462 2867 1556 2978 filijs
1572 2930 1581 2950 .
1599 2929 1607 2948 .
1625 2869 1819 2977 Magistro
1846 2886 1887 2951 et

89 2979 290 3063 fratribus
318 2977 472 3061 ordinis
500 2979 813 3088 predicatorum,
843 2978 1020 3060 Salutem
1050 2986 1090 3060 St
1105 2980 1364 3090 apostolicam
1379 2981 1712 3064 benedictionem.
1743 2983 1886 3061 Postu·

87 3091 201 3174 lastis
233 3119 260 3169 a
288 3091 418 3172 nobis.
447 3107 495 3170 ut
523 3119 615 3172 cum
643 3107 755 3171 extra
785 3091 980 3171 Ciuitates
1008 3097 1048 3171 &
1075 3093 1191 3174 villas
1218 3090 1423 3202 frequenti
1456 3094 1636 3174 existatis
1662 3119 1738 3172 nec
1765 3089 1886 3174 uobis

87 3200 287 3312 expediat
314 3228 388 3309 per
415 3200 645 3306 hujusmodi
676 3201 763 3283 loca
793 3203 1017 3283 discurrere
1045 3231 1122 3310 pro
1165 3202 1315 3284 diuinis
1355 3202 1499 3313 officijs
1544 3201 1756 3286 audiendis
1783 3199 1887 3284 cele·

84 3313 240 3396 brandi
271 3312 388 3394 uobis
416 3311 490 3393 ubi
516 3332 743 3398 conuentus
772 3312 822 3397 de
852 3311 995 3394 ordine
1024 3330 1162 3395 uestro
1196 3313 1321 3394 fuerit
1360 3342 1483 3423 super
1530 3315 1655 3396 altare
1696 3310 1887 3423 portatile

83 3424 296 3508 licentiam
325 3421 594 3528 preberemus.
623 3425 708 3504 Nos
737 3424 929 3505 autemid
950 3428 1094 3506 uestris
1123 3425 1462 3535 postulationibus
1491 3426 1671 3507 inclinati
1697 3421 1886 3506 concedi·

83 3564 184 3620 mus.
215 3539 305 3618 sine
320 3535 416 3614 iuris
433 3531 658 3642 preiudicio
680 3534 813 3614 alieni.
842 3535 953 3616 Nulli
968 3551 1066 3645 'ergo
1095 3541 1168 3618 &c
1196 3552 1334 3619 nostre
1348 3529 1618 3620 concessionis
1632 3543 1705 3620 &c
1735 3538 1885 3617 Datum
2027 3567 2039 3592 0
2105 3645 2119 3667 .

51 3749 57 3760 ·
84 3649 284 3732 Laterani
303 3645 390 3746 ‚Vll
419 3645 509 3726 Kal.
540 3645 702 3753 Aprilis.
731 3645 991 3736 Pontificatus
1019 3647 1148 3756 nostrj
1176 3653 1296 3730 Anno
1325 3643 1470 3728 Primo.

427 3857 431 3866 ,
551 3786 722 3870 Blybullan
740 3787 909 3869 vidhtinger
929 3791 940 3852 i
961 3788 1039 3851 roda
1059 3789 1120 3851 och
1140 3790 1215 3872 gula
1235 3789 1440 3854 silletuddar.

981 3895 1000 3928 l·
1206 3917 1211 3927 ¹
1316 3895 1319 3903 ’
1405 3906 1416 3930 ⁴
1452 3925 1460 3941 t

83 4158 225 4263 312.
721 4169 874 4282 1244
920 4151 967 4258 d.
1018 4193 1091 4259 20
1137 4155 1263 4300 Apr.
1384 4123 1386 4126 ἱ
1652 4155 1883 4275 Lateran.

157 4375 259 4440 Pdfv·
281 4373 475 4438 lnocurmr
487 4372 558 4436 [Vts
568 4373 697 4436 Fiirbud
708 4375 757 4437 tor
768 4375 924 4437 Genernlis
935 4376 1072 4436 Minister
1082 4374 1143 4436 och
1164 4375 1321 4436 Bidderne
1331 4364 1368 4436 'ai
1384 4373 1689 4453 Minoum-Omen,
1709 4374 1881 4453 cumton

169 4456 172 4464 ’
214 4458 322 4539 ndgon
343 4457 425 4538 gdug
444 4457 538 4534 slett,
559 4456 655 4519 bland
676 4459 721 4538 sig
741 4471 878 4544 upptaga
900 4459 1034 4534 Munlar
1054 4459 1092 4519 as
1107 4457 1419 4538 Predilare-Oiden,
1448 4455 1520 4523 med
1540 4455 1663 4523 mindre
1682 4467 1722 4521 tn
1741 4467 1785 4521 stt
1805 4456 1879 4521 Pri·

213 4561 294 4603 oren
314 4539 365 4601 lo'r
384 4538 470 4602 desae
490 4540 594 4602 dertill
616 4539 667 4603 lol'
682 4541 781 4622 gilvit.
1842 4595 1845 4604 ,
1897 4571 1901 4582 ·

1560 4652 1744 4726 Ᾰιῶη

249 4789 521 4870 Junoctttmus
550 4788 764 4898 episcopus
792 4763 931 4865 seruus
960 4813 1170 4868 seruorum
1200 4785 1283 4887 dei,
1313 4784 1478 4870 Dilectis
1507 4786 1637 4898 filijs.
1668 4848 1677 4868 .
1707 4850 1717 4869 .
1745 4788 1879 4872 Gene-
1914 4865 1923 4872 .

55 4901 147 4984 rali
180 4899 376 4980 Ministro
411 4915 451 4980 ct
487 4897 681 4981 fratribus
717 4897 870 5000 ordinis
903 4895 1075 4980 fratrum
1102 4897 1305 4980 Minorum
1335 4897 1522 4996 Salutem,
1549 4916 1590 4982 et
1616 4899 1877 5009 apostolicam

62 5007 420 5098 benedictionem.
449 5011 545 5114 Quo
578 5037 651 5092 uos
668 5011 709 5090 in
726 5006 877 5156 phristo
892 5007 1102 5125 sinceriori
1130 5011 1296 5094 caritate
1311 5008 1534 5120 diligimus,
1558 5040 1611 5151 ‘eo
1635 5009 1801 5136 plenius
1827 5027 1875 5144 ut
