4384 5946
827 333 891 444 --ἱ
996 379 1044 459 61
1159 418 1267 486 -ῥ,

119 659 125 666 .
264 595 401 666 Pdfveus
421 549 578 678 tillltelss,
598 595 650 662 mh
670 595 869 681 offenteligen
889 617 982 680 egnes
1002 599 1102 680 sagon
1122 599 1263 684 dyrksn3
1282 597 1333 662 fflr
1352 593 1465 662 hvilla
1485 595 1550 661 alla
1569 540 1921 677 stadgaisiakttagsnde

262 684 365 747 lofras
386 681 532 744 befrielse
552 681 623 744 frdn
642 679 888 747 Michaelsmtsso
908 681 1028 760 fastan,
1048 683 1198 764 fredeger
1214 684 1351 754 undante
1373 701 1422 760 en,
1433 681 1505 744 med
1519 680 1621 744 tacisti
1642 680 1704 741 else
1714 677 1862 759 slutligeu
1872 679 1923 740 fo‘r

161 771 165 779 '
260 766 498 848 beskiclningen
529 767 541 826 i
572 765 731 848 ttskittiga
758 762 943 850 hligganden
975 766 1049 828 med
1078 701 1543 845 Prestenaicharl‚hvi1ken
1563 786 1595 827 m
1641 764 1705 824 'sin
1725 761 1923 846 liiljeslagare

259 852 313 914 till
333 849 388 914 det
407 849 494 912 basta
515 848 699 916 anbefslles.

1647 958 1680 1015 li.
1698 961 1727 1015 3:
1746 976 1789 1015 ar.

830 1065 1061 1148 Alexander
1091 1066 1221 1149 Illzus.
1345 1101 1350 1114 ¹

297 1225 540 1326 Acamanta
568 1245 782 1356 episcopus
797 1221 952 1348 ¹seruus
969 1329 973 1338 .
990 1274 1202 1328 seruorum
1238 1244 1314 1325 Dei
1343 1242 1564 1326 Karissimo
1593 1242 1636 1322 in
1664 1241 1813 1323 christo
1840 1239 1925 1324 filio

127 1357 179 1440 K.
212 1357 362 1440 illustri
390 1383 592 1440 sweorum
621 1374 661 1437 et
681 1356 907 1462 gothorum
936 1358 1036 1464 Regi
1064 1377 1103 1440 et
1130 1355 1427 1438 venerabilibus
1442 1353 1646 1437 fratribus.
1703 1355 1928 1463 Episcopis:

129 1487 170 1553 et
212 1468 368 1551 dilectis
411 1467 513 1547 filiis.
585 1467 725 1550 Nobili
760 1469 849 1548 viro
884 1468 990 1554 duci.
1026 1473 1214 1552 uniuerso
1249 1469 1359 1550 clero
1396 1483 1437 1546 ct
1465 1467 1620 1575 populo
1648 1492 1722 1575 per
1750 1464 1927 1654 qpthiam

131 1581 365 1680 constitutis
385 1577 553 1659 salutem
583 1596 622 1662 et
647 1581 910 1687 apostolicam
940 1581 1267 1663 benediccionem
1296 1583 1444 1666 Eterna
1458 1595 1499 1658 et
1513 1579 1757 1659 incommuta
1788 1572 1850 1658 ilis
1866 1575 1927 1656 di·

130 1693 219 1772 uini
254 1687 412 1772 consilii
446 1690 712 1797 prouidencia
741 1709 1032 1780 sacrosanctam
1067 1722 1274 1775 romanam
1303 1692 1508 1772 ecclesiam
1536 1690 1715 1771 omnium
1743 1686 1927 1768 ecclesia·

130 1831 232 1883 rum.
269 1801 528 1911 omniumque
558 1801 735 1884 fidelium
764 1821 896 1910 caput.
926 1821 1094 1886 matrem
1122 1823 1163 1885 et
1189 1805 1420 1912 magistram
1447 1830 1532 1884 esse
1552 1801 1768 1882 'constituit
1795 1815 1836 1878 et
1863 1826 1930 1880 su·

79 1957 83 1966 ·
131 1941 204 2022 per
234 1913 428 2022 catholice
457 1931 497 1992 et
525 1913 741 1996 christiane
762 1914 855 1997 fidei
884 1932 1038 2023 petram
1066 1917 1252 2023 protinus
1268 1916 1467 1996 nascentis
1482 1915 1610 1996 erexit
1630 1911 1788 1992 dicente
1803 1907 1932 1990 domi·

132 2053 187 2104 no
217 2022 269 2105 ad
299 2043 460 2131 petrum
488 2023 555 2103 Tu
584 2054 625 2106 es
654 2045 803 2134 petrus.
832 2043 877 2107 et·
902 2055 1023 2134 super
1049 2030 1153 2108 hanc
1181 2048 1335 2135 petram
1355 2022 1550 2108 edificabo
1570 2025 1777 2104 ecelesiam
1791 2048 1931 2104 meam.

134 2154 173 2218 et
201 2153 320 2243 porte
348 2133 469 2220 inferi
497 2161 581 2215 non
610 2137 880 2244 preualebunt
907 2137 1099 2218 aduersus
1127 2167 1225 2220 eam.
1254 2157 1299 2221 et·
1323 2139 1399 2220 tibi
1417 2137 1525 2219 dabo
1540 2137 1674 2217 claues
1697 2133 1812 2240 regni
1827 2131 1932 2213 celo·

134 2275 237 2326 rum.
297 2243 403 2326 Huic
431 2249 536 2328 enim
564 2248 841 2356 apostolorum
868 2250 1045 2357 principi
1073 2250 1116 2330 in
1144 2252 1260 2331 ouius
1288 2248 1481 2334 cathedra
1509 2248 1601 2328 licet
1628 2243 1814 2328 immeriti
1842 2270 1935 2351 pre·

135 2355 308 2439 sidemus
337 2356 474 2438 omnes
502 2386 600 2442 oues
628 2387 730 2445 suas·
749 2361 976 2442 indistinete
1005 2378 1046 2440 et
1074 2361 1351 2469 principaliter
1380 2358 1444 2442 dei
1472 2359 1577 2441 filius
1592 2357 1811 2467 pascendas
1825 2382 1935 2434 com·

2 2525 3 2534 .
137 2471 253 2550 misit.
296 2487 341 2560 vt
381 2468 613 2580 quicunque
657 2468 707 2570 de
736 2470 834 2551 ouili
863 2470 1003 2552 christi
1031 2491 1135 2554 sunt
1165 2469 1270 2582 petri
1297 2471 1525 2581 magisterio
1553 2488 1593 2552 et
1621 2467 1806 2550 doctrine
1838 2464 1935 2544 sub·

136 2581 295 2662 iaceant
329 2605 405 2686 pro
441 2581 555 2660 cuius
582 2580 661 2663 fide
692 2581 917 2689 specialiter
946 2584 1122 2689 Rogasse
1150 2613 1191 2670 se
1220 2577 1405 2691 perhibet
1433 2580 1570 2662 dicens
1599 2581 1686 2686 Ego
1707 2596 1839 2686 prote
1854 2576 1935 2656 Ro·

2 2704 3 2798 ᾗ
138 2693 233 2800 gani
260 2709 374 2804 petre
403 2708 447 2771 vt
474 2719 558 2784 non
586 2693 744 2774 deficiat
773 2692 870 2774 fides
898 2711 966 2773 tua
994 2713 1034 2774 et
1062 2712 1108 2775 tu
1137 2695 1357 2804 aliquando
1387 2717 1605 2774 conuersus
1634 2691 1828 2770 confirma
1856 2684 1937 2766 fra·

2 2845 3 2886 ;
58 2899 63 2910 ,
138 2817 220 2884 tres
249 2821 341 2883 tuos
369 2799 489 2886 Vnde
510 2807 709 2910 'quociens
737 2802 788 2886 de
818 2804 995 2898 articulis
1024 2804 1117 2886 fidei
1144 2807 1212 2888 uel
1226 2799 1844 2891 institucionibusecelesiasticis
1858 2798 1935 2881 du·

2 2947 3 2972 .
140 2913 293 2997 bitatur
341 2912 390 2994 ad
415 2913 657 3020 ¹predictam
700 2916 919 3000 Romanam
959 2915 1166 3006 ecclesiam
1205 2936 1402 3027 tanquam
1443 2915 1508 3004 ad
1537 2927 1706 2994 matrem
1740 2926 1781 2992 et
1810 2910 1936 3018 magi-

2 3089 4 3114 .
141 3039 266 3106 stram
306 3023 401 3105 fidei
443 3021 662 3108 christiane
697 3024 954 3109 confidenter
995 3032 1218 3112 recurritur
1261 3031 1345 3112 cuis
1382 3045 1451 3107 est.
1480 3044 1638 3107 teneros
1674 3026 1717 3104 in
1750 3021 1828 3104 fide
1862 3047 1938 3128 po·

141 3137 271 3245 pulos.
307 3137 434 3218 verbo
478 3135 544 3217 dei
585 3165 758 3246 pascere.
804 3139 1001 3218 instruere
1043 3157 1084 3226 et
1126 3143 1373 3222 confirmare.
1417 3141 1501 3218 sine
1547 3162 1630 3244 qua
1671 3134 1752 3215 lide
1795 3131 1937 3214 videli-

3 3265 5 3356 ξ
142 3269 213 3330 cet·
245 3266 423 3328 testante·
447 3250 645 3358 ‘apostolo
689 3248 934 3354 impossihile
975 3268 1035 3336 est
1070 3251 1237 3360 plaeere·
1257 3251 1336 3332 deo
1371 3252 1481 3330 Inter
1510 3265 1641 3329 cetera
1671 3255 1769 3326 vero
1798 3245 1937 3353 ipsius.

142 3357 422 3486 Redemptopis
461 3360 651 3464 omnium.
680 3361 874 3469 instituta.
905 3361 1034 3468 legem
1067 3363 1313 3470 matrimonij
1342 3364 1385 3442 in
1414 3362 1511 3468 ipsis
1525 3358 1699 3462 humane
1722 3357 1939 3436 creaciohis

3 3489 5 3538 ÷
142 3471 318 3553 exordiis
360 3499 433 3578 per
465 3499 516 3557 ¹se
545 3466 678 3581 ipsum
720 3473 930 3566 instituere
948 3529 952 3538 ·
971 3473 1103 3558 uoluit
1144 3494 1185 3556 et
1232 3502 1399 3554 vxorem
1439 3499 1522 3552 non
1561 3467 1613 3549 de
1650 3467 1727 3547 alia
1761 3467 1937 3546 materia.

3 3597 5 3660 t
142 3603 200 3664 set
230 3581 295 3666 de
330 3585 420 3690 ipsa
449 3585 570 3690 primi
597 3583 769 3676 hominis
797 3583 860 3662 sui
888 3600 997 3664 costa
1025 3583 1229 3666 formauit·
1255 3582 1471 3666 ostendens
1485 3607 1610 3664 vnum
1623 3579 1833 3687 utriusque
1849 3583 1939 3656 cor-3

142 3721 218 3802 pus
254 3721 496 3801 carnemque
531 3694 721 3774 futuram.
763 3692 876 3806 quod
916 3694 1271 3809 postmoduva
1309 3697 1455 3803 spiritu
1499 3692 1618 3772 adam
1659 3693 1745 3799 ipse
1787 3713 1939 3794 cogno»

143 3831 256 3886 scens
291 3809 579 3914 pronuncrauit
621 3805 769 3900 dicens.
834 3805 922 3886 Hoc
951 3834 1059 3888 nunc
1087 3834 1133 3884 os
1161 3806 1212 3888 de
1240 3807 1520 3887 ossibusmeis
1548 3820 1588 3882 ct
1616 3797 1790 3881 carode
1809 3825 1941 3878 »carna

143 3945 242 3998 mea.
316 3920 487 4022 Propter
529 3917 632 3998 hanc
674 3916 876 4024 relinquet
915 3917 1035 3997 homo
1063 3923 1222 4024 patrem
1251 3937 1291 3998 et
1319 3936 1486 3998 matrem
1513 3927 1555 3996 et
1583 3910 1791 3993 adherebit
1818 3909 1940 3989 uxori

144 4056 212 4110 sue
241 4043 283 4106 et
313 4043 435 4128 erunt
453 4025 547 4125 duo
581 4029 773 4124 inparue
798 4055 892 4110 rna.
951 4029 1085 4129 Quod.
1103 4047 1245 4136 postea
1272 4028 1338 4112 dei
1367 4029 1472 4110 filius
1498 4030 1542 4108 in
1557 4024 1784 4106 substancia
1801 4025 1939 4099 nostrd

35 4197 39 4202 -
146 4129 401 4221 mortalitatis
434 4166 633 4246 apparens
669 4141 850 4246 apercius
886 4138 1178 4223 demonstrauit
1206 4157 1247 4222 et
1275 4140 1409 4224 verbis
1437 4139 1529 4220 suis.
1559 4164 1638 4245 que
1672 4132 1759 4212 celd
1777 4146 1827 4210 vet
1857 4145 1940 4209 ter-

3 4249 5 4301 i
145 4279 189 4332 ra
229 4265 467 4332 transeunte
496 4277 581 4348 nen
609 4251 817 4335 transient.
847 4249 988 4332 docuit
1015 4249 1152 4332 dicens
1180 4249 1279 4332 Non
1301 4253 1396 4334 licet
1424 4253 1514 4331 viro
1543 4247 1744 4329 dimittere
1771 4269 1941 4324 uxorem
1981 4279 1984 4286 ¹

150 4389 258 4442 suam
293 4376 463 4468 excepta
499 4389 619 4442 causa
647 4361 947 4453 fornicationis.
985 4362 1176 4470 quodsi
1206 4365 1276 4444 illa
1304 4363 1465 4446 dimissa
1482 4359 1599 4446 aliam
1629 4355 1707 4435 illa=
1725 4355 1942 4461 superstite

22 4542 24 4550 ,
149 4467 316 4560 duxerit.
352 4473 567 4576 vocabitur
601 4472 786 4558 adulter„
814 4486 855 4552 et
874 4473 933 4567 ‚de
961 4473 1296 4568 vxorsqsimiliter
1324 4473 1448 4576 Quod
1477 4471 1600 4551 lacius
1629 4467 1813 4548 doctrina
1842 4491 1942 4570 apo·

148 4583 287 4664 stolica
323 4582 442 4664 docet
471 4599 512 4663 et
540 4585 788 4664 manifestius
815 4600 1079 4691 representat.
1101 4576 1230 4686 ‘'Que
1259 4585 1358 4697 quid
1387 4587 1518 4665 virum
1547 4579 1684 4688 'plures
1712 4581 1861 4656 utores
1888 4575 1942 4653 si·

4 4679 6 4734 :
96 4749 100 4756 ·
147 4695 230 4778 mul
266 4709 345 4776 aut·
366 4692 574 4777 mulierem
603 4696 740 4805 plures
768 4697 877 4804 uiros
905 4694 1056 4783 hahere
1084 4696 1197 4781 nulla
1226 4699 1403 4779 Racione
1433 4691 1630 4803 permittit
1658 4689 1840 4795 Jdeoque
1857 4713 1942 4766 non

149 4803 242 4885 licet
276 4805 442 4886 viuente
475 4809 763 4902 uxore-:eciam
796 4823 967 4915 propter
1002 4807 1317 4894 fornicacionem
1348 4807 1524 4888 dimissa.
1551 4820 1621 4882 aut
1649 4802 1810 4880 viuente
1838 4799 1939 4878 viro.

31 4959 38 4968 ·
150 4912 269 5021 alium
296 4915 365 5000 uel
393 4916 512 4998 aliam
540 4918 705 5014 ducere.
736 4919 847 5024 quia.
876 4918 947 5024 qui
978 4918 1056 5006 hot
1085 4919 1226 5000 fecerit
1251 4918 1459 5000 manifeste
1488 4913 1708 4996 adulterari
1735 4907 1943 4990 conuinci-¹

4 5011 6 5058 ‘
86 5065 91 5072 ·
150 5041 215 5110 tur
242 5031 465 5137 Propterea
493 5027 688 5115 karissimi
717 5026 789 5136 filij
819 5028 946 5138 fugite
973 5027 1298 5112 fornicacionem.
1328 5030 1423 5139 quia
1452 5025 1715 5111 fornicatores
1730 5019 1942 5104 et‘adulte·
