<?xml version="1.0" encoding="UTF-8"?>
<!DOCTYPE html PUBLIC "-//W3C//DTD XHTML 1.0 Transitional//EN"
    "http://www.w3.org/TR/xhtml1/DTD/xhtml1-transitional.dtd">
<html xmlns="http://www.w3.org/1999/xhtml" xml:lang="en" lang="en">
 <head>
  <title>
</title>
<meta http-equiv="Content-Type" content="text/html;charset=utf-8" />
  <meta name='ocr-system' content='tesseract 3.04.00' />
  <meta name='ocr-capabilities' content='ocr_page ocr_carea ocr_par ocr_line ocrx_word'/>
</head>
<body>
  <div class='ocr_page' id='page_1' title='image "./svensktdiplomat00swegoog_0467.png"; bbox 0 0 4404 5960; ppageno 0'>
   <div class='ocr_carea' id='block_1_1' title="bbox 824 409 1239 506">
    <p class='ocr_par' dir='ltr' id='par_1_1' title="bbox 824 409 1239 506">
     <span class='ocr_line' id='line_1_1' title="bbox 824 409 1239 506; baseline -0.005 -30"><span class='ocrx_word' id='word_1_1' title='bbox 824 409 1072 506; x_wconf 64' lang='lat'>...423</span> <span class='ocrx_word' id='word_1_2' title='bbox 1197 453 1239 474; x_wconf 93' lang='grc'><strong>..</strong></span> 
     </span>
    </p>
   </div>
   <div class='ocr_carea' id='block_1_2' title="bbox 112 629 2021 1300">
    <p class='ocr_par' dir='ltr' id='par_1_2' title="bbox 112 629 2021 1300">
     <span class='ocr_line' id='line_1_2' title="bbox 138 629 1930 742; baseline 0.001 -28"><span class='ocrx_word' id='word_1_3' title='bbox 138 634 366 742; x_wconf 83' lang='lat' dir='ltr'><strong>juramento</strong></span> <span class='ocrx_word' id='word_1_4' title='bbox 384 631 697 732; x_wconf 69' lang='lat' dir='ltr'><strong>¹confirmatione</strong></span> <span class='ocrx_word' id='word_1_5' title='bbox 726 629 842 712; x_wconf 90' lang='lat' dir='ltr'><strong>Sedis</strong></span> <span class='ocrx_word' id='word_1_6' title='bbox 870 630 1107 738; x_wconf 89' lang='lat' dir='ltr'><strong>apostolice,</strong></span> <span class='ocrx_word' id='word_1_7' title='bbox 1138 655 1209 712; x_wconf 85' lang='lat' dir='ltr'><strong>seu</strong></span> <span class='ocrx_word' id='word_1_8' title='bbox 1237 653 1494 741; x_wconf 90' lang='lat' dir='ltr'><strong>quacumque</strong></span> <span class='ocrx_word' id='word_1_9' title='bbox 1535 631 1722 714; x_wconf 86' lang='lat' dir='ltr'><strong>firmitate</strong></span> <span class='ocrx_word' id='word_1_10' title='bbox 1762 631 1930 732; x_wconf 77' lang='lat' dir='ltr'><strong>vallato,</strong></span> 
     </span>
     <span class='ocr_line' id='line_1_3' title="bbox 112 739 1931 853; baseline -0.002 -26"><span class='ocrx_word' id='word_1_11' title='bbox 112 746 202 827; x_wconf 67' lang='lat' dir='ltr'><strong>,vel</strong></span> <span class='ocrx_word' id='word_1_12' title='bbox 217 747 263 823; x_wconf 90' lang='lat' dir='ltr'><strong>si</strong></span> <span class='ocrx_word' id='word_1_13' title='bbox 292 744 484 853; x_wconf 79' lang='lat' dir='ltr'><strong>proeliis</strong></span> <span class='ocrx_word' id='word_1_14' title='bbox 513 740 619 822; x_wconf 89' lang='lat' dir='ltr'><strong>idem</strong></span> <span class='ocrx_word' id='word_1_15' title='bbox 647 742 808 850; x_wconf 84' lang='lat' dir='ltr'><strong>scripta</strong></span> <span class='ocrx_word' id='word_1_16' title='bbox 827 757 967 822; x_wconf 86' lang='lat' dir='ltr'><strong>nostra</strong></span> <span class='ocrx_word' id='word_1_17' title='bbox 996 739 1233 838; x_wconf 83' lang='lat' dir='ltr'><strong>direximus,</strong></span> <span class='ocrx_word' id='word_1_18' title='bbox 1278 739 1445 852; x_wconf 75' lang='lat' dir='ltr'><strong>quibusr</strong></span> <span class='ocrx_word' id='word_1_19' title='bbox 1471 742 1658 824; x_wconf 87' lang='lat' dir='ltr'><strong>nolumus</strong></span> <span class='ocrx_word' id='word_1_20' title='bbox 1691 747 1931 826; x_wconf 86' lang='lat' dir='ltr'><strong>auctoritate</strong></span> 
     </span>
     <span class='ocr_line' id='line_1_4' title="bbox 138 851 2021 966; baseline -0.004 -31"><span class='ocrx_word' id='word_1_21' title='bbox 138 858 387 966; x_wconf 87' lang='lat' dir='ltr'><strong>presentium</strong></span> <span class='ocrx_word' id='word_1_22' title='bbox 416 851 684 965; x_wconf 66' lang='lat' dir='ltr'>prejudicium</span> <span class='ocrx_word' id='word_1_23' title='bbox 714 852 916 960; x_wconf 83' lang='lat' dir='ltr'><strong>generari,</strong></span> <span class='ocrx_word' id='word_1_24' title='bbox 952 879 1022 933; x_wconf 90' lang='lat' dir='ltr'><strong>seu</strong></span> <span class='ocrx_word' id='word_1_25' title='bbox 1049 853 1107 934; x_wconf 88' lang='lat' dir='ltr'><strong>si.</strong></span> <span class='ocrx_word' id='word_1_26' title='bbox 1124 852 1491 960; x_wconf 87' lang='lat' dir='ltr'><strong>.Archiepiscop0,·</strong></span> <span class='ocrx_word' id='word_1_27' title='bbox 1521 869 1562 934; x_wconf 91' lang='lat' dir='ltr'><strong>et</strong></span> <span class='ocrx_word' id='word_1_28' title='bbox 1591 854 1783 964; x_wconf 88' lang='lat' dir='ltr'><strong>Capitulo</strong></span> <span class='ocrx_word' id='word_1_29' title='bbox 1819 856 1931 956; x_wconf 83' lang='lat' dir='ltr'><strong>Lun-</strong></span> <span class='ocrx_word' id='word_1_30' title='bbox 2019 923 2021 928; x_wconf 86' lang='lat'><em>.</em></span> 
     </span>
     <span class='ocr_line' id='line_1_5' title="bbox 139 961 1932 1076; baseline -0.002 -27"><span class='ocrx_word' id='word_1_31' title='bbox 139 968 252 1049; x_wconf 91' lang='lat' dir='ltr'><strong>densi</strong></span> <span class='ocrx_word' id='word_1_32' title='bbox 280 995 302 1046; x_wconf 88' lang='lat' dir='ltr'><strong>a</strong></span> <span class='ocrx_word' id='word_1_33' title='bbox 332 965 434 1048; x_wconf 90' lang='lat' dir='ltr'><strong>Sede</strong></span> <span class='ocrx_word' id='word_1_34' title='bbox 462 964 681 1076; x_wconf 84' lang='lat' dir='ltr'><strong>apostolica</strong></span> <span class='ocrx_word' id='word_1_35' title='bbox 709 967 760 1044; x_wconf 91' lang='lat' dir='ltr'><strong>sit</strong></span> <span class='ocrx_word' id='word_1_36' title='bbox 789 961 1009 1058; x_wconf 90' lang='lat' dir='ltr'><strong>indultum,</strong></span> <span class='ocrx_word' id='word_1_37' title='bbox 1037 961 1161 1076; x_wconf 87' lang='lat' dir='ltr'><strong>quod·</strong></span> <span class='ocrx_word' id='word_1_38' title='bbox 1179 962 1230 1045; x_wconf 92' lang='lat' dir='ltr'><strong>ad</strong></span> <span class='ocrx_word' id='word_1_39' title='bbox 1260 967 1552 1072; x_wconf 88' lang='lat' dir='ltr'><strong>receptionem,</strong></span> <span class='ocrx_word' id='word_1_40' title='bbox 1575 965 1638 1045; x_wconf 82' lang='lat' dir='ltr'><strong>vel</strong></span> <span class='ocrx_word' id='word_1_41' title='bbox 1661 969 1932 1075; x_wconf 83' lang='lat' dir='ltr'>provisionem</span> 
     </span>
     <span class='ocr_line' id='line_1_6' title="bbox 140 1071 1930 1186; baseline -0.001 -28"><span class='ocrx_word' id='word_1_42' title='bbox 140 1078 309 1186; x_wconf 84' lang='lat' dir='ltr'><strong>alicujus</strong></span> <span class='ocrx_word' id='word_1_43' title='bbox 344 1078 503 1157; x_wconf 90' lang='lat' dir='ltr'><strong>minime</strong></span> <span class='ocrx_word' id='word_1_44' title='bbox 532 1091 768 1175; x_wconf 85' lang='lat' dir='ltr'><strong>teneantur,</strong></span> <span class='ocrx_word' id='word_1_45' title='bbox 810 1072 1005 1186; x_wconf 89' lang='lat' dir='ltr'><strong>quodque</strong></span> <span class='ocrx_word' id='word_1_46' title='bbox 1048 1074 1098 1157; x_wconf 91' lang='lat' dir='ltr'><strong>ad</strong></span> <span class='ocrx_word' id='word_1_47' title='bbox 1128 1071 1172 1154; x_wconf 91' lang='lat' dir='ltr'><strong>id</strong></span> <span class='ocrx_word' id='word_1_48' title='bbox 1200 1074 1407 1184; x_wconf 90' lang='lat' dir='ltr'><strong>compelli,</strong></span> <span class='ocrx_word' id='word_1_49' title='bbox 1455 1091 1526 1156; x_wconf 86' lang='lat' dir='ltr'><strong>aut</strong></span> <span class='ocrx_word' id='word_1_50' title='bbox 1573 1079 1930 1172; x_wconf 85' lang='lat' dir='ltr'><strong>excommunicari,</strong></span> 
     </span>
     <span class='ocr_line' id='line_1_7' title="bbox 139 1185 1933 1300; baseline -0.001 -30"><span class='ocrx_word' id='word_1_51' title='bbox 139 1188 343 1300; x_wconf 86' lang='lat' dir='ltr'><strong>suspendi,</strong></span> <span class='ocrx_word' id='word_1_52' title='bbox 373 1190 435 1270; x_wconf 90' lang='lat' dir='ltr'><strong>vel</strong></span> <span class='ocrx_word' id='word_1_53' title='bbox 467 1185 653 1269; x_wconf 83' lang='lat' dir='ltr'><strong>interdici</strong></span> <span class='ocrx_word' id='word_1_54' title='bbox 680 1213 765 1267; x_wconf 90' lang='lat' dir='ltr'><strong>non</strong></span> <span class='ocrx_word' id='word_1_55' title='bbox 794 1187 967 1296; x_wconf 82' lang='lat' dir='ltr'><strong>possint,</strong></span> <span class='ocrx_word' id='word_1_56' title='bbox 996 1213 1069 1296; x_wconf 90' lang='lat' dir='ltr'><strong>per</strong></span> <span class='ocrx_word' id='word_1_57' title='bbox 1119 1185 1270 1266; x_wconf 85' lang='lat' dir='ltr'><strong>litteras</strong></span> <span class='ocrx_word' id='word_1_58' title='bbox 1312 1186 1426 1267; x_wconf 88' lang='lat' dir='ltr'><strong>Sedis</strong></span> <span class='ocrx_word' id='word_1_59' title='bbox 1461 1188 1586 1298; x_wconf 87' lang='lat' dir='ltr'><strong>ipsius</strong></span> <span class='ocrx_word' id='word_1_60' title='bbox 1628 1215 1714 1270; x_wconf 90' lang='lat' dir='ltr'><strong>non</strong></span> <span class='ocrx_word' id='word_1_61' title='bbox 1743 1188 1933 1288; x_wconf 81' lang='lat' dir='ltr'><strong>facientes</strong></span> 
     </span>
    </p>
   </div>
   <div class='ocr_carea' id='block_1_3' title="bbox 14 1291 1929 1409">
    <p class='ocr_par' dir='ltr' id='par_1_3' title="bbox 14 1291 1929 1409">
     <span class='ocr_line' id='line_1_8' title="bbox 14 1291 1929 1409; baseline 0.001 -30"><span class='ocrx_word' id='word_1_62' title='bbox 14 1363 19 1370; x_wconf 95' lang='lat'>.</span> <span class='ocrx_word' id='word_1_63' title='bbox 139 1301 301 1409; x_wconf 84' lang='lat' dir='ltr'><strong>plenam</strong></span> <span class='ocrx_word' id='word_1_64' title='bbox 331 1319 372 1380; x_wconf 89' lang='lat' dir='ltr'><strong>et</strong></span> <span class='ocrx_word' id='word_1_65' title='bbox 399 1291 626 1406; x_wconf 84' lang='lat' dir='ltr'><strong>expressam</strong></span> <span class='ocrx_word' id='word_1_66' title='bbox 655 1297 706 1379; x_wconf 88' lang='lat' dir='ltr'><strong>de</strong></span> <span class='ocrx_word' id='word_1_67' title='bbox 732 1297 897 1380; x_wconf 88' lang='lat' dir='ltr'><strong>indulto</strong></span> <span class='ocrx_word' id='word_1_68' title='bbox 932 1297 1165 1406; x_wconf 88' lang='lat' dir='ltr'><strong>hujusmodi</strong></span> <span class='ocrx_word' id='word_1_69' title='bbox 1207 1299 1489 1394; x_wconf 76' lang='lat' dir='ltr'><strong>mentionem,</strong></span> <span class='ocrx_word' id='word_1_70' title='bbox 1519 1299 1582 1380; x_wconf 85' lang='lat' dir='ltr'><strong>vel</strong></span> <span class='ocrx_word' id='word_1_71' title='bbox 1611 1293 1795 1409; x_wconf 82' lang='lat' dir='ltr'><strong>qualibet</strong></span> <span class='ocrx_word' id='word_1_72' title='bbox 1825 1300 1929 1382; x_wconf 89' lang='lat' dir='ltr'><strong>dicte</strong></span> 
     </span>
    </p>
   </div>
   <div class='ocr_carea' id='block_1_4' title="bbox 139 1407 2024 1837">
    <p class='ocr_par' dir='ltr' id='par_1_4' title="bbox 139 1407 2024 1837">
     <span class='ocr_line' id='line_1_9' title="bbox 140 1407 1928 1518; baseline -0.001 -27"><span class='ocrx_word' id='word_1_73' title='bbox 140 1409 254 1492; x_wconf 89' lang='lat' dir='ltr'><strong>Sedis</strong></span> <span class='ocrx_word' id='word_1_74' title='bbox 283 1409 556 1518; x_wconf 85' lang='lat' dir='ltr'><strong>indulgentia,</strong></span> <span class='ocrx_word' id='word_1_75' title='bbox 585 1437 658 1515; x_wconf 87' lang='lat' dir='ltr'><strong>per</strong></span> <span class='ocrx_word' id='word_1_76' title='bbox 686 1436 807 1517; x_wconf 91' lang='lat' dir='ltr'><strong>quam</strong></span> <span class='ocrx_word' id='word_1_77' title='bbox 836 1407 1005 1489; x_wconf 85' lang='lat' dir='ltr'><strong>effectus</strong></span> <span class='ocrx_word' id='word_1_78' title='bbox 1034 1411 1279 1518; x_wconf 88' lang='lat' dir='ltr'><strong>presentium</strong></span> <span class='ocrx_word' id='word_1_79' title='bbox 1308 1408 1495 1517; x_wconf 87' lang='lat' dir='ltr'><strong>impediri</strong></span> <span class='ocrx_word' id='word_1_80' title='bbox 1515 1409 1647 1490; x_wconf 85' lang='lat' dir='ltr'><strong>valeat</strong></span> <span class='ocrx_word' id='word_1_81' title='bbox 1666 1410 1730 1491; x_wconf 86' lang='lat' dir='ltr'><strong>vel</strong></span> <span class='ocrx_word' id='word_1_82' title='bbox 1759 1409 1928 1506; x_wconf 85' lang='lat' dir='ltr'><strong>differri,</strong></span> 
     </span>
     <span class='ocr_line' id='line_1_10' title="bbox 139 1515 2024 1632; baseline 0 -30"><span class='ocrx_word' id='word_1_83' title='bbox 139 1522 256 1602; x_wconf 90' lang='lat' dir='ltr'><strong>etde</strong></span> <span class='ocrx_word' id='word_1_84' title='bbox 285 1549 366 1632; x_wconf 92' lang='lat' dir='ltr'><strong>qua</strong></span> <span class='ocrx_word' id='word_1_85' title='bbox 395 1523 437 1599; x_wconf 95' lang='lat' dir='ltr'><strong>in</strong></span> <span class='ocrx_word' id='word_1_86' title='bbox 466 1520 613 1601; x_wconf 91' lang='lat' dir='ltr'><strong>nostris</strong></span> <span class='ocrx_word' id='word_1_87' title='bbox 643 1519 787 1600; x_wconf 87' lang='lat' dir='ltr'><strong>litteris</strong></span> <span class='ocrx_word' id='word_1_88' title='bbox 816 1521 967 1600; x_wconf 88' lang='lat' dir='ltr'><strong>mentio</strong></span> <span class='ocrx_word' id='word_1_89' title='bbox 996 1520 1082 1600; x_wconf 89' lang='lat' dir='ltr'><strong>fieri</strong></span> <span class='ocrx_word' id='word_1_90' title='bbox 1110 1517 1256 1602; x_wconf 91' lang='lat' dir='ltr'><strong>debeat</strong></span> <span class='ocrx_word' id='word_1_91' title='bbox 1275 1519 1470 1629; x_wconf 85' lang='lat' dir='ltr'><strong>specialis.</strong></span> <span class='ocrx_word' id='word_1_92' title='bbox 1499 1520 1829 1603; x_wconf 85' lang='lat' dir='ltr'><strong>Contradictores</strong></span> <span class='ocrx_word' id='word_1_93' title='bbox 1857 1547 1929 1602; x_wconf 89' lang='lat' dir='ltr'><strong>au·</strong></span> <span class='ocrx_word' id='word_1_94' title='bbox 2014 1515 2024 1524; x_wconf 69' lang='grc'><strong>’</strong></span> 
     </span>
     <span class='ocr_line' id='line_1_11' title="bbox 141 1629 1930 1740; baseline -0.001 -26"><span class='ocrx_word' id='word_1_95' title='bbox 141 1634 330 1714; x_wconf 89' lang='lat' dir='ltr'><strong>ctoritate</strong></span> <span class='ocrx_word' id='word_1_96' title='bbox 360 1647 498 1712; x_wconf 89' lang='lat' dir='ltr'><strong>nostra</strong></span> <span class='ocrx_word' id='word_1_97' title='bbox 529 1637 603 1710; x_wconf 76' lang='lat' dir='ltr'><strong>&amp;c</strong></span> <span class='ocrx_word' id='word_1_98' title='bbox 633 1659 755 1740; x_wconf 83' lang='lat' dir='ltr'><strong>usque</strong></span> <span class='ocrx_word' id='word_1_99' title='bbox 787 1629 1089 1739; x_wconf 88' lang='lat' dir='ltr'><strong>compescendo.</strong></span> <span class='ocrx_word' id='word_1_100' title='bbox 1134 1632 1283 1712; x_wconf 92' lang='lat' dir='ltr'><strong>Datum</strong></span> <span class='ocrx_word' id='word_1_101' title='bbox 1320 1631 1430 1739; x_wconf 90' lang='lat' dir='ltr'><strong>apud</strong></span> <span class='ocrx_word' id='word_1_102' title='bbox 1471 1632 1800 1714; x_wconf 86' lang='lat' dir='ltr'><strong>Vrbemveterem</strong></span> <span class='ocrx_word' id='word_1_103' title='bbox 1845 1631 1930 1718; x_wconf 87' lang='lat' dir='ltr'><strong>No·</strong></span> 
     </span>
     <span class='ocr_line' id='line_1_12' title="bbox 140 1740 1126 1837; baseline -0.002 -12"><span class='ocrx_word' id='word_1_104' title='bbox 140 1745 202 1825; x_wconf 89' lang='lat' dir='ltr'><strong>nis</strong></span> <span class='ocrx_word' id='word_1_105' title='bbox 231 1743 347 1837; x_wconf 90' lang='lat' dir='ltr'><strong>Julii,</strong></span> <span class='ocrx_word' id='word_1_106' title='bbox 377 1740 638 1824; x_wconf 77' lang='lat' dir='ltr'><strong>pontificatus</strong></span> <span class='ocrx_word' id='word_1_107' title='bbox 668 1743 797 1823; x_wconf 91' lang='lat' dir='ltr'><strong>nostri</strong></span> <span class='ocrx_word' id='word_1_108' title='bbox 824 1743 946 1823; x_wconf 85' lang='lat' dir='ltr'><strong>Anno</strong></span> <span class='ocrx_word' id='word_1_109' title='bbox 976 1740 1126 1823; x_wconf 88' lang='lat' dir='ltr'><strong>Tertio.</strong></span> 
     </span>
    </p>
   </div>
   <div class='ocr_carea' id='block_1_5' title="bbox 144 2027 1931 2189">
    <p class='ocr_par' dir='ltr' id='par_1_5' title="bbox 144 2027 1931 2189">
     <span class='ocr_line' id='line_1_13' title="bbox 144 2027 1931 2189; baseline -0.002 -50"><span class='ocrx_word' id='word_1_110' title='bbox 144 2051 279 2189; x_wconf 69' lang='lat'><strong>499.</strong></span> <span class='ocrx_word' id='word_1_111' title='bbox 773 2031 924 2161; x_wconf 74' lang='lat'>1264</span> <span class='ocrx_word' id='word_1_112' title='bbox 969 2029 1018 2138; x_wconf 92' lang='lat' dir='ltr'><strong>d.</strong></span> <span class='ocrx_word' id='word_1_113' title='bbox 1069 2069 1138 2138; x_wconf 86' lang='lat'><strong>22</strong></span> <span class='ocrx_word' id='word_1_114' title='bbox 1187 2027 1301 2136; x_wconf 89' lang='lat' dir='ltr'><strong>Oct.</strong></span> <span class='ocrx_word' id='word_1_115' title='bbox 1635 2171 1638 2176; x_wconf 15' lang='lat'>¹</span> <span class='ocrx_word' id='word_1_116' title='bbox 1702 2028 1931 2139; x_wconf 82' lang='lat' dir='ltr'><strong>Roskild.</strong></span> 
     </span>
    </p>
   </div>
   <div class='ocr_carea' id='block_1_6' title="bbox 223 2218 1825 2442">
    <p class='ocr_par' dir='ltr' id='par_1_6' title="bbox 223 2218 1825 2442">
     <span class='ocr_line' id='line_1_14' title="bbox 223 2218 1825 2346; baseline 0.002 -33"><span class='ocrx_word' id='word_1_117' title='bbox 223 2251 359 2334; x_wconf 84' lang='lat' dir='ltr'><strong>Konung</strong></span> <span class='ocrx_word' id='word_1_118' title='bbox 381 2251 464 2316; x_wconf 79' lang='lat' dir='ltr'><strong>Eam</strong></span> <span class='ocrx_word' id='word_1_119' title='bbox 487 2218 558 2318; x_wconf 63' lang='lat' dir='ltr'><strong>les</strong></span> <span class='ocrx_word' id='word_1_120' title='bbox 578 2254 588 2315; x_wconf 90' lang='lat' dir='ltr'><strong>i</strong></span> <span class='ocrx_word' id='word_1_121' title='bbox 610 2254 771 2317; x_wconf 81' lang='lat' dir='ltr'><strong>Danmerk</strong></span> <span class='ocrx_word' id='word_1_122' title='bbox 793 2251 979 2315; x_wconf 77' lang='lat' dir='ltr'><strong>stadlatstelse</strong></span> <span class='ocrx_word' id='word_1_123' title='bbox 999 2249 1041 2337; x_wconf 69' lang='lat' dir='ltr'><strong>pi</strong></span> <span class='ocrx_word' id='word_1_124' title='bbox 1062 2250 1159 2332; x_wconf 69' lang='lat' dir='ltr'><strong>nigra</strong></span> <span class='ocrx_word' id='word_1_125' title='bbox 1181 2250 1399 2333; x_wconf 82' lang='lat' dir='ltr'><strong>Domkyrkans</strong></span> <span class='ocrx_word' id='word_1_126' title='bbox 1420 2249 1599 2332; x_wconf 60' lang='lat' dir='ltr'><strong>tattigheter</strong></span> <span class='ocrx_word' id='word_1_127' title='bbox 1619 2251 1704 2346; x_wconf 79' lang='lat' dir='ltr'><strong>inpm</strong></span> <span class='ocrx_word' id='word_1_128' title='bbox 1726 2251 1825 2316; x_wconf 86' lang='lat' dir='ltr'><strong>Lund.</strong></span> 
     </span>
     <span class='ocr_line' id='line_1_15' title="bbox 1537 2369 1801 2442; baseline 0 -20"><span class='ocrx_word' id='word_1_129' title='bbox 1537 2369 1801 2442; x_wconf 44' lang='lat' dir='ltr'><strong>&amp;beneq</strong></span> 
     </span>
    </p>
   </div>
   <div class='ocr_carea' id='block_1_7' title="bbox 88 2503 1938 3392">
    <p class='ocr_par' dir='ltr' id='par_1_7' title="bbox 88 2503 1938 3392">
     <span class='ocr_line' id='line_1_16' title="bbox 308 2503 1936 2615; baseline 0.002 -31"><span class='ocrx_word' id='word_1_130' title='bbox 308 2505 455 2584; x_wconf 78' lang='lat' dir='ltr'><strong>Entcus</strong></span> <span class='ocrx_word' id='word_1_131' title='bbox 485 2503 552 2585; x_wconf 92' lang='lat' dir='ltr'><strong>dei</strong></span> <span class='ocrx_word' id='word_1_132' title='bbox 580 2506 712 2613; x_wconf 81' lang='lat' dir='ltr'><strong>gracia</strong></span> <span class='ocrx_word' id='word_1_133' title='bbox 737 2505 944 2585; x_wconf 88' lang='lat' dir='ltr'><strong>Danorum</strong></span> <span class='ocrx_word' id='word_1_134' title='bbox 973 2505 1293 2615; x_wconf 88' lang='lat' dir='ltr'><strong>Sclauorumque</strong></span> <span class='ocrx_word' id='word_1_135' title='bbox 1322 2505 1405 2584; x_wconf 87' lang='lat' dir='ltr'><strong>Rex</strong></span> <span class='ocrx_word' id='word_1_136' title='bbox 1436 2503 1623 2585; x_wconf 91' lang='lat' dir='ltr'><strong>omnibus</strong></span> <span class='ocrx_word' id='word_1_137' title='bbox 1645 2531 1808 2612; x_wconf 86' lang='lat' dir='ltr'><strong>presens</strong></span> <span class='ocrx_word' id='word_1_138' title='bbox 1836 2506 1936 2589; x_wconf 86' lang='lat' dir='ltr'><strong>scri·</strong></span> 
     </span>
     <span class='ocr_line' id='line_1_17' title="bbox 142 2613 1932 2726; baseline 0.002 -31"><span class='ocrx_word' id='word_1_139' title='bbox 142 2633 257 2726; x_wconf 90' lang='lat' dir='ltr'><strong>ptum</strong></span> <span class='ocrx_word' id='word_1_140' title='bbox 286 2613 546 2696; x_wconf 89' lang='lat' dir='ltr'><strong>cernentibus</strong></span> <span class='ocrx_word' id='word_1_141' title='bbox 574 2619 617 2696; x_wconf 90' lang='lat' dir='ltr'><strong>in</strong></span> <span class='ocrx_word' id='word_1_142' title='bbox 647 2613 813 2696; x_wconf 90' lang='lat' dir='ltr'><strong>domino</strong></span> <span class='ocrx_word' id='word_1_143' title='bbox 841 2617 1009 2698; x_wconf 89' lang='lat' dir='ltr'><strong>salutem</strong></span> <span class='ocrx_word' id='word_1_144' title='bbox 1039 2616 1303 2696; x_wconf 88' lang='lat' dir='ltr'><strong>Vniuersitati</strong></span> <span class='ocrx_word' id='word_1_145' title='bbox 1330 2630 1461 2695; x_wconf 87' lang='lat' dir='ltr'><strong>vestre</strong></span> <span class='ocrx_word' id='word_1_146' title='bbox 1502 2631 1643 2696; x_wconf 91' lang='lat' dir='ltr'><strong>tenore</strong></span> <span class='ocrx_word' id='word_1_147' title='bbox 1683 2619 1932 2723; x_wconf 87' lang='lat' dir='ltr'><strong>presentium</strong></span> 
     </span>
     <span class='ocr_line' id='line_1_18' title="bbox 88 2723 1934 2838; baseline 0.001 -31"><span class='ocrx_word' id='word_1_148' title='bbox 88 2827 91 2834; x_wconf 24' lang='grc' dir='ltr'>Ι</span> <span class='ocrx_word' id='word_1_149' title='bbox 142 2744 326 2808; x_wconf 87' lang='lat' dir='ltr'><strong>constare</strong></span> <span class='ocrx_word' id='word_1_150' title='bbox 353 2723 538 2806; x_wconf 89' lang='lat' dir='ltr'><strong>volumus</strong></span> <span class='ocrx_word' id='word_1_151' title='bbox 565 2725 774 2808; x_wconf 87' lang='lat' dir='ltr'><strong>euidenter</strong></span> <span class='ocrx_word' id='word_1_152' title='bbox 803 2725 917 2836; x_wconf 92' lang='lat' dir='ltr'><strong>quod</strong></span> <span class='ocrx_word' id='word_1_153' title='bbox 944 2725 1144 2838; x_wconf 89' lang='lat' dir='ltr'><strong>quidquid</strong></span> <span class='ocrx_word' id='word_1_154' title='bbox 1168 2727 1273 2808; x_wconf 55' lang='lat' dir='ltr'><strong>&#39;iuris</strong></span> <span class='ocrx_word' id='word_1_155' title='bbox 1297 2725 1464 2807; x_wconf 89' lang='lat' dir='ltr'><strong>ecclesia</strong></span> <span class='ocrx_word' id='word_1_156' title='bbox 1486 2723 1595 2805; x_wconf 92' lang='lat' dir='ltr'><strong>beati</strong></span> <span class='ocrx_word' id='word_1_157' title='bbox 1610 2727 1807 2834; x_wconf 86' lang='lat' dir='ltr'><strong>laurencij</strong></span> <span class='ocrx_word' id='word_1_158' title='bbox 1821 2729 1934 2809; x_wconf 92' lang='lat' dir='ltr'><strong>Lun-</strong></span> 
     </span>
     <span class='ocr_line' id='line_1_19' title="bbox 144 2835 1933 2946; baseline 0.001 -28"><span class='ocrx_word' id='word_1_159' title='bbox 144 2837 204 2918; x_wconf 90' lang='lat' dir='ltr'><strong>dis</strong></span> <span class='ocrx_word' id='word_1_160' title='bbox 232 2857 414 2945; x_wconf 82' lang='lat' dir='ltr'><strong>tempore</strong></span> <span class='ocrx_word' id='word_1_161' title='bbox 441 2835 577 2919; x_wconf 87' lang='lat' dir='ltr'><strong>dilecti</strong></span> <span class='ocrx_word' id='word_1_162' title='bbox 606 2838 733 2945; x_wconf 90' lang='lat' dir='ltr'><strong>patris</strong></span> <span class='ocrx_word' id='word_1_163' title='bbox 761 2841 887 2919; x_wconf 90' lang='lat' dir='ltr'><strong>nostri</strong></span> <span class='ocrx_word' id='word_1_164' title='bbox 924 2839 1031 2920; x_wconf 89' lang='lat' dir='ltr'><strong>bone</strong></span> <span class='ocrx_word' id='word_1_165' title='bbox 1074 2840 1328 2920; x_wconf 86' lang='lat' dir='ltr'><strong>memorie&amp;</strong></span> <span class='ocrx_word' id='word_1_166' title='bbox 1357 2837 1662 2946; x_wconf 83' lang='lat' dir='ltr'><strong>progenitorum</strong></span> <span class='ocrx_word' id='word_1_167' title='bbox 1703 2852 1933 2920; x_wconf 90' lang='lat' dir='ltr'><strong>nostrorum</strong></span> 
     </span>
     <span class='ocr_line' id='line_1_20' title="bbox 140 2945 1932 3058; baseline -0.001 -29"><span class='ocrx_word' id='word_1_168' title='bbox 140 2948 326 3030; x_wconf 89' lang='lat' dir='ltr'><strong>habuisse</strong></span> <span class='ocrx_word' id='word_1_169' title='bbox 355 2946 580 3028; x_wconf 90' lang='lat' dir='ltr'><strong>dinoscitur</strong></span> <span class='ocrx_word' id='word_1_170' title='bbox 608 2950 651 3041; x_wconf 82' lang='lat' dir='ltr'><strong>in</strong></span> <span class='ocrx_word' id='word_1_171' title='bbox 680 2949 844 3029; x_wconf 91' lang='lat' dir='ltr'><strong>ciuitate</strong></span> <span class='ocrx_word' id='word_1_172' title='bbox 872 2947 1060 3032; x_wconf 87' lang='lat' dir='ltr'><strong>lundensi</strong></span> <span class='ocrx_word' id='word_1_173' title='bbox 1089 2949 1174 3029; x_wconf 90' lang='lat' dir='ltr'><strong>siue</strong></span> <span class='ocrx_word' id='word_1_174' title='bbox 1200 2951 1243 3028; x_wconf 91' lang='lat' dir='ltr'><strong>in</strong></span> <span class='ocrx_word' id='word_1_175' title='bbox 1280 2948 1416 3057; x_wconf 89' lang='lat' dir='ltr'><strong>platea</strong></span> <span class='ocrx_word' id='word_1_176' title='bbox 1450 2973 1533 3058; x_wconf 89' lang='lat' dir='ltr'><strong>que</strong></span> <span class='ocrx_word' id='word_1_177' title='bbox 1565 2945 1714 3029; x_wconf 84' lang='lat' dir='ltr'><strong>dicitur</strong></span> <span class='ocrx_word' id='word_1_178' title='bbox 1742 2949 1932 3058; x_wconf 83' lang='lat' dir='ltr'><strong>Saxaegil-</strong></span> 
     </span>
     <span class='ocr_line' id='line_1_21' title="bbox 143 3057 1932 3169; baseline -0.001 -30"><span class='ocrx_word' id='word_1_179' title='bbox 143 3057 193 3140; x_wconf 92' lang='lat' dir='ltr'><strong>de</strong></span> <span class='ocrx_word' id='word_1_180' title='bbox 221 3075 364 3139; x_wconf 85' lang='lat' dir='ltr'><strong>straetae</strong></span> <span class='ocrx_word' id='word_1_181' title='bbox 393 3059 435 3136; x_wconf 91' lang='lat' dir='ltr'><strong>in</strong></span> <span class='ocrx_word' id='word_1_182' title='bbox 464 3057 654 3140; x_wconf 91' lang='lat' dir='ltr'><strong>nundinis</strong></span> <span class='ocrx_word' id='word_1_183' title='bbox 682 3059 957 3142; x_wconf 88' lang='lat' dir='ltr'><strong>scaniensibus</strong></span> <span class='ocrx_word' id='word_1_184' title='bbox 986 3058 1027 3140; x_wconf 93' lang='lat' dir='ltr'><strong>id</strong></span> <span class='ocrx_word' id='word_1_185' title='bbox 1056 3060 1188 3169; x_wconf 89' lang='lat' dir='ltr'><strong>ipsum</strong></span> <span class='ocrx_word' id='word_1_186' title='bbox 1215 3057 1269 3140; x_wconf 90' lang='lat' dir='ltr'><strong>ad</strong></span> <span class='ocrx_word' id='word_1_187' title='bbox 1296 3087 1409 3140; x_wconf 88' lang='lat' dir='ltr'><strong>vsum</strong></span> <span class='ocrx_word' id='word_1_188' title='bbox 1439 3058 1604 3140; x_wconf 89' lang='lat' dir='ltr'><strong>ecclesie</strong></span> <span class='ocrx_word' id='word_1_189' title='bbox 1617 3076 1834 3150; x_wconf 87' lang='lat' dir='ltr'><strong>memorate</strong></span> <span class='ocrx_word' id='word_1_190' title='bbox 1847 3059 1932 3140; x_wconf 89' lang='lat' dir='ltr'><strong>sine</strong></span> 
     </span>
     <span class='ocr_line' id='line_1_22' title="bbox 144 3169 1936 3280; baseline -0.001 -30"><span class='ocrx_word' id='word_1_191' title='bbox 144 3169 408 3252; x_wconf 89' lang='lat' dir='ltr'><strong>diminutione</strong></span> <span class='ocrx_word' id='word_1_192' title='bbox 436 3169 619 3279; x_wconf 89' lang='lat' dir='ltr'><strong>qualibet</strong></span> <span class='ocrx_word' id='word_1_193' title='bbox 648 3172 690 3251; x_wconf 92' lang='lat' dir='ltr'><strong>in</strong></span> <span class='ocrx_word' id='word_1_194' title='bbox 718 3175 960 3280; x_wconf 77' lang='lat' dir='ltr'><strong>perpetuum</strong></span> <span class='ocrx_word' id='word_1_195' title='bbox 990 3169 1176 3251; x_wconf 85' lang='lat' dir='ltr'><strong>volumus</strong></span> <span class='ocrx_word' id='word_1_196' title='bbox 1195 3171 1428 3252; x_wconf 88' lang='lat' dir='ltr'><strong>conseruari</strong></span> <span class='ocrx_word' id='word_1_197' title='bbox 1446 3171 1717 3278; x_wconf 88' lang='lat' dir='ltr'><strong>precipientes</strong></span> <span class='ocrx_word' id='word_1_198' title='bbox 1728 3186 1813 3250; x_wconf 92' lang='lat' dir='ltr'><strong>tam</strong></span> <span class='ocrx_word' id='word_1_199' title='bbox 1826 3198 1936 3252; x_wconf 87' lang='lat' dir='ltr'><strong>cam·</strong></span> 
     </span>
     <span class='ocr_line' id='line_1_23' title="bbox 141 3279 1938 3392; baseline 0 -30"><span class='ocrx_word' id='word_1_200' title='bbox 141 3281 315 3362; x_wconf 88' lang='lat' dir='ltr'><strong>merario</strong></span> <span class='ocrx_word' id='word_1_201' title='bbox 345 3295 484 3361; x_wconf 84' lang='lat' dir='ltr'><strong>nostro</strong></span> <span class='ocrx_word' id='word_1_202' title='bbox 512 3311 633 3392; x_wconf 91' lang='lat' dir='ltr'><strong>quam</strong></span> <span class='ocrx_word' id='word_1_203' title='bbox 663 3281 843 3390; x_wconf 88' lang='lat' dir='ltr'><strong>prefecto</strong></span> <span class='ocrx_word' id='word_1_204' title='bbox 871 3285 1095 3392; x_wconf 86' lang='lat' dir='ltr'><strong>ceterisque</strong></span> <span class='ocrx_word' id='word_1_205' title='bbox 1130 3279 1373 3363; x_wconf 86' lang='lat' dir='ltr'><strong>officialibus</strong></span> <span class='ocrx_word' id='word_1_206' title='bbox 1407 3282 1554 3362; x_wconf 90' lang='lat' dir='ltr'><strong>nostris</strong></span> <span class='ocrx_word' id='word_1_207' title='bbox 1584 3308 1635 3361; x_wconf 91' lang='lat' dir='ltr'><strong>ne</strong></span> <span class='ocrx_word' id='word_1_208' title='bbox 1663 3280 1787 3371; x_wconf 85' lang='lat' dir='ltr'><strong>sede</strong></span> <span class='ocrx_word' id='word_1_209' title='bbox 1813 3279 1938 3362; x_wconf 88' lang='lat' dir='ltr'><strong>liber·</strong></span> 
     </span>
    </p>
   </div>
   <div class='ocr_carea' id='block_1_8' title="bbox 142 3389 2157 3502">
    <p class='ocr_par' dir='ltr' id='par_1_8' title="bbox 142 3389 2157 3502">
     <span class='ocr_line' id='line_1_24' title="bbox 142 3389 2157 3502; baseline -0.001 -28"><span class='ocrx_word' id='word_1_210' title='bbox 142 3391 293 3474; x_wconf 92' lang='lat' dir='ltr'><strong>tatibus</strong></span> <span class='ocrx_word' id='word_1_211' title='bbox 321 3390 420 3472; x_wconf 91' lang='lat' dir='ltr'><strong>dicti</strong></span> <span class='ocrx_word' id='word_1_212' title='bbox 448 3391 634 3501; x_wconf 80' lang='lat' dir='ltr'><strong>conuurij</strong></span> <span class='ocrx_word' id='word_1_213' title='bbox 663 3421 763 3502; x_wconf 90' lang='lat' dir='ltr'><strong>quas</strong></span> <span class='ocrx_word' id='word_1_214' title='bbox 791 3392 915 3474; x_wconf 91' lang='lat' dir='ltr'><strong>habet</strong></span> <span class='ocrx_word' id='word_1_215' title='bbox 941 3394 986 3474; x_wconf 93' lang='lat' dir='ltr'><strong>in</strong></span> <span class='ocrx_word' id='word_1_216' title='bbox 1012 3393 1179 3472; x_wconf 89' lang='lat' dir='ltr'><strong>ciuitate</strong></span> <span class='ocrx_word' id='word_1_217' title='bbox 1204 3390 1411 3473; x_wconf 89' lang='lat' dir='ltr'><strong>Lundensi</strong></span> <span class='ocrx_word' id='word_1_218' title='bbox 1437 3393 1525 3473; x_wconf 91' lang='lat' dir='ltr'><strong>siue</strong></span> <span class='ocrx_word' id='word_1_219' title='bbox 1543 3393 1669 3474; x_wconf 89' lang='lat' dir='ltr'><strong>eciam</strong></span> <span class='ocrx_word' id='word_1_220' title='bbox 1686 3389 1935 3500; x_wconf 86' lang='lat' dir='ltr'><strong>depredicta</strong></span> <span class='ocrx_word' id='word_1_221' title='bbox 2067 3466 2071 3472; x_wconf 83' lang='grc'>.</span> <span class='ocrx_word' id='word_1_222' title='bbox 2154 3433 2157 3440; x_wconf 52' lang='grc'><strong>’</strong></span> 
     </span>
    </p>
   </div>
   <div class='ocr_carea' id='block_1_9' title="bbox 142 3501 2014 4055">
    <p class='ocr_par' dir='ltr' id='par_1_9' title="bbox 142 3501 2014 4055">
     <span class='ocr_line' id='line_1_25' title="bbox 144 3501 1933 3614; baseline 0 -32"><span class='ocrx_word' id='word_1_223' title='bbox 144 3503 274 3614; x_wconf 87' lang='lat' dir='ltr'><strong>platea</strong></span> <span class='ocrx_word' id='word_1_224' title='bbox 304 3502 560 3612; x_wconf 90' lang='lat' dir='ltr'><strong>aliquatenus</strong></span> <span class='ocrx_word' id='word_1_225' title='bbox 589 3507 858 3585; x_wconf 91' lang='lat' dir='ltr'><strong>intromittant</strong></span> <span class='ocrx_word' id='word_1_226' title='bbox 900 3501 1019 3584; x_wconf 92' lang='lat' dir='ltr'><strong>Vnde</strong></span> <span class='ocrx_word' id='word_1_227' title='bbox 1048 3532 1099 3585; x_wconf 92' lang='lat' dir='ltr'><strong>ne</strong></span> <span class='ocrx_word' id='word_1_228' title='bbox 1129 3501 1237 3584; x_wconf 86' lang='lat' dir='ltr'><strong>dieta</strong></span> <span class='ocrx_word' id='word_1_229' title='bbox 1280 3503 1446 3584; x_wconf 86' lang='lat' dir='ltr'><strong>ecclesia</strong></span> <span class='ocrx_word' id='word_1_230' title='bbox 1475 3506 1517 3596; x_wconf 82' lang='lat' dir='ltr'><strong>in</strong></span> <span class='ocrx_word' id='word_1_231' title='bbox 1546 3519 1754 3611; x_wconf 91' lang='lat' dir='ltr'><strong>posterum</strong></span> <span class='ocrx_word' id='word_1_232' title='bbox 1799 3503 1933 3614; x_wconf 85' lang='lat' dir='ltr'><strong>aliqua</strong></span> 
     </span>
     <span class='ocr_line' id='line_1_26' title="bbox 144 3612 1935 3726; baseline -0.002 -31"><span class='ocrx_word' id='word_1_233' title='bbox 144 3614 354 3698; x_wconf 89' lang='lat' dir='ltr'><strong>occasione</strong></span> <span class='ocrx_word' id='word_1_234' title='bbox 383 3614 470 3692; x_wconf 91' lang='lat' dir='ltr'><strong>iure</strong></span> <span class='ocrx_word' id='word_1_235' title='bbox 499 3641 573 3693; x_wconf 92' lang='lat' dir='ltr'><strong>suo</strong></span> <span class='ocrx_word' id='word_1_236' title='bbox 602 3615 787 3724; x_wconf 89' lang='lat' dir='ltr'><strong>priuetur</strong></span> <span class='ocrx_word' id='word_1_237' title='bbox 816 3613 929 3726; x_wconf 92' lang='lat' dir='ltr'><strong>quod</strong></span> <span class='ocrx_word' id='word_1_238' title='bbox 958 3612 1207 3723; x_wconf 87' lang='lat' dir='ltr'><strong>abantiquo</strong></span> <span class='ocrx_word' id='word_1_239' title='bbox 1243 3613 1286 3694; x_wconf 90' lang='lat' dir='ltr'><strong>in</strong></span> <span class='ocrx_word' id='word_1_240' title='bbox 1328 3615 1497 3696; x_wconf 86' lang='lat' dir='ltr'><strong>ciuitate</strong></span> <span class='ocrx_word' id='word_1_241' title='bbox 1537 3617 1817 3722; x_wconf 84' lang='lat' dir='ltr'><strong>prenominata</strong></span> <span class='ocrx_word' id='word_1_242' title='bbox 1863 3642 1935 3694; x_wconf 91' lang='lat' dir='ltr'><strong>seu</strong></span> 
     </span>
     <span class='ocr_line' id='line_1_27' title="bbox 144 3722 1936 3834; baseline -0.003 -28"><span class='ocrx_word' id='word_1_243' title='bbox 144 3726 268 3806; x_wconf 89' lang='lat' dir='ltr'><strong>eciam</strong></span> <span class='ocrx_word' id='word_1_244' title='bbox 296 3726 339 3804; x_wconf 91' lang='lat' dir='ltr'><strong>in</strong></span> <span class='ocrx_word' id='word_1_245' title='bbox 367 3722 502 3831; x_wconf 89' lang='lat' dir='ltr'><strong>platea</strong></span> <span class='ocrx_word' id='word_1_246' title='bbox 535 3742 753 3806; x_wconf 90' lang='lat' dir='ltr'><strong>memorata</strong></span> <span class='ocrx_word' id='word_1_247' title='bbox 781 3725 1005 3807; x_wconf 90' lang='lat' dir='ltr'><strong>dinoscitur</strong></span> <span class='ocrx_word' id='word_1_248' title='bbox 1033 3723 1220 3808; x_wconf 88' lang='lat' dir='ltr'><strong>habuisse</strong></span> <span class='ocrx_word' id='word_1_249' title='bbox 1248 3742 1474 3832; x_wconf 84' lang='lat' dir='ltr'><strong>presentem</strong></span> <span class='ocrx_word' id='word_1_250' title='bbox 1498 3727 1684 3834; x_wconf 84' lang='lat' dir='ltr'><strong>paginam</strong></span> <span class='ocrx_word' id='word_1_251' title='bbox 1712 3723 1844 3834; x_wconf 84' lang='lat' dir='ltr'><strong>sigillo</strong></span> <span class='ocrx_word' id='word_1_252' title='bbox 1859 3748 1936 3806; x_wconf 90' lang='lat' dir='ltr'><strong>no·</strong></span> 
     </span>
     <span class='ocr_line' id='line_1_28' title="bbox 142 3832 2014 3942; baseline -0.003 -26"><span class='ocrx_word' id='word_1_253' title='bbox 142 3854 229 3916; x_wconf 85' lang='lat' dir='ltr'><strong>stro</strong></span> <span class='ocrx_word' id='word_1_254' title='bbox 257 3835 433 3942; x_wconf 86' lang='lat' dir='ltr'><strong>signaari</strong></span> <span class='ocrx_word' id='word_1_255' title='bbox 461 3835 626 3916; x_wconf 84' lang='lat' dir='ltr'><strong>lecimus</strong></span> <span class='ocrx_word' id='word_1_256' title='bbox 656 3838 697 3916; x_wconf 93' lang='lat' dir='ltr'><strong>in</strong></span> <span class='ocrx_word' id='word_1_257' title='bbox 726 3837 999 3919; x_wconf 89' lang='lat' dir='ltr'><strong>tes-timonium</strong></span> <span class='ocrx_word' id='word_1_258' title='bbox 1024 3851 1067 3918; x_wconf 84' lang='lat' dir='ltr'><strong>et</strong></span> <span class='ocrx_word' id='word_1_259' title='bbox 1096 3835 1289 3917; x_wconf 86' lang='lat' dir='ltr'><strong>cautelam</strong></span> <span class='ocrx_word' id='word_1_260' title='bbox 1321 3837 1467 3918; x_wconf 86' lang='lat' dir='ltr'><strong>Datum</strong></span> <span class='ocrx_word' id='word_1_261' title='bbox 1495 3835 1697 3916; x_wconf 82' lang='lat' dir='ltr'><strong>Rostildis</strong></span> <span class='ocrx_word' id='word_1_262' title='bbox 1725 3861 1835 3914; x_wconf 91' lang='lat' dir='ltr'><strong>anno</strong></span> <span class='ocrx_word' id='word_1_263' title='bbox 1855 3832 1933 3915; x_wconf 90' lang='lat' dir='ltr'><strong>do·</strong></span> <span class='ocrx_word' id='word_1_264' title='bbox 2013 3873 2014 3878; x_wconf 38' lang='lat'>¹</span> 
     </span>
     <span class='ocr_line' id='line_1_29' title="bbox 143 3944 1781 4055; baseline -0.001 -27"><span class='ocrx_word' id='word_1_265' title='bbox 143 3945 245 4055; x_wconf 88' lang='lat' dir='ltr'><strong>minj</strong></span> <span class='ocrx_word' id='word_1_266' title='bbox 274 3945 537 4027; x_wconf 87' lang='lat' dir='ltr'><strong>MCCLXIlll</strong></span> <span class='ocrx_word' id='word_1_267' title='bbox 566 3947 642 4028; x_wconf 87' lang='lat' dir='ltr'><strong>kal.</strong></span> <span class='ocrx_word' id='word_1_268' title='bbox 673 3948 905 4029; x_wconf 89' lang='lat' dir='ltr'><strong>nouembris</strong></span> <span class='ocrx_word' id='word_1_269' title='bbox 940 3944 1162 4029; x_wconf 88' lang='lat' dir='ltr'><strong>Vndecimo</strong></span> <span class='ocrx_word' id='word_1_270' title='bbox 1188 3947 1308 4029; x_wconf 89' lang='lat' dir='ltr'><strong>Teste</strong></span> <span class='ocrx_word' id='word_1_271' title='bbox 1335 3947 1502 4029; x_wconf 91' lang='lat' dir='ltr'><strong>domino</strong></span> <span class='ocrx_word' id='word_1_272' title='bbox 1528 3946 1781 4030; x_wconf 85' lang='lat' dir='ltr'><strong>cancellario.</strong></span> 
     </span>
    </p>
   </div>
   <div class='ocr_carea' id='block_1_10' title="bbox 148 4193 1140 4347">
    <p class='ocr_par' dir='ltr' id='par_1_10' title="bbox 148 4193 1188 4347">
     <span class='ocr_line' id='line_1_30' title="bbox 148 4193 1140 4347; baseline 0 -1"><span class='ocrx_word' id='word_1_273' title='bbox 148 4193 281 4347; x_wconf 68' lang='lat' dir='ltr'><strong>500ss</strong></span> <span class='ocrx_word' id='word_1_274' title='bbox 972 4240 1140 4346; x_wconf 80' lang='lat'><strong>1265.</strong></span> 
     </span>
    </p>
   </div>
   <div class='ocr_carea' id='block_1_11' title="bbox 226 4460 1845 4647">
    <p class='ocr_par' dir='ltr' id='par_1_11' title="bbox 226 4460 1845 4647">
     <span class='ocr_line' id='line_1_31' title="bbox 226 4460 1845 4547; baseline 0.001 -24"><span class='ocrx_word' id='word_1_275' title='bbox 226 4464 343 4526; x_wconf 79' lang='lat' dir='ltr'><strong>Bmoxx</strong></span> <span class='ocrx_word' id='word_1_276' title='bbox 363 4463 456 4526; x_wconf 73' lang='lat' dir='ltr'><strong>snm</strong></span> <span class='ocrx_word' id='word_1_277' title='bbox 475 4460 667 4525; x_wconf 75' lang='lat' dir='ltr'><strong>sudttrtetse</strong></span> <span class='ocrx_word' id='word_1_278' title='bbox 684 4463 725 4546; x_wconf 76' lang='lat' dir='ltr'><strong>pt</strong></span> <span class='ocrx_word' id='word_1_279' title='bbox 746 4463 887 4527; x_wconf 73' lang='lat' dir='ltr'><strong>omne</strong></span> <span class='ocrx_word' id='word_1_280' title='bbox 904 4465 1179 4527; x_wconf 80' lang='lat' dir='ltr'><strong>Braoaxsnorrxas·</strong></span> <span class='ocrx_word' id='word_1_281' title='bbox 1190 4465 1284 4547; x_wconf 68' lang='lat' dir='ltr'><strong>galva</strong></span> <span class='ocrx_word' id='word_1_282' title='bbox 1304 4463 1348 4525; x_wconf 71' lang='lat' dir='ltr'><strong>al*</strong></span> <span class='ocrx_word' id='word_1_283' title='bbox 1358 4463 1499 4525; x_wconf 79' lang='lat' dir='ltr'><strong>Huttatit</strong></span> <span class='ocrx_word' id='word_1_284' title='bbox 1520 4463 1569 4525; x_wconf 88' lang='lat' dir='ltr'><strong>till</strong></span> <span class='ocrx_word' id='word_1_285' title='bbox 1589 4465 1700 4528; x_wconf 80' lang='lat' dir='ltr'><strong>Wreta</strong></span> <span class='ocrx_word' id='word_1_286' title='bbox 1722 4463 1845 4525; x_wconf 79' lang='lat' dir='ltr'><strong>kloster.</strong></span> 
     </span>
     <span class='ocr_line' id='line_1_32' title="bbox 1584 4575 1803 4647; baseline 0 -17"><span class='ocrx_word' id='word_1_287' title='bbox 1584 4575 1803 4647; x_wconf 61' lang='lat' dir='ltr'><strong>Emfflmm</strong></span> 
     </span>
    </p>
   </div>
   <div class='ocr_carea' id='block_1_12' title="bbox 140 4695 1935 4932">
    <p class='ocr_par' dir='ltr' id='par_1_12' title="bbox 140 4695 1935 4932">
     <span class='ocr_line' id='line_1_33' title="bbox 205 4695 1935 4822; baseline 0.001 -31"><span class='ocrx_word' id='word_1_288' title='bbox 205 4799 214 4807; x_wconf 53' lang='grc'><strong><em>,</em></strong></span> <span class='ocrx_word' id='word_1_289' title='bbox 309 4708 510 4791; x_wconf 91' lang='lat' dir='ltr'><strong>Omnibus</strong></span> <span class='ocrx_word' id='word_1_290' title='bbox 540 4727 746 4820; x_wconf 91' lang='lat' dir='ltr'><strong>presentes</strong></span> <span class='ocrx_word' id='word_1_291' title='bbox 776 4711 929 4792; x_wconf 89' lang='lat' dir='ltr'><strong>litteras</strong></span> <span class='ocrx_word' id='word_1_292' title='bbox 957 4695 1209 4822; x_wconf 61' lang='lat' dir='ltr'><strong>inspecturis</strong></span> <span class='ocrx_word' id='word_1_293' title='bbox 1225 4711 1417 4821; x_wconf 82' lang='lat' dir='ltr'><strong>Birgerus</strong></span> <span class='ocrx_word' id='word_1_294' title='bbox 1455 4711 1531 4789; x_wconf 90' lang='lat' dir='ltr'><strong>Dei</strong></span> <span class='ocrx_word' id='word_1_295' title='bbox 1557 4713 1686 4819; x_wconf 85' lang='lat' dir='ltr'><strong>gratia</strong></span> <span class='ocrx_word' id='word_1_296' title='bbox 1716 4710 1810 4790; x_wconf 91' lang='lat' dir='ltr'><strong>Dux</strong></span> <span class='ocrx_word' id='word_1_297' title='bbox 1838 4713 1935 4793; x_wconf 88' lang='lat' dir='ltr'><strong>Sve-</strong></span> 
     </span>
     <span class='ocr_line' id='line_1_34' title="bbox 140 4819 1935 4932; baseline -0.001 -28"><span class='ocrx_word' id='word_1_298' title='bbox 140 4849 262 4904; x_wconf 85' lang='lat' dir='ltr'><strong>orum</strong></span> <span class='ocrx_word' id='word_1_299' title='bbox 291 4819 337 4928; x_wconf 86' lang='lat' dir='ltr'><strong>jn</strong></span> <span class='ocrx_word' id='word_1_300' title='bbox 379 4821 558 4902; x_wconf 92' lang='lat' dir='ltr'><strong>omnium</strong></span> <span class='ocrx_word' id='word_1_301' title='bbox 602 4821 812 4922; x_wconf 68' lang='lat' dir='ltr'><strong>saltatore</strong></span> <span class='ocrx_word' id='word_1_302' title='bbox 850 4823 1032 4904; x_wconf 89' lang='lat' dir='ltr'><strong>salutem.</strong></span> <span class='ocrx_word' id='word_1_303' title='bbox 1075 4823 1238 4904; x_wconf 85' lang='lat' dir='ltr'><strong>Tenere</strong></span> <span class='ocrx_word' id='word_1_304' title='bbox 1276 4821 1545 4932; x_wconf 83' lang='lat' dir='ltr'><strong>presentium,</strong></span> <span class='ocrx_word' id='word_1_305' title='bbox 1584 4838 1668 4902; x_wconf 87' lang='lat' dir='ltr'><strong>tam</strong></span> <span class='ocrx_word' id='word_1_306' title='bbox 1707 4821 1935 4905; x_wconf 84' lang='lat' dir='ltr'><strong>futurorum</strong></span> 
     </span>
    </p>
   </div>
   <div class='ocr_carea' id='block_1_13' title="bbox 185 4984 2079 5117">
    <p class='ocr_par' dir='ltr' id='par_1_13' title="bbox 185 4984 2079 5117">
     <span class='ocr_line' id='line_1_35' title="bbox 185 4984 2079 5117; baseline 0.001 -24"><span class='ocrx_word' id='word_1_307' title='bbox 185 5034 214 5108; x_wconf 70' lang='lat'><strong>*1</strong></span> <span class='ocrx_word' id='word_1_308' title='bbox 234 5028 326 5094; x_wconf 77' lang='lat' dir='ltr'><strong>Etter</strong></span> <span class='ocrx_word' id='word_1_309' title='bbox 342 5051 384 5095; x_wconf 82' lang='lat' dir='ltr'><strong>en</strong></span> <span class='ocrx_word' id='word_1_310' title='bbox 402 5029 440 5093; x_wconf 68' lang='grc' dir='ltr'><strong>αἰ</strong></span> <span class='ocrx_word' id='word_1_311' title='bbox 455 5031 566 5095; x_wconf 82' lang='lat' dir='ltr'><strong>Abbot</strong></span> <span class='ocrx_word' id='word_1_312' title='bbox 582 5030 689 5094; x_wconf 71' lang='lat' dir='ltr'><strong>Peru</strong></span> <span class='ocrx_word' id='word_1_313' title='bbox 703 4984 877 5095; x_wconf 30' lang='lat' dir='ltr'><strong>&#39;Baeticos</strong></span> <span class='ocrx_word' id='word_1_314' title='bbox 895 5051 940 5094; x_wconf 82' lang='lat' dir='ltr'><strong>tn.</strong></span> <span class='ocrx_word' id='word_1_315' title='bbox 957 5029 992 5093; x_wconf 85' lang='lat' dir='ltr'><strong>ll.</strong></span> <span class='ocrx_word' id='word_1_316' title='bbox 1009 5034 1022 5093; x_wconf 87' lang='lat' dir='ltr'><strong>i</strong></span> <span class='ocrx_word' id='word_1_317' title='bbox 1041 5030 1375 5115; x_wconf 61' lang='lat' dir='ltr'><strong>althelmus-Klossa-</strong></span> <span class='ocrx_word' id='word_1_318' title='bbox 1395 5029 1487 5112; x_wconf 73' lang='lat' dir='ltr'><strong>giotd</strong></span> <span class='ocrx_word' id='word_1_319' title='bbox 1505 5031 1630 5095; x_wconf 70' lang='lat' dir='ltr'><strong>assir-ist</strong></span> <span class='ocrx_word' id='word_1_320' title='bbox 1649 5031 1942 5117; x_wconf 55' lang='lat' dir='ltr'><strong>escape-1502,</strong></span> <span class='ocrx_word' id='word_1_321' title='bbox 2075 5077 2079 5084; x_wconf 86' lang='lat'>-</span> 
     </span>
    </p>
   </div>
   <div class='ocr_carea' id='block_1_14' title="bbox 0 0 2213 5956">
    <p class='ocr_par' dir='ltr' id='par_1_14' title="bbox 0 0 2213 5956">
     <span class='ocr_line' id='line_1_36' title="bbox 0 0 2213 5956; baseline 0 0"><span class='ocrx_word' id='word_1_322' title='bbox 0 0 2213 5956; x_wconf 95' lang='lat' dir='ltr'><strong> </strong></span> 
     </span>
    </p>
   </div>
  </div>
 </body>
</html>
