4368 5950
852 413 1269 519 *¹89-

162 644 303 711 nostra
327 641 358 710 u'
382 629 533 739 gremio
561 635 697 713 sancte
726 631 863 712 matris
883 633 1046 713 ecclesie
1072 657 1142 711 eos
1169 647 1463 742 sequestramus
1489 632 1628 743 quoad
1644 660 1810 746 usquea
1824 653 1947 720 teme·

160 743 272 822 rario
300 741 528 823 destiterint
556 742 718 848 incepto
746 757 788 820 et
817 739 1163 851 insupcrdomini
1191 742 1296 847 regis
1323 757 1365 821 et
1390 759 1571 824 nostram
1598 745 1726 828 sciant
1752 748 1830 830 sibi
1854 750 1949 832 riu·

154 849 311 932 uictam
341 853 506 934 iminere
534 853 779 960 Precipimus
807 852 931 933 eciam
947 851 1175 934 heredibus
1203 851 1296 930 Tho
1323 867 1492 932 masters
1526 874 1724 965 quatenus
1752 843 1950 942 molendiss

160 971 264 1042 num'
288 960 401 1071 quod
429 992 505 1074 pro
533 961 712 1044 remedio
740 964 869 1042 anime
897 965 1024 1073 patris
1052 963 1114 1042 sui
1148 960 1330 1045 defuncti
1371 961 1543 1043 cenobio
1581 965 1806 1048 noueuallis
1851 997 1967 1060 con·v

159 1073 350 1168 tulerunt,
371 1103 455 1156 non
481 1089 714 1181 presumant
742 1099 934 1156 reuocare
962 1089 1033 1154 aut
1056 1071 1281 1181 juramento
1309 1072 1405 1155 dato
1433 1073 1654 1159 secundum
1678 1075 1783 1186 leges
1797 1093 1949 1190 negent

161 1193 207 1266 se
233 1187 325 1267 loco
352 1182 794 1294 predictocontulisse.
846 1207 857 1224 ’Ν
897 1254 899 1258 2

176 1475 300 1579 166.
448 1581 452 1588 ,
680 1539 682 1542 -
848 1475 1283 1600 rard—1220.

245 1695 494 1840 nii-ibreii}
524 1697 535 1756 i
555 1695 728 1778 Liuldping
748 1675 939 1776 skyddsbref
952 1694 1003 1756 fb'r
1022 1661 1147 1778 llydala
1168 1695 1284 1757 kloster
1304 1693 1365 1757 och
1385 1691 1452 1755 dese
1473 1694 1483 1755 i
1506 1693 1669 1758 Sunnerbo
1689 1695 1793 1760 utrae
1813 1697 1944 1782 beligne

311 1801 321 1839 r
371 1799 417 1840 om
495 1799 539 1838 er.
1647 1832 1651 1838 .

334 1883 337 1888 '
419 1799 438 1860 8
1586 1890 1621 1944 A.
1640 1890 1667 1944 3.
1684 1906 1710 1944 x.
1731 1905 1761 1944 r:
1781 1888 1822 1946 ιθ.

325 2028 378 2106 K.
414 2023 480 2106 dei
513 2023 646 2134 gracia
674 2021 967 2131 lingacopensis
995 2025 1158 2105 ecclesie
1186 2027 1410 2136 episcopus.
1468 2025 1655 2107 Rauuido
1683 2022 1949 2138 prolocutori.

99 2201 108 2215 .
160 2136 314 2228 Eskillo
343 2135 427 2216 filio
454 2132 602 2242 fyrudi.
628 2161 703 2214 nee
731 2163 814 2214 non
842 2141 882 2216 &
910 2137 1095 2218 omnibus
1123 2134 1328 2218 sunderbo
1356 2136 1685 2220 inhabitantibus.
1714 2137 1891 2220 saluteln.
1909 2141 1950 2219 8t

159 2251 372 2359 paternam
412 2245 746 2329 benedictionem.
818 2241 1093 2353 significamus
1135 2247 1391 2332 uniuersitati
1436 2268 1565 2330 uestre
1600 2249 1712 2360 quod
1742 2276 1792 2330 ex
1819 2243 1963 2328 officii
2010 2271 2014 2294 ¹

161 2362 289 2442 nostri
331 2385 448 2440 causa
491 2357 818 2464 constringimus.
859 2358 1034 2465 querelis
1081 2358 1266 2438 omnibus
1295 2359 1517 2440 intendere.
1547 2386 1694 2470 easque
1722 2357 1945 2439 secundum

159 2472 358 2553 iusticiam
400 2469 625 2550 examinare
667 2467 773 2552 loca,
798 2493 908 2546 sacra
938 2467 1121 2555 ecclesias
1154 2468 1395 2550 &claustra
1424 2493 1645 2580 eorumque
1673 2470 1945 2579 possessiones

159 2583 213 2666 ab
247 2581 418 2663 iniustis
433 2578 699 2664 inuasoribus.
729 2580 1009 2684 protegere&
1038 2578 1253 2660 defensare.
1312 2583 1575 2689 Quapropter
1603 2584 1842 2662 auctoritate
1871 2607 1947 2660 uo·

159 2693 224 2776 bis
250 2693 456 2775 commissa
470 2689 589 2770 uobis
616 2686 863 2773 mandamus.
893 2687 1121 2771 mandando
1149 2688 1404 2772 consulimus.
1426 2688 1673 2773 consulendo
1688 2691 1944 2800 precipimus.

158 2805 348 2918 qrutinus
376 2801 646 2911 possessiones
673 2799 839 2911 claustri
868 2799 1090 2882 noueuallis
1105 2801 1219 2880 cuius
1233 2799 1375 2882 domus
1405 2801 1639 2882 fundatores
1666 2829 1740 2882 nos
1768 2829 1853 2881 esse
1884 2800 1953 2881 fa·'

156 2937 290 3002 temur
317 2931 365 2994 ut
392 2929 658 2993 antecessores
685 2911 813 2990 nostri
841 2913 1074 2992 extiterunt.
1104 2912 1369 3019 possessiones
1399 2916 1563 3022 inquam
1592 2939 1637 2992 ac
1651 2910 1793 3021 predia
1807 2908 1945 3020 predi-

157 3029 216 3111 cti
242 3025 405 3106 claustri
433 3049 514 3132 que
543 3023 647 3100 iuter
675 3033 749 3102 uo's
777 3038 873 3102 suut
901 3024 1069 3102 maxime
1097 3039 1355 3126 mansyonem
1384 3020 1434 3101 de
1448 3021 1812 3132 guldbrunzrutbe.
1829 3027 1869 3102 St
1882 3023 1946 3133 pi·-

161 3135 382 3220 scationem
410 3132 461 3214 de
489 3131 683 3212 schethen
710 3132 795 3211 sine
821 3136 933 3212 omni
961 3133 1189 3240 calumpnia
1224 3133 1266 3210 in
1332 3159 1401 3211 ace
1444 3133 1661 3214 dimittatis.
1718 3135 1801 3236 Qui
1845 3159 1946 3214 uero

158 3248 328 3334 consilio
355 3259 494 3327 nostro
523 3248 563 3321 81
590 3259 783 3351 precepto
811 3246 1012 3324 contraire
1036 3161 1329 3352 presumpsenl
1349 3245 1532 3352 rapinam
1546 3241 1773 3324 inferendo
1809 3245 1945 3354 predi·

158 3379 226 3444 cto
256 3360 347 3440 loco
374 3359 490 3437 beate
519 3356 667 3462 uirgini
696 3354 818 3439 marie
846 3370 1081 3436 consecrato
1110 3373 1179 3448 aut
1208 3354 1331 3433 ullam
1359 3355 1578 3435 molestiam
1610 3370 1755 3434 contra
1783 3356 1945 3466 leges&

157 3475 250 3554 iura
268 3466 531 3549 ecclesiastica
560 3465 800 3545 machinare.
828 3465 1049 3546 secundum
1077 3463 1263 3545 mandata
1292 3466 1512 3572 apostolica
1537 3467 1774 3547 sententiam
1803 3467 1944 3550 diuine

156 3607 327 3665 censure
355 3606 447 3657 eum
475 3574 972 3684 promulgabimusquod
996 3577 1030 3654 si
1060 3604 1133 3655 nec
1161 3578 1218 3654 sic
1246 3603 1286 3654 se
1316 3577 1540 3656 coercuerit
1567 3577 1732 3659 domino
1747 3581 1844 3688 regi.
1860 3566 1944 3660 tarn
2026 3570 2029 3588 ’

156 3710 471 3800 transgressores
499 3714 621 3795 quam
649 3691 1005 3792 transgressionem
1034 3687 1316 3766 intimabimus.

463 3829 509 3892 Pa
529 3826 705 3892 frinsidant
726 3827 1006 3911 ''gulbrunzrydb”
1027 3839 1107 3890 samt
1129 3829 1259 3910 ”quinta
1279 3829 1386 3891 littera
1407 3827 1449 3891 de
1468 3828 1622 3893 skaeden’t

413 3944 551 4030 Sigillet,
572 3947 668 4044 lavare
688 3964 788 4006 remea
808 3944 892 4005 verit
911 3943 982 4006 frdu
1000 3941 1190 4024 haudliugen
1211 3941 1349 4020 lossusd3
1367 3964 1400 4005 se
1421 3943 1500 4008 Τὼ.
1522 3946 1551 4006 3.
1574 3958 1626 4006 nto
1647 3941 1677 4004 6.

167 4201 370 4342 167..
570 4255 571 4258 κ
794 4123 1312 4334 1217d.25Jan.
1715 4193 1943 4295 Laterau.

231 4405 332 4482 ‘Pate
364 4389 524 4483 Honorius
554 4416 624 4477 lll:s
660 4411 805 4476 tiltttelse
824 4413 872 4473 fiir
892 4410 1070 4475 lrle-Bislr.
1090 4416 1100 4474 i
1124 4412 1213 4474 Lund
1236 4423 1282 4473 att
1303 4412 1352 4474 till
1373 4414 1427 4474 sitt
1448 4367 1602 4492 umgt’nge
1618 4411 1678 4472 och
1698 4407 1889 4472 utrittondet
1910 4407 1947 4470 sf

290 4503 428 4587 lyricus
449 4497 704 4586 angellgenbeter
725 4497 806 4580 vilja
826 4498 925 4578 rigon
947 4495 1071 4578 endelig
1092 4506 1167 4556 utur
1186 4494 1310 4557 brillet
1332 4497 1446 4557 kloster
1467 4494 1583 4556 bonorn
1605 4492 1777 4574 bchagade·

1349 4687 1353 4693 Ι
1396 4610 1427 4663 F.
1447 4623 1474 4662 r:
1493 4609 1533 4661 3ο.
1567 4611 1623 4662 An.
1645 4629 1665 4664 ι.
1684 4609 1735 4678 Ep.
1750 4625 1806 4677 199.

225 4755 228 4760 λ
322 4753 521 4870 Honorius
549 4757 620 4830 &o
650 4747 879 4828 Venerabili
892 4693 1054 4832 Fratri.
1072 4805 1080 4822 .
1099 4805 1107 4822 .
1125 4745 1423 4856 Arebiepiscopo
1440 4745 1645 4866 Lurzdensi.
1674 4744 1853 4823 Salutem
1868 4749 1939 4822 &e

263 4943 265 4946 ·
297 4897 378 4975 ·Ut
420 4923 471 4973 ex
504 4892 693 4972 convictu
732 4888 1011 4994 religiosorum
1046 4913 1176 4964 mores
1211 4903 1252 4965 et
1280 4886 1359 4964 vita
1392 4882 1636 4980 formentur,
1665 4887 1773 4964 viros
1805 4884 1941 4992 religi-

153 5036 248 5106 osos
290 5025 331 5088 et
370 5003 562 5115 providos
604 5000 654 5081 ad
690 5015 800 5079 tuam
835 4998 1067 5107 disposuisti
1095 4995 1285 5114 familiam
1312 5021 1553 5092 convocare,
1582 5023 1606 5076 a
1634 4995 1782 5106 quibus
1808 5017 1942 5074 exem·
