4404 5960
918 305 1496 446 '..-.an..sp

313 563 492 673 denarijs
520 564 710 647 &rebus
739 563 827 674 alijs
855 564 1075 647 secundum
1102 525 1394 650 estimationem
1407 561 1554 672 valoris
1569 564 1694 672 ipsius
1707 493 1845 676 pridj.
1858 587 1964 677 prout
1974 599 2048 656 con·

313 677 477 785 siliarijs
505 677 717 785 utriusque
746 676 873 784 partis
901 677 1031 758 uisum
1060 675 1193 758 fuerat
1220 676 1450 786 expedire..
1479 677 1535 754 Vt
1568 676 1696 786 igitur
1722 678 1829 788 quod
1854 683 1904 760 ita
1927 681 2052 772 sollen-

313 789 451 898 pniter
479 785 629 869 factum
657 803 718 866 est
744 787 904 867 firmum
931 784 1059 868 robur
1087 789 1282 896 optineat.
1312 811 1388 867 nos
1416 788 1592 894 presenti
1606 805 1716 871 carte
1729 787 1891 897 sigillum
1906 807 2052 874 nostran

314 898 497 1009 appendi
525 895 705 980 fecimus.
734 923 809 980 nee
837 915 921 978 non
950 895 990 977 lle
1024 896 1181 980 abbatis
1224 896 1460 980 Noueuallis
1507 897 1574 1006 cuj
1621 897 1745 979 tutius
1779 896 1893 1007 hujus
1929 905 2053 1010 negocij

315 1011 441 1120 plena
466 1011 616 1090 ‘ueritas
643 1028 740 1090 nota
769 1010 903 1092 seruit.
933 1007 1072 1090 Testes
1100 1011 1214 1090 istius
1242 1008 1458 1117 emptionis
1486 1009 1573 1088 siue
1599 1008 1824 1116 concambij
1837 1025 1924 1091 sunt
1939 1039 2055 1092 meno-

136 1141 139 1149 ’
176 1159 184 1170 ·
316 1138 432 1202 ratus
460 1100 597 1202 abbas
624 1119 854 1201 Nicholaus.
884 1124 924 1199 a
950 1117 1191 1200 Foreundus
1219 1118 1470 1199 cellerarius.
1500 1119 1643 1199 Petrus
1671 1121 1795 1200 eciam
1821 1138 2057 1228 cognatusno

319 1248 403 1314 ster
431 1245 700 1338 cognomento
729 1255 838 1337 gusa.
866 1229 1080 1312 Halstanus
1110 1229 1270 1336 longus.
1291 1227 1566 1337 Briniolphus
1600 1230 1704 1310 filius
1727 1225 2058 1338 Gcrmundiprolo

319 1344 486 1424 autoris.
515 1339 689 1422 Ketillus
716 1339 821 1419 filius
850 1340 969 1419 Petri.
997 1366 1071 1423 nec
1099 1366 1183 1420 non
1209 1345 1250 1420 ἃ
1276 1339 1345 1447 alij
1375 1337 1491 1419 multi
1518 1361 1695 1448 quorum
1727 1341 1886 1420 nomina
1912 1367 1985 1421 non
2007 1359 2060 1448 po·

319 1451 739 1646 Rappuffilrzplrprsignti
753 1449 906 1533 cartula
921 1450 1130 1534 contineri.
1145 1453 1291 1532 Actum
1304 1477 1411 1532 anno
1423 1451 1569 1560 gracie.
1585 1449 2061 1533 M⁰.CC⁰.LX⁰.VI⁰.XVll⁰.

829 1697 875 1760 Pa
897 1697 1068 1768 lidusldant
1090 1697 1254 1762 Verendie.
1275 1699 1414 1784 Alatorp.
1435 1697 1597 1762 Linhol'de.

760 1773 904 1864 sigillent
925 1785 985 1848 Neo
1010 1805 1021 1845 1
1046 1782 1215 1852 bortsallet.
1256 1783 1315 1848 Neo
1336 1801 1366 1860 a,
1387 1782 1560 1861 Abbotens,
1583 1781 1687 1844 finnus.

328 1990 468 2096 523.
955 1955 1482 2132 126'6d.2110n.
1648 2093 1656 2106 ,
1717 2073 1725 2084 .
1873 1982 2066 2094 Viterbo.

407 2207 476 2276 Pell.
498 2209 634 2273 Casama
657 2159 734 2270 ths‘
748 2205 826 2267 Bref
842 2205 889 2272 till
920 2201 1131 2286 lrledjttlnen
1162 2205 1223 2267 och
1253 2206 1488 2290 Dum-Capidet
1509 2207 1520 2266 i
1540 2203 1572 2270 U
1595 2207 1659 2283 sala
1690 2205 1826 2270 rdrande
1847 2208 1886 2286 4ο
1905 2207 2001 2290 dagam
2016 2205 2067 2268 alla

458 2294 509 2355 liin
530 2290 617 2372 dem,
639 2310 704 2354 som
725 2287 841 2358 besiika
862 2284 981 2372 Upsala
1002 2287 1202 2378 Damyrias,
1224 2285 1281 2354 det·
1302 2287 1437 2376 Konung
1458 2287 1542 2352 Earn
1585 2312 1623 2351 en
1644 2289 1753 2372 Helige
1775 2289 1874 2374 ligger
1893 2290 2039 2370 begiafven.

1465 2404 1501 2458 Α.
1522 2419 1544 2457 ι.
1565 2421 1589 2458 a
1607 2396 1649 2483 ty.
1669 2406 1722 2481 och
1744 2403 1781 2459 Α.
1803 2422 1826 2462 r.
1843 2403 1926 2459 (1.68.
1943 2401 1972 2474 *l

344 2626 348 2634 ,
494 2544 681 2627 Cernens
710 2538 923 2647 episeopus
948 2525 1096 2622 seruus'
1116 2565 1326 2628 seruorum
1354 2538 1431 2630 dei.
1455 2537 1628 2628 Dilectis
1656 2537 1750 2647 filijs
1778 2601 1788 2621 .
1818 2599 1827 2618 .
1856 2535 2069 2622 Archidiaco·

330 2683 386 2738 no
412 2671 453 2736 et
482 2651 672 2760 Capitulo
700 2648 863 2738 ecclesie
892 2647 1122 2755 Vp'salensi,
1152 2650 1330 2732 Salutem
1352 2657 1393 2734 e't
1420 2649 1682 2758 apostolicam
1703 2648 2014 2740 benedictionem.
2033 2648 2068 2723 ln

332 2764 620 2850 festiuitatibus
649 2762 890 2846 Sanctorum
917 2785 996 2866 que
1023 2787 1047 2838 a
1074 2758 1215 2848 christi
1243 2759 1428 2850 fidelibus
1460 2757 1601 2842 uotiua
1637 2760 1876 2850 celebritate
1906 2761 2069 2850 coluntur,

232 2963 235 2973 ,
333 2876 467 2986 dignis
496 2870 958 2979 laudibusglorificatur⁸
985 2871 1254 2980 omnipotens,
1282 2873 1429 2960 sanctis
1457 2872 1554 2979 ipsis
1582 2869 1743 2964 debitus
1772 2871 1906 2964 honor
1919 2864 2070 2992 lupentii·

232 3023 234 3033 ¹
331 3004 412 3083 tur,
441 3001 482 3066 et
510 2984 730 3067 animarum
759 2979 965 3089 profectus
992 2978 1208 3070 deuotione
1222 3009 1400 3089 congrua
1416 2983 1669 3091 procuratur,
1691 2980 1801 3074 vnde
1815 3009 1889 3073 nos
1904 2975 2070 3092 quilldeli·

233 3169 238 3182 ,
331 3126 402 3177 um
417 3098 597 3202 ipsorum
611 3119 748 3179 curam
767 3091 943 3198 gerimus
957 3092 1197 3198 generalem,
1217 3086 1308 3172 e'um
1330 3119 1403 3201 pre
1425 3092 1613 3182 omnibus
1628 3084 1708 3203 que
1723 3108 1864 3184 nostre
1878 3089 2073 3186 incumbunt

332 3203 595 3292 sollicitudini
624 3200 675 3282 ad
703 3199 924 3282 eorundem
951 3201 1120 3282 salutern
1147 3201 1355 3292 intendere
1390 3218 1616 3296 teneamur,
1660 3203 1788 3292 multo
1831 3202 2004 3296 disiderio
2026 3225 2074 3277 ca·

331 3318 482 3425 pimus,
511 3331 558 3392 ut
585 3313 745 3400 illorum
773 3312 1004 3401 memoriam
1031 3339 1135 3421 quos
1169 3328 1312 3403 exutos
1340 3297 1419 3402 iam
1461 3337 1633 3421 corpore
1674 3313 1775 3394 stola
1819 3314 1941 3424 glorie
1978 3305 2075 3388 induit

332 3429 419 3506 Rex
447 3423 600 3512 celestis
629 3421 910 3510 uenerabiliter
939 3422 1179 3517 recolentes,
1198 3425 1388 3532 ‘ipsorum
1415 3422 1514 3505 festa
1538 3429 1582 3504 'et
1629 3422 1779 3516 celebri
1816 3429 1935 3535 'agant
1974 3420 2076 3509 obser·

332 3535 474 3622 nantia
508 3551 547 3613 et
584 3531 878 3640 sollempnitate
914 3546 1049 3623 annua
1079 3525 1386 3644 prosequantur.
1415 3535 1633 3644 Cupientes
1661 3536 1786 3644 igitur
1802 3533 2012 3630 uteoclesia
2030 3555 2077 3607 ue·

334 3666 418 3728 stra
448 3649 489 3727 in
517 3671 598 3755 qua
626 3649 773 3750 corpus
801 3641 910 3731 beati
939 3643 1046 3725 Erici
1075 3647 1249 3739 martiris
1276 3663 1322 3726 ut
1350 3648 1523 3727 asserltis
1551 3647 1782 3757 requiescit,
1811 3662 1855 3727 et
1882 3648 1924 3742 in
1948 3668 2019 3754 qua
2039 3636 2077 3716 le

336 3759 516 3838 stiuitate
545 3755 670 3862 ipsius
697 3753 824 3842 sancti
852 3753 906 3833 ob
934 3754 1111 3846 eiusdem
1154 3757 1422 3850 reuerentiam
1464 3757 1607 3866 populi
1649 3757 1844 3852 conuenit
1885 3749 2079 3857 multitudo,

337 3868 527 3978 congruis
558 3862 783 3950 honoribus
811 3861 1107 3970 frequentetur,
1136 3867 1321 3958 omnibus
1352 3894 1447 3948 uere
1476 3869 1751 3996 penitentibus
1772 3883 1813 3947 et
1836 3865 2020 3959 confessis,
2031 3857 2080 3968 qui

337 3979 506 4060 eandem
535 3977 739 4060 ecclesiam
768 3974 810 4052 in
838 3970 974 4064 eadem
1002 3973 1218 4067 festiuitate
1260 4005 1350 4056 curn
1392 3975 1530 4057 debita
1572 3976 1787 4065 deuotione
1826 4003 1873 4059 ac
1902 3969 2083 4068 reuerentia

131 4165 135 4174 .
256 4159 257 4164 Ν
338 4088 592 4176 uisitanerint
621 4089 827 4170 annuatim
855 4079 906 4175 'de
939 4086 1228 4193 omnipotentis
1276 4086 1341 4176 dei
1385 4088 1675 4186 misericordia,
1703 4105 1745 4180 et
1776 4089 1982 4182 beatorum
2005 4079 2083 4164 Petri

339 4219 380 4282 et
407 4200 522 4282 Pauli
542 4195 826 4306 ,apostolorum
858 4196 945 4275 eins
973 4195 1213 4277 auctoritate
1246 4199 1404 4294 conlisi,
1445 4191 1723 4308 Quadraginta
1752 4196 1836 4279 dies
1865 4199 1915 4282 de
1942 4197 2083 4280 iniuncta

339 4313 418 4397 sibi
445 4309 665 4420 penitentia
700 4305 1010 4398 misericorditer
1044 4306 1277 4404 relaxamus.
1333 4309 1481 4404 Datum
1512 4309 1686 4417 Viterbij
1715 4308 1795 4389 XII
1828 4308 1922 4390 Kal.
1950 4309 2086 4390 Nouen-

338 4422 433 4502 bris.
464 4417 738 4516 Pontificatus
763 4416 894 4534 nostrj
921 4422 1040 4499 Anno
1067 4407 1275 4514 ,Secundo¹
1661 4421 1671 4445 ³

384 4561 533 4624 Bullorna
553 4558 740 4626 horulam
765 4557 837 4618 meu
858 4556 954 4638 nigra
974 4556 1071 4632 undar
1090 4558 1129 4638 al
1145 4559 1196 4621 det
1216 4558 1293 4637 nida
1315 4558 1376 4631 och
1396 4561 1470 4642 gula
1489 4559 1580 4622 sillet
1608 4569 1661 4640 tm
1682 4579 1770 4658 qvas·
1803 4631 1807 4638 ι
1920 4555 1926 4570 .

338 4679 610 4704 -ι--ιιρ

382 4741 408 4816 *)
431 4735 477 4797 Af
492 4737 576 4834 detta
596 4739 693 4809 finnus
714 4755 790 4836 atne·
804 4741 934 4836 original
955 4739 1027 4818 med
1048 4743 1231 4838 anteclning
1251 4739 1290 4816 al
1305 4756 1424 4838 annun.
1442 4739 1526 4818 hand
1553 4743 1571 4802 ἃ
1598 4741 1650 4840 det
1680 4759 1755 4816 enat
1776 4741 1834 4806 hec
1866 4736 1901 4808 ἃ
1932 4743 1989 4805 alia
2015 4739 2089 4876 ”³¹2³

421 4819 678 4998 dii-{iidie
694 4823 882 4967 §illst-l
899 4819 2090 5050 {ssgg‘fflffiss131„⁰,⁰¹}{¹,¹,¹32,},¹⁸,3'1}{„⁰ff,¹¹¹,5,’„{3333{ssfflmg

383 5083 388 5090 ι
422 4983 498 5045 lacit
518 4995 668 5066 quantum
689 5007 756 5048 vna.
777 4991 816 5052 A.
841 5007 865 5049 r.
910 5034 917 5048 .
979 4985 1063 5050 adet
1084 4986 1181 5050 tiones
1199 4984 1346 5097 likaledes
1367 5005 1385 5048 2
1407 4989 1522 5071 glnger
1543 4991 1703 5064 nfslrilvet
1723 4995 1733 5053 i
1755 4993 1792 5054 B.
1814 5007 1843 5053 a:
1866 5009 1934 5069 212,
1956 4988 2016 5082 233.
