4384 5946
819 393 1016 462 '—
1129 397 1452 492 tt-e

258 613 445 704 concurr.
476 620 513 698 ll
541 621 662 698 Anno
689 620 806 728 regni
835 617 989 700 domini
1005 618 1153 704 ‚kanuti
1177 620 1294 727 regis.
1311 620 1468 730 quinto.
1490 619 1683 730 predictis
1698 623 1950 730 presentibus
1963 630 2040 738 epi·

257 733 393 840 scopis
426 745 467 812 et
500 726 836 837 confirmantibus
878 737 1055 810 Auctore
1093 726 1259 810 domino
1285 748 1442 812 ,nostro
1485 734 1571 814 iesu
1599 731 1774 828 christo·
1793 736 1866 844 qui
1893 751 1951 814 est
1977 738 2041 819 be·

257 842 444 926 nedictus
471 842 514 920 in
542 838 679 922 secula
707 840 935 921 secrdorum
964 849 1093 930 Amen
1140 839 1182 952 ¹).

368 955 419 1033 In·
446 949 591 1059 sigillo
631 952 762 1032 sancti
799 951 943 1033 kanuti
977 954 1095 1062 regis.
1121 951 1227 1032 *huic
1263 950 1397 1034 littere
1433 978 1614 1062 appenso
1657 955 1703 1062 jn
1738 983 1818 1036 rna
1848 973 2043 1063 parteest

257 1082 403 1174 ymago
431 1063 538 1171 regis
566 1061 610 1141 in
637 1061 741 1142 solio
771 1061 958 1146 sedentis.
988 1063 1158 1171 sculpta.
1204 1064 1329 1142 Cuius
1357 1065 1557 1171 ymaginis
1584 1066 1886 1174 superscriptio.
1904 1066 1975 1148 hec
1989 1087 2045 1151 est
2087 1056 2090 1066 ¹

120 1273 126 1278 ι
256 1175 455 1257 PResenti
488 1201 635 1281 regem.
672 1174 791 1282 signo
825 1202 1024 1284 cognosce
1060 1177 1303 1254 Gnutonem.
1367 1175 1429 1254 Ex
1464 1173 1635 1258 aduersa
1672 1191 1789 1284 parte
1818 1193 1878 1256 est
1908 1204 2046 1286 ymago

259 1287 374 1396 quasi
391 1282 518 1373 *ducis
546 1283 610 1363 vel
639 1284 787 1394 equitis
815 1284 987 1396 scrdpta.
1017 1287 1141 1366 Cuius
1171 1285 1463 1393 superscriptio
1491 1289 1643 1370 estHic
1664 1302 1805 1370 natum
1820 1289 1927 1396 regis
1941 1317 2045 1399 mag·

257 1397 312 1476 ni.
342 1395 420 1476 sub
448 1396 612 1474 nonrine
640 1396 783 1476 cernis.

265 1667 354 1773 27.
1130 1671 1149 1736 1
1171 1633 1295 1736 106.
1713 1565 2046 1779 Cantorbiiry.

207 1805 217 1838 ⁸
342 1849 524 1915 nie-usn
550 1853 709 1916 Assume
736 1854 816 1916 aaa
832 1850 881 1916 sn
902 1847 1072 1916 sne-sm
1106 1857 1205 1917 ean
1225 1855 1236 1913 i
1258 1853 1358 1915 tuns.
1741 1933 1809 1986 Kc
1863 1933 1914 1988 sse

1361 1953 1369 1968 s
1769 1973 1775 1984 .
1812 1971 1819 1986 ι
1848 1950 1858 1986 Ι
1916 1972 1922 1986 ι

272 2121 275 2128 ,
452 2045 667 2118 Ansnnnus
711 2037 1050 2143 Archiepiscopus
1094 2037 1323 2140 Cantuariae
1365 2031 1593 2114 reverendo
1633 2033 1787 2114 Laudis
1804 2037 1836 2146 ²)
1867 2036 2050 2115 Ecclesia

256 2145 573 2256 Archiepiscopo
601 2149 747 2228 Atsero
775 2146 947 2246 salutem
975 2151 1014 2226 8<
1041 2166 1179 2248 verum
1206 2147 1424 2226 amicitiam
1450 2145 1494 2224 in
1524 2143 1699 2226 Christo.
1757 2138 1880 2248 Quod
1915 2175 1975 2226 me
1989 2172 2051 2226 ro·

255 2259 379 2367 gestis
421 2257 473 2340 de
516 2258 691 2338 Domino
734 2255 901 2338 Albrico
944 2257 1153 2339 Cardinali
1196 2257 1387 2338 Romanae
1415 2255 1603 2335 Ecclesiae
1631 2254 1807 2336 libenter
1837 2255 1936 2352 feci,
1965 2283 2051 2338 cum

125 2403 128 2410 ·
256 2385 427 2477 propter
455 2369 653 2464 honorem
682 2367 873 2449 Romanae
903 2367 1107 2466 Ecclesiae,
1135 2383 1224 2450 tum
1252 2383 1422 2476 propter
1451 2393 1628 2447 amorem
1657 2380 1849 2462 restrum,
1879 2396 1959 2474 pro
1973 2393 2051 2478 quo

192 2561 196 2569 ,
257 2477 434 2570 libenter
476 2479 610 2559 facere
653 2479 747 2558 volo
796 2481 830 2560 si
873 2477 974 2588 quid
1022 2477 1136 2589 quod
1178 2477 1337 2588 placeat
1380 2463 1585 2558 sanctitati
1627 2493 1770 2556 restrae
1800 2478 2048 2558 intellexero.

258 2589 422 2670 Gratias
449 2591 604 2697 agimus
633 2589 739 2684 Deo,
768 2590 840 2698 qui
868 2591 912 2668 in
940 2617 1069 2698 regno
1098 2591 1307 2670 Danorum
1336 2604 1510 2668 vestram
1539 2587 1768 2697 religiosam
1786 2585 1818 2700 3)
1849 2587 1901 2668 ad
1925 2589 2051 2668 archi·

257 2701 537 2810 episcopatum
579 2697 808 2780 sullimavit.
880 2699 1130 2780 Confidimus
1158 2702 1265 2781 enim
1302 2701 1418 2808 quia,
1447 2700 1577 2807 gratia
1607 2699 1682 2778 Dei
1711 2701 1981 2806 cooperante,
2009 2725 2051 2780 ea

120 2829 121 2836 '
257 2839 348 2922 quae
391 2807 634 2919 corrigenda
661 2828 757 2892 sunt
792 2813 1036 2920 corrigetis,¹
1051 2817 1091 2894 Sc
1119 2840 1211 2922 quae
1238 2805 1473 2908 aedificanda
1503 2806 1786 2905 aedificantis,-
1799 2817 1838 2889 &
1866 2839 1960 2920 quae
1981 2836 2052 2890 nu·

258 2919 420 3004 trienda
462 2921 666 3004 nutrietis.
727 2919 966 3006 Audivimus
989 2949 1175 3038 ,namque
1210 2951 1234 3003 a
1270 2920 1441 3031 praefato
1466 2918 1678 3001 'Cardinali
1707 2920 1835 3000 multa
1863 2919 1977 3001 bona
2006 2919 2052 3002 de

257 3033 385 3114 vobis
456 3030 576 3112 Vnde
605 3033 724 3114 istam
751 3032 947 3116 habemus
975 3031 1182 3129 fiduciam,
1211 3041 1249 3114 8<
1278 3058 1440 3112 oramus
1475 3047 1523 3111 ut
1551 3032 1678 3125 Deus,
1707 3033 1780 3141 qui
1808 3031 1887 3113 hoc
1904 3033 2054 3141 incepit

258 3145 302 3223 in
330 3144 465 3241 vobis,
501 3142 554 3224 ad
589 3143 743 3225 bonum
778 3142 971 3225 eflectum
999 3161 1174 3224 vestram
1202 3171 1285 3223 sem
1316 3171 1360 3224 er
1389 3139 1588 3250 perducat
1617 3141 1879 3222 voluntatem.
1941 3145 2054 3251 Rogo

257 3256 513 3337 sanctitatem
546 3256 721 3336 vestram
755 3256 950 3366 quatinus
985 3281 1155 3362 regnum
1192 3173 1314 3334 illudJ
1328 3269 1465 3332 vestro
1492 3267 1635 3334 sancto
1662 3252 1798 3333 studio
1827 3252 2055 3335 emundetis

259 3361 312 3446 ab
354 3367 568 3475 apostatis,
604 3382 651 3445 ut
686 3366 822 3445 nullus
857 3365 1082 3474 alienigena
1111 3365 1171 3445 ibi
1199 3365 1370 3472 recipiat
1398 3362 1574 3473 aliquem
1603 3363 1918 3444 ecclesiasticum
1949 3362 2058 3456 ordi·

257 3502 369 3556 nem:
444 3479 510 3558 uia
539 3477 599 3557 illi
632 3474 706 3585 qui
733 3475 787 3555 ab
816 3477 1027 3583 Episcopis
1055 3477 1138 3556 suis
1166 3474 1443 3585 repelluntur,
1472 3472 1569 3554 illuc
1599 3491 1795 3582 pergunt,
1824 3482 1862 3555 Sc
1891 3503 2058 3556 execra-

258 3585 399 3670 biliter
413 3506 739 3810 ilgffidngpersos
767 3582 931 3669 ordines
945 3604 1166 3668 sacrantur.
1225 3587 1381 3683 Valete‚
1396 3591 1435 3666 ἃ
1449 3601 1562 3666 orate
1579 3612 1656 3695 pro
1670 3613 1744 3665 me.
1802 3581 1935 3693 (Datae
1952 3587 2058 3667 Can-

259 3700 402 3781 tuariae
616 3759 624 3776 .
889 3696 895 3710 “

268 3934 380 4041 att
974 3931 1126 4039 1133
1170 3929 1297 4073 d.·7
1346 3930 1454 4035 lan.
1761 4049 1766 4062 A
1885 3931 2059 4038 Lund.

344 4151 527 4222 trie-Bisa
555 4154 670 4218 bens
697 4153 776 4216 lirel'
791 4150 926 4215 adrande
945 4151 986 4213 de
1007 4154 1061 4216 vid
1084 4153 1281 4236 iurigningen
1301 4150 1339 4211 af
1355 4147 1616 4233 Kraits-Kyrkan
1637 4150 1648 4210 i
1670 4148 1760 4211 Lund
1783 4147 1814 4211 d.
1836 4149 2062 4216 antoninae
2143 4131 2145 4136 ⁵

393 4241 585 4387 fflhsptmma
605 4233 717 4318 Kysis
737 4236 824 4318 plna
844 4233 936 4317 gods,
956 4237 1106 4299 stiitelsen
1127 4237 1165 4298 ef
1180 4235 1277 4319 nigre
1298 4231 1476 4318 prebenden
1495 4233 1556 4369 och
1579 4231 1685 4360 anslag
1707 4233 1745 4295 ei
1761 4231 1836 4316 gods
1856 4234 1909 4298 till
1923 4235 2062 4300 Geniis·

1771 4411 1800 4468 R
1820 4426 1920 4486 1:119.

426 4521 690 4604 Consecracio
724 4525 763 4599 81
795 4517 958 4601 dotacio
986 4518 1153 4600 ecclesie
1181 4518 1312 4625 cripte
1326 4518 1438 4595 item.
1466 4513 1675 4594 Fundacio
1690 4514 1948 4624 quarundam
1965 4547 2061 4629 pre·

460 4631 686 4713 bendarum
724 4659 797 4739 per
832 4629 1041 4714 dominum
1076 4656 1259 4710 ascerum
1293 4627 1642 4733 archiepiscopum
1670 4627 1722 4704 Et
1751 4625 1925 4709 donacio
1988 4627 2063 4712 uo'·

458 4740 632 4824 rundam
661 4743 864 4823 bonorum
892 4741 945 4823 ad
972 4767 1151 4823 mensam
1179 4763 1431 4831 communem
1459 4735 1748 4818 canonicorum
1776 4661 2062 4845 pereundam.

349 4937 376 5012 ι)
402 4931 465 4997 Det
473 4925 628 5015 fle'onde
646 4934 764 4998 calm.
807 4939 837 5016 a)
857 4931 1037 5000 erdensis.
1080 4931 1117 5011 3)
1137 4929 1376 5016 religiositatem
1395 4947 1476 4992 enne
1498 4923 1540 4989 K·
1561 4922 1632 4988 525.
1654 4926 1833 5010 religiosam
1853 4931 2063 5013 prudentiam

142 5122 146 5140 ¹
229 5131 237 5160 s
341 5099 633 5185 tillamut'llffl
724 5143 733 5162 .

214 5036 216 5045 ¹
344 5010 380 5078 dr
399 5015 585 5100 prudentem
603 5018 855 5180 edwium,
878 5019 1017 5103 stutgras
1037 5013 1082 5100 nt
1094 5013 1204 5080 ande
1244 5014 1284 5080 G·
1305 5012 1341 5078 5.
1383 5013 1416 5094 4)
1434 5009 1651 5078 exitiabiliter.
1672 5007 1712 5074 G·
1735 5009 1773 5076 5.
1816 5012 1847 5092 5)
1868 5013 1966 5082 Delta
1987 5019 2066 5083 st'ata

643 5270 653 5288 ἱ
