4370 5950
983 499 1043 518 ....
1150 453 1374 534 68.“...

285 676 362 756 Dci
390 673 560 770 iustitia,
589 697 666 752 nec
693 698 735 754 se
764 672 973 784 clongauit
1001 672 1142 754 diuina
1185 673 1414 754 clementia.⁴
1469 674 1706 784 Impugnari
1733 671 2069 774 voluit‘diabolus,

283 787 362 868 sed·
382 786 467 868 sola
494 801 662 894 peccata
691 787 885 894 purgauit
914 787 1130 865 Dominus:
1157 784 1292 867 lidem-
1306 813 1470 896 puram,
1498 786 1759 867 deuotionem
1793 787 2072 868 sanctissimam
2173 825 2175 890 3

285 899 497 980 obfuscare
524 896 655 976 voluit
684 899 874 1005 princeps
902 897 1184 998 tenebrarum3
1210 897 1282 979 sed
1312 901 1421 978 Deus
1451 898 1522 1010 qui
1551 897 1623 978 lux
1651 914 1732 996 est,
1762 905 1801 979 8(
1830 899 2011 979 tenebrae
2037 901 2073 978 in
2173 941 2175 954 ·

286 1040 336 1092 eo
369 1038 455 1108 non
481 1023 577 1090 sunt
604 1007 715 1105 vllae,
741 1007 794 1088 de
823 1010 983 1090 camino
1011 1009 1225 1089 clariorem
1254 1012 1451 1107 extraxit,
1479 1017 1518 1091 8(
1548 1037 1692 1090 aurum
1721 1038 1839 1090 suum
1867 1011 2075 1120 pretiosius
2173 1087 2175 1116 ,

283 1119 475 1204 reddidit.
533 1121 575 1200 Si
619 1137 801 1226 superest
843 1121 1016 1201 dilectus
1056 1136 1196 1201 noster
1230 1122 1463 1229 Crispinus,
1498 1123 1765 1202 attentissime
1807 1123 1922 1214 illum
1966 1120 2074 1202 vobis

284 1230 632 1327 commendamus,
659 1239 698 1311 8(
726 1231 853 1312 filium
881 1234 1048 1314 loannis
1075 1233 1468 1341 surgenssnostri,
1497 1240 1536 1314 8(
1571 1261 1711 1314 omnes
1744 1261 1847 1342 quos
1876 1232 2078 1314 vobiscum

184 1392 187 1400 =
285 1344 495 1427 duxistis
531 1341 821 1423 Dilectissimus
862 1361 997 1426 vester
1039 1343 1178 1424 Abbas
1206 1361 1438 1424 sanctorum
1467 1345 1646 1452 Crispini
1676 1351 1716 1426 8(
1742 1339 1994 1454 Crispiniani
2022 1371 2076 1424 sa·

286 1457 391 1537 lutat
432 1479 519 1533 vos.
589 1454 651 1534 De
684 1453 749 1534 his
782 1485 875 1567 quae
908 1455 1018 1565 apud
1053 1483 1130 1534 nos
1157 1454 1285 1551 frunt,
1300 1483 1487 1565 suggero
1517 1457 1693 1537 Domino
1722 1483 1830 1553 mec,
1860 1458 1957 1567 quia
1988 1457 2078 1536 satis

225 1595 228 1608 ·
284 1592 482 1678 prospera
496 1581 605 1645 sunt.
661 1565 907 1647 Senonensis
933 1563 1276 1675 Arcbiepiscopus
1302 1567 1433 1647 factus
1462 1586 1521 1649 est
1536 1567 1753 1648 Remensis:
1811 1568 2005 1677 Magister
2020 1569 2078 1647 lo·

286 1705 414 1759 annes
441 1673 774 1775 saresberiensis,
801 1678 1011 1790 quondam
1039 1679 1212 1758 clericus
1237 1695 1397 1774 noster,
1425 1679 1557 1760 factus
1585 1697 1646 1760 est
1675 1681 1901 1788 Episcopus
1931 1670 2110 1759 Cerno?
2167 1764 2170 1775 ,

288 1791 427 1872 tensis
490 1789 730 1870 Conucntus
762 1807 904 1872 noster
935 1818 1096 1900 semper
1123 1807 1215 1870 orat
1243 1818 1320 1897 pro
1349 1791 1480 1872 vobis.
1535 1793 1711 1873 loannes
1737 1792 1956 1902 Burgensis
1986 1789 2085 1870 mul·

109 1921 114 1940 ·
226 1972 230 1992 ,
289 1917 379 1984 tum
404 1898 557 1982 salutat
583 1927 668 1981 vos.

297 2310 391 2439 47.
937 2294 1377 2438 1162-1178.

375 2519 501 2580 Samma
520 2517 631 2580 Abbot
650 2518 766 2580 Parrus
780 2491 971 2602 ¹ytterligarc
993 2519 1159 2581 slrlfrelse
1177 2519 1228 2582 till
1248 2518 1427 2580 densamme
1447 2517 1456 2578 i
1484 2536 1601 2578 samma
1625 2524 1722 2578 tinne.

1599 2631 1634 2685 K.
1646 2633 1681 2710 ΙΙι.
1702 2646 1731 2682 a:
1753 2628 1816 2698 598.
1835 2645 1882 2682 mo
1901 2627 1960 2683 125,

580 2769 778 2849 Londcnsi
804 2769 1107 2882 Arelaicpiscopo
1123 2713 1287 2850 'Petrus'
1308 2767 1434 2848 abbas
1458 2771 1590 2848 sancti
1617 2766 1808 2874 Remigij.

459 2917 600 3021 Imago
633 2929 780 2993 vestrae
812 2909 1041 2992 dilectionis
1076 2914 1269 3022 impressa
1297 2918 1337 2992 8(
1365 2939 1554 3020 expressa
1582 2911 1692 3020 stylo
1719 2911 1851 2992 ferreo
1879 2909 1927 2988 in
1952 2935 2086 3017 vngue
2173 2893 2175 2988 ἶ

294 3025 559 3108 adamantino
591 3023 728 3106 cordis
761 3025 891 3104 nostri
925 3024 1057 3132 viget,
1087 3032 1127 3105 8(
1161 3026 1205 3103 in
1240 3053 1292 3104 eo
1324 3026 1461 3131 vigere
1497 3051 1581 3101 non
1646 3022 1831 3102 cessabit.
1901 3019 2088 3100 Radicem

293 3165 472 3249 namque
497 3138 605 3216 misit
633 3134 844 3232 deorsum,
870 3160 992 3246 quam
1021 3137 1192 3244 irrigare
1219 3163 1305 3215 nou
1334 3149 1461 3214 cessat
1489 3135 1611 3243 iugis,
1641 3140 1679 3213 8(
1694 3131 1936 3244 quotidiana
1954 3161 2085 3211 recor·

294 3248 409 3329 datio
436 3248 704 3358 benignitatis
728 3263 874 3326 vcstrae
899 3245 952 3326 ad
981 3247 1176 3343 amicum,
1200 3275 1252 3326 ne
1281 3246 1413 3327 dicam
1441 3243 1494 3324 ad
1521 3273 1686 3324 seruum
1715 3261 1909 3325 vestrum.
1938 3244 2087 3324 Totum
2173 3245 2175 3304 ἓ

294 3361 403 3440 enim·
444 3387 511 3442 me
542 3373 718 3466 occupat
752 3351 905 3466 gratia,
938 3363 978 3437 8(
1011 3358 1209 3454 amicitia,
1241 3357 1427 3453 excluso,
1461 3362 1500 3435 8(
1528 3355 2089 3464 expulsotimore,tanquam

191 3470 196 3484 '
295 3473 560 3551 mercenario.
614 3469 719 3550 Inde
744 3485 825 3565 est,
851 3484 972 3577 pater
997 3469 1342 3566 reuerentissime,
1368 3465 1481 3579 quod
1510 3466 1554 3545 in
1581 3466 1792 3547 oblatione
1820 3468 2089 3575 primitiarum

295 3611 476 3662 mearum
491 3582 670 3690 Domino
694 3579 793 3661 vino
820 3587 860 3660 8(
886 3607 988 3660 vero
1013 3582 1136 3662 vestri
1164 3609 1330 3692 quoque
1358 3579 1592 3660 memoriam
1616 3579 1703 3657 eius
1718 3580 2003 3688 propitiationi
2020 3601 2090 3686 pro

295 3721 416 3802 posse
441 3693 624 3804 quotidie
658 3708 920 3800 repraesento.
981 3691 1120 3800 Redijt
1153 3692 1205 3773 ad
1235 3722 1310 3774 nos
1339 3691 1533 3800 Magister
1559 3691 1789 3798 Crispinus,
1831 3691 1989 3770 marina
2019 3715 2089 3796 po·

296 3807 411 3885 tione
443 3833 529 3884 non
557 3832 703 3914 parum.
731 3805 992 3900 amaricatus,
1018 3821 1153 3883 vestro
1182 3821 1319 3883 tamen
1347 3801 1543 3883 beneficio
1559 3800 1861 3910 aliquantulum
1874 3816 2090 3882 recreatus.

163 3918 180 3929 ’
297 3919 409 3997 Inter
423 3933 568 3999 caetera
595 3914 735 3996 retulit
764 3915 887 3995 nobis
919 3913 1064 3996 duram
1091 3914 1297 3995 historiam
1327 3910 1533 4018 naufragij
1563 3913 1708 4009 vestri,
1735 3915 1779 3992 in
1807 3941 1888 4022 qua
1918 3913 2091 3993 elatione

297 4029 513 4108 saeuissima
554 4055 663 4106 mare
699 4025 916 4108 aduersum
949 4053 1026 4105 vos·
1058 4025 1274 4120 intumuit,
1313 4037 1460 4102 ventus
1490 4022 1779 4104 immoderatus
1808 4051 1956 4103 nauem
1986 4023 2115 4104 fero.

298 4141 456 4220 cissime
481 4140 744 4247 repercussit,
769 4154 989 4249 tempestas
1013 4137 1274 4246 paulominus
1301 4132 1530 4214 absorbuit,
1585 4134 1817 4231 Recordor,
1857 4137 2021 4214 Petrum
2049 4133 2091 4211 in

299 4249 493 4333 fluctibus
524 4248 819 4348 ambulantem,
841 4257 892 4330 8(
924 4263 1092 4328 ventum
1119 4247 1300 4329 validum
1329 4261 1472 4325 contra
1502 4245 1617 4325 illum
1646 4247 1899 4352 venientem,
1925 4243 2092 4326 Paulum
2174 4339 2175 4342 Ἴ

262 4359 432 4444 ‘tertio'
450 4351 769 4472 naufragantem,
799 4363 939 4443 Ionam
975 4359 1213 4468 absorptum
1247 4387 1270 4438 a
1306 4355 1455 4452 bellua,
1487 4385 1579 4467 quae
1605 4375 1742 4438 tamen
1772 4357 1888 4436 illum
1915 4359 2092 4436 retinere
2174 4415 2175 4420 ,

237 4488 241 4494 “
299 4499 387 4552 non
413 4475 561 4582 potuit,
617 4473 793 4553 Domine
819 4475 933 4568 lesu,
950 4471 1025 4550 ubi
1052 4471 1161 4550 erasl
1182 4498 1346 4550 manum
1369 4467 1515 4576 auxilij
1537 4497 1666 4578 quare
1686 4487 1788 4549 tunc
1806 4464 2119 4548 subtrahebasl.

187 4621 190 4628 ·
298 4584 377 4662 nisi
412 4585 521 4665 forte
546 4601 591 4666 vt
622 4583 673 4665 de
701 4583 886 4695 reliquijs
914 4574 1055 4663 calicis
1080 4581 1164 4679 tui,
1189 4611 1309 4692 quem
1337 4608 1431 4660 cum
1460 4579 1504 4658 in
1533 4581 1719 4688 passione
1749 4596 1948 4688 gustasses
1978 4579 2096 4658 bibe·

298 4721 347 4776 re
373 4696 558 4795 noluisti,
588 4697 762 4777 ministri
789 4697 850 4776 tui
881 4701 920 4775 8(
947 4721 1139 4804 sequaces
1169 4692 1221 4774 de
1248 4693 1390 4774 eodem
1421 4693 1547 4770 mimo
1575 4691 1817 4800 portionem,
1846 4691 1935 4770 siue
1962 4690 2099 4800 potio·

299 4809 413 4906 nem,
438 4835 531 4920 quoe
555 4807 636 4889 sibi
662 4806 947 4920 contingebat,
972 4803 1029 4887 ad
1054 4802 1637 4918 recuperandamsanitatem,
1663 4805 1788 4882 immo
1814 4799 2102 4884 hereditatem,
