4384 5946
1008 383 1400 534 ...⁵42-

211 655 216 666 ‘
294 667 432 762 nere,
471 662 605 744 etfad
640 659 728 757 illa,
766 687 857 769 quae
890 661 979 739 sine
1014 661 1096 739 fine
1137 679 1488 757 mansura‘sunt,
1535 666 2094 774 quaequae-humanissimus,

309 809 359 860 ao
391 772 578 858 desiderii
622 772 827 879 angustias
870 768 1137 876 amplitudine
1173 797 1244 851 sua
1288 771 1509 867 excedunt,
1539 771 1807 855 memineritis
1843 780 1967 857 aciem
1995 808 2096 862 men·

304 895 360 970 tis
388 890 544 993 semper
580 881 816 964 extendere:
854 881 1132 977 concordiam,
1163 899 1203 961 et
1239 883 1497 966 dilectionem
1525 885 1725 966 studeatis
1750 885 1802 966 ad
1834 885 2009 968 inirioem
2042 895 2096 973 in-

308 1001 541 1082 deficienter
571 995 737 1074 habere:
774 991 970 1081 Ecclesiisv
1005 991 1219 1072 honorem:
1265 997 1531 1104 pauperibus,
1574 1014 1615 1076 et
1658 997 1831 1077 ‘afflictis
1867 1003 2097 1106 compassio·

234 1185 238 1192 .
308 1139 416 1193 nem:
458 1103 766 1199 Sacerdotibus,
809 1105 1093 1212 praecipueque
1137 1107 1359 1214 Episcopis,
1403 1111 1685 1204 reuerentiam,
1729 1137 1777 1186 ac
1818 1109 2099 1210 obedientiarii,

307 1224 424 1334 quasi
458 1218 644 1327 patribus
681 1217 909 1324 procuretis
938 1213 1191 1322 impendere:
1222 1244 1296 1296 nec
1327 1246 1411 1298 non
1455 1233 1495 1296 et
1539 1216 1730 1314 decimas,
1774 1248 1864 1327 quae
1908 1220 1959 1300 ad
1994 1251 2098 1306 vsum

308 1353 391 1413 tam
420 1334 620 1438 ipsorum,
649 1355 771 1436 quam
801 1326 1090 1422 Ecclesiarum,
1120 1343 1160 1405 et
1189 1355 1415 1436 pauperum
1446 1329 1661 1436 proliciant
1677 1330 1791 1426 dare,
1808 1332 1966 1440 totique
1980 1349 2098 1439 regno

308 1443 500 1524 indicare.
559 1439 683 1543 Quod
710 1436 876 1547 q'uidem
905 1437 1008 1516 nulli
1038 1435 1160 1516 dehet
1189 1467 1319 1545 graue·
1344 1438 1492 1534 videri,
1523 1468 1600 1546 pro
1629 1441 1783 1520 meliori
1820 1438 1971 1547 partetr
1999 1443 2099 1522 vide-

308 1558 403 1635 licet
432 1580 589 1659 semper
617 1552 775 1630 victura
807 1551 957 1643 anima,
988 1577 1191 1658 quamque
1220 1549 1416 1630 decimam
1453 1551 1540 1629 Deo
1586 1548 1737 1646 offere,
1771 1581 1861 1630 curn
1906 1581 1984 1659 pro
2025 1582 2100 1633 mo·

308 1670 440 1748 rituro
476 1690 650 1771 corpore
679 1661 862 1769 plurimae
891 1677 1031 1768 gentes
1060 1661 1301 1766 coniugibus
1337 1663 1418 1740 suis
1454 1661 1615 1740 tertiam
1645 1691 1781 1743 rerum
1812 1663 1969 1769 legibus
2004 1694 2101 1744 oom-

308 1777 515 1888 pellantur
564 1773 765 1855 exoluere.
807 1774 1005 1851 Praeterea
1056 1769 1107 1852 ad
1150 1771 1229 1851 hoc
1264 1773 1427 1850 summis
1462 1773 1584 1852 animi
1621 1774 1776 1853 viribus
1813 1775 2030 1869 enitimini,
2064 1791 2102 1852 rt

308 1892 380 1999 qui
409 1888 521 1967 velut
551 1888 594 1964 in
622 1886 703 1963 fine
731 1882 861 1977 orbis,
891 1885 947 1960 ita
977 1899 1017 1961 et
1046 1881 1300 1978 seculorum,
1325 1881 1376 1961 ad
1407 1880 1677 1964 laborandum
1706 1887 1748 1962 in
1781 1887 1940 1964 vineam
1971 1888 2102 1964 introi-

308 2003 379 2083 stis
416 1999 686 2090 Dominicam‚
723 1997 830 2074 inter
865 1994 1016 2100 primos
1052 1992 1359 2086 remunerandi,
1403 1993 1576 2074 eundem
1606 1994 1960 2074 denariumhorae
1988 1997 2102 2075 vnde·

310 2115 421 2192 cimae
463 2124 700 2217 operatores
742 2106 951 2211 percipere
996 2103 1188 2183 debeatis.
1260 2105 1379 2210 Agite
1422 2107 1561 2198 etiam,
1599 2122 1643 2183 vt
1685 2104 2027 2215 quemadmodum
2061 2109 2103 2188 de

276 2213 281 2219 ’
308 2223 561 2333 praecessoris
590 2220 714 2298 vestri
743 2211 940 2295 laudabili
969 2212 1074 2294 fama
1105 2213 1222 2294 valde
1251 2242 1388 2294 sumus
1417 2217 1565 2322 ganisi,
1595 2217 1649 2294 ita
1679 2245 1846 2327 quoque
1874 2215 2103 2312 studiorum,

310 2334 644 2443 probitatumque
675 2345 900 2409 vestrarum
928 2323 1069 2434 opinio'
1098 2353 1171 2405 nos
1201 2324 1251 2405 de
1280 2353 1321 2404 se
1358 2324 1477 2434 (sicut
1506 2329 1707 2438 optamus)
1758 2328 1945 2408 laetilicet.
2011 2331 2105 2430 Quia

310 2473 409 2526 vero
445 2446 606 2524 nouiter
636 2439 686 2519 ad
719 2438 924 2520 Christum
953 2463 1189 2532 conuersOS,
1217 2434 1401 2516 nondum
1431 2435 1669 2517 Christianae
1698 2439 1802 2537 fidei,
1833 2454 1873 2517 et
1909 2439 2106 2547 religionis

311 2552 541 2638 doctrinam
582 2551 829 2632 sufficienter
866 2577 937 2628 vos
972 2549 1185 2656 sumpsisse
1221 2565 1429 2654 putamus,
1473 2548 1678 2644 volumuS,
1716 2568 1758 2629 vt
1796 2549 2034 2658 frequenter
2062 2551 2104 2632 ad

311 2669 417 2748 hanc
447 2664 582 2746 sedem
610 2662 789 2744 Clericos
818 2675 972 2738 vestros
1002 2659 1189 2754 mittatis,
1220 2660 1402 2767 talesque
1433 2689 1626 2766 personas
1663 2661 1917 2767 prouideatis
1955 2659 2007 2740 ad
2041 2691 2104 2741 nos

311 2779 534 2872 destinare,
570 2802 662 2885 qnae
689 2789 730 2876 et
759 2773 798 2851 S.
828 2772 899 2850 Ro.
930 2769 1326 2849 Ecclesiaemoribus
1355 2767 1519 2875 plenius·
1545 2773 1778 2872 instrui,·et
1809 2774 2019 2851 instructae
2046 2803 2103 2850 va·

313 2891 423 2971 leant
458 2885 510 2968 ad
545 2914 616 2970 vos
652 2883 789 2980 docte,
818 2895 858 2965 et
888 2869 1126 2996 salubriter,
1163 2909 1253 2992 quae
1289 2895 1397 2959 sunt·
1430 2879 1599 2990 agenda,
1643 2881 1806 2998 referre
1832 2885 2006 3004 'Datum
2036 2885 2104 2966 llo

222 3032 236 3072 x
314 3029 387 3082 mae
415 3007 488 3082 &c
850 3021 852 3026 ’
2142 3021 2147 3029 ·

226 3295 250 3308 ”
322 3279 409 3381 26.
991 3279 1136 3377 1085
1188 3272 1234 3378 d.
1286 3312 1350 3374 21
1407 3276 1523 3413 lllaj.
1916 3273 2103 3378 hund.

398 3499 530 3578 Konung
559 3498 651 3558 Knur
678 3496 737 3576 dep
766 3497 888 3637 Heliqps
920 3499 929 3554 i
962 3497 1120 3556 Daunmrlt
1152 3493 1321 3576 gdfvobrcs
1349 3493 1388 3574 pai
1415 3493 1570 3571 :itslilliga
1592 3495 1668 3574 gods
1693 3497 1737 3553 till
1763 3496 1820 3556 ‹lcn
1844 3505 1925 3556 arrisu
1950 3499 1977 3578 ej
2002 3495 2105 3571 tardig-
2163 3479 2166 3605 ἑ

448 3579 574 3662 byggda
596 3579 641 3638 S:t
664 3579 821 3640 Laurentii
876 3579 972 3660 yrlran
995 3581 1003 3637 i
1027 3578 1124 3638 Lund.

1836 3659 1865 3710 B.
1893 3659 1984 3713 1:13.

482 3793 687 3873 erulario
716 3813 755 3871 ct
787 3783 948 3872 dotacio
984 3793 1154 3870 licclesie
1183 3791 1421 3872 lmndensis.
1454 3819 1528 3897 per
1558 3811 1737 3871 sanctum
1759 3793 1959 3872 ltanuttim
1985 3819 2105 3900 regem
2159 3839 2162 3926 p

517 3913 555 4012 ὃς
584 3905 788 3983 martirem
811 3921 819 3953 ¹
826 3937 849 4014 )·
2159 3945 2161 3978 ,

482 4085 529 4161 ln
547 4071 721 4161 ¹nomine
750 4083 897 4161 Sancte
928 4095 968 4159 et
997 4076 1210 4160 indiuidua
1238 4080 1449 4160 trinitatis.
1480 4082 1607 4188 patris
1635 4098 1677 4160 et
1693 4082 1763 4159 filii
1779 4095 1819 4160 et
1840 4083 2016 4189 spiritus
2030 4104 2106 4158 sau·

315 4200 373 4279 cti
407 4195 559 4278 Notum
596 4191 784 4272 omnibns
821 4193 865 4271 in
900 4191 1052 4271 christo
1088 4189 1275 4270 fidelibus
1310 4219 1395 4270 esse
1430 4193 1614 4298 cupimus
1642 4193 1828 4294 Qualiter
1857 4222 1940 4302 ego
1972 4195 2106 4272 Cnuto.

316 4322 488 4419 quartus
515 4303 651 4413 magni
679 4304 786 4412 regis
815 4301 931 4382 filius.
962 4319 1056 4412 post
1084 4317 1316 4409 susceptum
1337 4306 1505 4408 paterne
1522 4301 1757 4383 hereditatis
1772 4332 1962 4411 regnum.
1995 4301 2107 4384 eccle

317 4421 419 4500 siam
449 4417 579 4498 sancti
609 4415 804 4495 laurencii
833 4441 914 4523 que
944 4415 1020 4496 sita
1049 4431 1110 4494 est
1140 4414 1182 4492 in
1201 4411 1232 4522 ²)
1263 4411 1387 4494 lunde
1417 4411 1511 4494 licet
1541 4411 1723 4494 nondum
1754 4412 2020 4522 perfectam.x
2048 4411 2108 4492 do

316 4531 414 4612 taui.
473 4531 530 4608 Vt
559 4527 667 4607 illius
696 4526 790 4633 agni
820 4526 892 4634 qui
921 4524 1030 4604 tollit
1058 4540 1224 4633 peccata
1254 4523 1394 4604 mundi
1423 4527 1475 4603 sit
1505 4526 1704 4634 perpetim
1723 4525 1756 4636 ³)
1783 4554 1951 4634 sponsa.
1982 4538 2108 4607 sancta

316 4643 446 4724 sancti
480 4637 735 4719 immaculata
770 4634 1025 4718 immaculati.
1063 4635 1187 4744 digna
1214 4633 1339 4744 digni.
1397 4635 1646 4744 Desponsale
1674 4654 1809 4718 autem
1838 4635 1968 4718 huius
1997 4635 2110 4717 eccle·

316 4755 384 4835 sie.
423 4748 541 4868 ¹quod
559 4749 590 4863 l)
634 4747 697 4833 vel
733 4748 854 4866 quala
889 4749 951 4830 sit.
994 4747 1269 4864 patefacimus.
1296 4763 1354 4860 et
1387 4746 1464 4831 sub
1506 4746 1583 4830 hiis
1624 4749 1797 4840 testibus
1839 4746 2060 4831 llicwaldo
2074 4741 2108 4851 ‘l

408 4999 434 5071 rt
466 4997 575 5056 Deoua
602 4988 784 5054 ossanna
804 4979 912 5056 salbas
941 4997 950 5055 i
977 4991 1019 5055 K.
1040 5013 1068 5054 c.
1096 5006 1129 5054 r:
1162 5011 1194 5068 r,
1217 5009 1252 5070 a,
1274 4991 1401 5056 bvarcst
1427 4988 1514 5056 detta
1536 4991 1612 5055 bref
1628 4992 1709 5054 ester
1732 5012 1771 5053 en
1791 4939 2002 5071 l’ergaments
2024 4985 2109 5056 rori

408 5076 497 5141 Lund
520 5074 592 5138 med
611 5073 836 5142 nedanstaende
856 5076 1012 5142 olilrheter
1033 5075 1248 5141 ffirekommar.
1272 5081 1302 5156 s)
1324 5076 1465 5140 utelemn.
1510 5074 1538 5153 3)
1552 5085 1713 5160 perpetua.
1736 5073 1767 5154 4)
1783 5073 1870 5158 quid.
1920 5073 1955 5155 5)
1968 5069 2109 5140 arcuato.
