4370 5950
815 458 1229 514 -1012—

144 657 242 744 nium
268 671 348 737 tam
375 653 642 764 praesentibus
670 651 859 734 exhibere
889 680 1010 762 qvam
1039 654 1210 760 posteris
1251 654 1494 762 relinquere,
1531 654 1641 764 qvod
1676 655 1826 744 factum
1860 669 1922 740 est

143 767 408 876 inpraesentia
437 767 600 846 Domini
629 765 785 846 Kannti
812 763 932 872 Regis
961 763 1032 842 lilii
1062 759 1225 845 Domini
1268 765 1332 845 W
1328 767 1524 846 aldemari
1558 767 1678 872 Regis
1712 770 1924 852 Danorum

141 878 374 964 invictissimi
397 882 434 956 8(
463 893 611 957 nostra.
640 877 686 954 In
718 876 871 982 campis
901 876 1108 956 Farinam
1135 899 1219 956 non
1247 869 1367 982 longe
1395 870 1446 956 ab
1476 905 1590 956 amne
1612 877 1760 976 Ellam,
1790 883 1945 962 Joltcm'

140 997 284 1084 Mosen,
314 989 450 1070 Salter
471 983 723 1094 Megadoro
752 986 867 1083 filius,
897 993 936 1066 8(
964 986 1042 1064 alii.
1058 987 1301 1068 habitatores
1321 985 1649 1083 Fartltusalteriz,
1663 992 1921 1100 calumpniati
2010 985 2031 1046 ¹,
2097 1012 2103 1020 “

139 1119 223 1186 sunt
250 1102 366 1182 silvas
394 1097 564 1180 fratrum
592 1095 826 1179 nostrorum
869 1096 919 1178 de
961 1096 1107 1178 Errom
1149 1095 1341 1208 Motdorp
1383 1101 1593 1177 attinentes
1622 1099 1665 1177 in
1708 1103 1936 1207 praesentia,v

139 1212 288 1296 Domini
319 1211 447 1290 nostri
477 1207 716 1290 venerabilis
745 1208 850 1318 regis
879 1211 944 1288 W
939 1205 1145 1290 aldemari.
1175 1205 1257 1311 Qvi
1286 1204 1532 1315 adjudicavit
1565 1205 1768 1318 praedictis
1783 1211 1918 1294 fratri·

136 1325 205 1410 bus
230 1329 267 1404 8(
288 1321 447 1402 coeteris
478 1322 549 1429 qvi
577 1320 786 1427 praefatam
814 1313 949 1400 villam
978 1323 1018 1400 8(
1041 1317 1340 1427 calumpniatas
1355 1319 1472 1399 silvas
1501 1320 1544 1398 in
1572 1324 1820 1428 possessione
1848 1328 1922 1406 ba·

134 1435 290 1528 bebant,
327 1446 575 1512 sacramento
619 1427 885 1538 comprobare
915 1421 1073 1510 easdem
1104 1425 1223 1509 silvas
1253 1457 1275 1508 a
1304 1430 1419 1538 justis
1454 1432 1750 1538 possessoribus
1779 1462 1819 1513 se
1849 1435 1921 1516 ad·

135 1563 238 1654 eptos
253 1543 392 1637 fuisse,
409 1549 448 1622 8(
476 1543 565 1649 ipso
594 1554 841 1622 sacramento
865 1541 1043 1649 praestito
1052 1544 1068 1638 ‚'
1095 1540 1145 1621 de
1161 1541 1249 1648 jure
1279 1541 1433 1621 easdem
1463 1542 1580 1620 silvas
1609 1542 1651 1630 in
1680 1563 1921 1652 perpetuum

132 1655 269 1738 debere
298 1652 450 1763 absqvc
478 1653 562 1733 ulla
599 1651 825 1760 calumpnia
857 1651 1073 1762 possidere.
1111 1653 1335 1732 Proestitum
1380 1667 1440 1731 est
1474 1673 1780 1754 sacramentum,
1817 1659 1921 1739 sicut

131 1795 243 1874 supra
277 1766 412 1844 testati
440 1792 594 1861 sumus,
624 1765 666 1843 in
696 1763 906 1871 praesentia
935 1763 1096 1842 Domini
1125 1765 1284 1864 Ifannti
1310 1764 1429 1870 Regis
1457 1769 1496 1842 8(
1525 1771 1714 1846 nostra&
1745 1765 1920 1873 praefatae
2026 1795 2038 1816 ·
2168 1769 2170 1776 ’

129 1877 230 1958 silvae
262 1873 450 1982 dejure,
479 1873 531 1954 ab
561 1876 669 1984 ipso,
698 1873 891 1980 fratribus
919 1874 962 1952 in
991 1894 1232 1983 perpetuum
1276 1890 1370 1954 sunt
1413 1867 1667 1981 adjudicatae,
1703 1879 1812 1956 omni
1853 1907 1921 1958 ca-

129 1987 302 2097 lumpnia
330 1985 374 2067 in
403 2002 611 2093 posterum
625 1983 864 2090 abjudicata.
893 1986 951 2063 Ea
979 2003 1150 2092 propter
1177 1987 1279 2065 sicut
1307 2002 1405 2064 tunc
1434 2002 1526 2093 post
1553 1987 1775 2093 praestitum
1790 2017 1920 2070 sacra·
2015 2021 2016 2027 ¹
2080 1991 2084 2004 '

99 2117 301 2178 mentum
330 2098 441 2194 viva,
471 2097 526 2177 ita
554 2102 593 2177 8(
620 2124 729 2175 nunc
758 2115 851 2203 post
878 2095 1151 2176 testimonium
1180 2095 1358 2204 ejusdem
1388 2096 1556 2204 praestiti
1570 2101 1805 2178 sacramenti
1819 2128 1919 2181 voce

126 2210 273 2317 scripta
305 2236 537 2316 precamur,
573 2225 620 2287 ut
648 2207 715 2286 ille
744 2205 814 2316 qvi
842 2207 953 2286 coelis
982 2214 1021 2288 8(
1050 2205 1166 2287 terris
1202 2207 1407 2313 praestitit,
1450 2229 1583 2287 veram
1612 2215 1651 2289 8(
1680 2229 1918 2318 perpetuam

126 2348 261 2427 pacem
290 2319 417 2402 donet
444 2320 651 2416 omnibus,
682 2317 752 2426 qvi
781 2346 918 2425 pacem
963 2315 1137 2427 praefatis
1174 2317 1367 2398 fratribus
1411 2312 1461 2398 de
1494 2318 1645 2415 Esrom,
1676 2326 1714 2398 8(
1742 2316 1917 2428 praefatis

120 2429 224 2512 silvis
255 2437 296 2511 &
326 2427 643 2538 possessionibus
685 2431 942 2510 servaverint.
976 2429 1057 2532 Qvi
1085 2457 1181 2528 vero
1210 2428 1260 2509 de
1290 2442 1440 2508 coetero
1468 2429 1642 2536 praefatis
1657 2425 1660 2434 ’
1677 2431 1785 2510 silvis
1815 2461 1918 2539 prae-

124 2539 298 2623 fatorum
344 2541 515 2620 fratrum
563 2537 614 2623 de
657 2538 803 2622 Esrom
832 2534 1001 2649 aliqvam
1037 2537 1304 2648 calumpniam
1333 2536 1540 2637 inflixerit,
1568 2559 1705 2649 ponat.
1723 2543 1918 2623 Dominus

117 2671 272 2760 partem
316 2651 405 2760 ejus
450 2680 542 2731 cum
565 2649 746 2733 ,Darden
775 2656 814 2729 &
843 2655 1009 2748 Abiron,
1039 2658 1079 2731 8(
1112 2653 1164 2732 sit
1204 2651 1247 2730 in
1289 2668 1529 2759 perpetuum
1586 2653 1794 2734 anathema
1839 2656 1916 2735 nisi
1955 2676 1964 2688 “

117 2765 342 2873 resipiscat.
364 2766 502 2844 Amen.
520 2761 600 2860 liat,
615 2763 693 2844 fiat.
723 2763 847 2841 Facta
867 2779 999 2843 autem
1013 2756 1097 2843 haec
1112 2781 1206 2844 sunt
1220 2763 1340 2843 Anno
1357 2764 1519 2844 Domini
1535 2765 1585 2846 M.
1602 2764 1645 2842 C.
1661 2763 1855 2844 LXXXII
1869 2765 1915 2875 *),

114 2901 195 2982 qvo
232 2882 274 2956 8(
312 2875 391 2983 ipsi
427 2863 514 2954 Rex
550 2875 738 2955 Karuttus
773 2899 796 2950 a
832 2886 945 2982 patre
980 2899 1053 2954 suo
1090 2877 1281 2982 Princeps
1316 2869 1538 2960 Hallaudiae
1570 2875 1811 2956 constitutus
1844 2892 1915 2956 cst.

114 2981 253 3067 Testes
291 3001 430 3076 autem
464 2986 610 3071 horum
638 2986 694 3065 hii
721 2997 835 3080 sunt,
864 2982 935 3092 qvi
963 2991 1002 3066 8(
1029 2984 1249 3082 affuerunt,
1279 2987 1429 3066 Petrus
1465 2985 1568 3066 lilius
1596 2988 1734 3083 Palni,
1777 2987 1817 3066 T
1814 2986 1918 3066 hove

111 3095 264 3179 Stelma·
292 3097 419 3192 filius,
452 3097 634 3205 Magnus
663 3097 766 3178 filius
795 3097 905 3202 Ulsf.

115 3521 204 3632 77-
390 3397 434 3470 '¹
790 3484 1244 3632 (πῃ-((78.

188 3679 311 3772 Abbot
332 3709 449 3771 Persas
471 3705 483 3770 i
505 3709 595 3772 Remi
616 3710 778 3772 skrifvelse
799 3704 849 3773 till
870 3707 975 3771 Lunds
996 3706 1210 3795 lrle-Bislrop
1231 3705 1338 3773 Esau„

172 3835 174 3838 ·
792 3845 794 3848 ·
1290 3853 1294 3864 =
1421 3819 1458 3880 K.
1476 3822 1503 3881 h.
1528 3840 1561 3880 2:
1579 3830 1641 3884 coo.
1677 3840 1724 3881 nto
1741 3841 1783 3897 ²9·

280 3973 493 4078 Lundcusi
531 3977 852 4088 ArcbiepiscopO,
887 3981 1034 4060 Petrus
1062 3979 1199 4060 Abbar
1226 3983 1359 4058 sancti
1384 3980 1574 4086 Remigij.

218 4125 290 4202 De
325 4121 486 4203 duobus
502 4121 628 4202 oculis
658 4119 771 4216 meis,
801 4112 968 4200 alterum
985 4113 1034 4200 ad
1051 4150 1113 4202 me
1123 4124 1291 4219 retineo,
1321 4115 1491 4202 alterum
1520 4117 1751 4232 frequenter
1766 4119 1817 4201 ad
1832 4149 1915 4217 vos,

96 4251 222 4340 pater
255 4241 302 4315 8(
334 4232 496 4314 domine
526 4233 745 4327 carissime,
778 4241 1004 4341 retorqueo,
1036 4235 1118 4335 Qui
1147 4262 1257 4314 meus
1285 4231 1382 4311 mihi
1424 4251 1619 4330 remanet,
1649 4232 1748 4341 quid
1782 4233 1824 4311 in
1853 4260 1916 4310 me

91 4343 236 4426 videt?
254 4347 386 4424 Certe
400 4339 531 4452 plura,
547 4343 696 4452 quibus
706 4339 903 4438 condolet,
921 4343 1070 4450 quibus
1086 4343 1370 4450 illacrymatur,
1385 4345 1533 4452 quihus
1547 4369 1672 4452 vsque
1689 4342 1739 4423 ad
1755 4343 1917 4424 nimiam
1986 4438 1990 4442 Ι

89 4454 386 4538 suffusionem
399 4449 598 4536 turbatur.
616 4453 733 4533 Certe
750 4448 919 4560 reptilia,
936 4477 1112 4563 quorum
1127 4481 1207 4537 non
1226 4469 1284 4536 est
1298 4479 1499 4537 numerus:
1515 4471 1620 4536 certe
1636 4470 1794 4562 gentem
1807 4453 1919 4533 illam

84 4563 332 4662 nefariam,
379 4593 470 4646 uam
500 4563 681 4648 Ezechiel
713 4563 815 4646 vidit
843 4562 1043 4671 depictam
1072 4567 1114 4644 in
1131 4569 1282 4675 pariete
1311 4565 1474 4665 domus,
1503 4593 1623 4674 quam
1652 4565 1814 4646 iubente
1842 4566 1916 4647 do-

84 4679 210 4761 mino
245 4595 470 4757 effoderat.
504 4675 569 4757 Ad
590 4678 793 4773 vltimnm,
810 4670 991 4785 quaedam
1006 4676 1227 4761 ineffabilia
1243 4702 1326 4759 non
1342 4675 1830 4786 profunditatemysterij,
1846 4675 1915 4757 sed

122 4925 152 5002 *l
180 4914 335 4988 drtalet
356 4929 390 4983 tr
410 4917 581 4984 felslrifvit
601 4922 652 4983 for
672 4913 900 4998 nctxxt'n,
921 4941 986 4983 som
1007 4931 1041 4985 tir
1061 4923 1202 4984 anmttrkt
1222 4923 1233 4982 i
1256 4919 1296 4982 K.
1318 4943 1344 4985 e.
1370 4937 1403 4983 rt
1431 4921 1500 4988 331.
