4362 5946
861 583 862 588 Ν
975 429 1264 542 -'316.
1337 502 1462 573 --Ἰ

281 699 489 788 teneamur
515 671 677 784 opera'ri
706 671 860 772 bonum
887 673 942 757 ad
970 701 1120 774 omnes,
1149 678 1319 760 maxime
1347 694 1482 760 autem
1509 671 1564 760 ad
1591 676 1846 760 domesticos·
1861 678 1960 777 fidei,
1985 695 2059 794 per.

280 817 401 876 sonas
436 786 625 870 videlicet
658 784 888 895 religiosas,
931 815 1022 899 quae
1065 787 1137 870 diu
1166 806 1372 901 noctuque
1414 791 1457 870 in
1499 792 1711 872 sanctitate
1755 794 1841 872 Deo
1888 795 2060 896 serviunt,

279 927 358 1015 pro
383 896 714 982 benefactoribus
740 897 824 978 suis
867 896 1016 1008 jugiter
1059 900 1354 1010 supplicantes,
1396 903 1699 983 universitatem
1741 919 1916 984 vestram
1958 903 2060 989 latere

278 1041 366 1098 non
393 1009 639 1108 dubitamus,
668 1035 760 1090 curn
787 1027 934 1120 rogatu
962 1027 1097 1092 vestro
1126 1013 1293 1094 ancillas
1327 1013 1477 1094 Christi
1506 1014 1700 1094 Moniales
1740 1016 1782 1096 in
1824 1013 1969 1123 Wisby
1993 1045 2060 1100 no·

278 1125 344 1208 bis
371 1123 673 1220 transmisimus,
702 1126 743 1200 ὃς
771 1137 817 1200 ut
845 1150 980 1203 annua
1007 1127 1138 1206 victus
1167 1126 1403 1225 &restitus
1437 1124 1638 1232 stipendia
1681 1125 1738 1205 eis
1773 1153 1860 1206 non
1903 1119 2063 1228 deessent

154 1335 159 1346 Ι
278 1237 518 1347 plerumqve
546 1262 624 1344 pro
652 1233 709 1314 eis
739 1233 1047 1315 intercessimus.
1103 1236 1209 1316 Hinc
1238 1252 1298 1316 est
1327 1235 1441 1346 quod
1468 1235 1901 1318 communi-consensu
1930 1242 1967 1317 8(
1985 1265 2063 1319 con·

279 1342 372 1432 silio
404 1363 544 1430 nostro
573 1350 614 1426 &
641 1361 790 1442 vestro,
819 1374 911 1426 cum
939 1345 1232 1427 deliberatione
1261 1346 1411 1445 divina,
1440 1349 1578 1429 Altare
1606 1349 1645 1428 S.
1690 1347 1810 1428 Olavi
1853 1349 1895 1428 in
1936 1347 2065 1430 Asker-

145 1548 154 1570 ,
275 1455 384 1541 'arn
411 1485 504 1539 cunr
531 1472 619 1539 toto
647 1473 853 1566 proventu
886 1457 1087 1554 sacrificii,
1134 1455 1247 1568 quod
1297 1458 1449 1542 ibidem
1492 1460 1545 1540 ab
1586 1457 1897 1541 advenientibus
1938 1460 2068 1542 Christi

278 1489 469 1654 bdelibus
496 1566 682 1665 offertur,
709 1585 910 1676 perpetuo
938 1567 1225 1676 possidendum
1253 1569 1402 1652 eisdem
1431 1571 1698 1679 assignamus,
1726 1576 1763 1650 &
1795 1585 1843 1650 ut
1871 1585 2002 1650 ratum
2036 1576 2067 1652 bt

279 1679 514 1765 inviolabile
542 1680 782 1760 auctoritate
811 1678 1019 1759 literarum
1036 1697 1265 1774 nostrarum
1281 1686 1320 1760 &
1342 1679 1464 1792 sigilli
1483 1682 1611 1762 nostri
1627 1682 1846 1761 munimine
1859 1683 2068 1764 coufirma-
2154 1703 2156 1716 '

280 1821 382 1876 mus.
440 1791 552 1874 Nulli
580 1796 654 1872 &a
672 1807 819 1871 nostrae
839 1791 1157 1872 confirmationis
1176 1798 1251 1874 &u
1266 1794 1415 1873 Datum
1432 1792 1581 1902 Wisby
1596 1792 1755 1894 decimo
1765 1808 1910 1872 octavo
1925 1791 2070 1874 kalend.

212 1941 228 2026 '.
281 1904 486 2016 Septemb.
516 1929 625 1983 anno
654 1902 944 1984 incarnationis
972 1904 1049 1984 Dei
1082 1905 1187 2000 1246
1221 1904 1483 1986 pontificatus
1511 1905 1639 1986 nostri
1668 1931 1777 1983 anno
1806 1900 2026 1986 undecimo.
2135 1943 2140 1964 ·

233 2178 237 2189 Ι
282 2227 415 2374 337.
676 2191 681 2200 ⁵
875 2262 881 2274 “
930 2226 1081 2357 1246
1127 2225 1177 2334 d.
1225 2225 1257 2333 3
1303 2227 1433 2335 Nor.
1831 2135 1834 2144 1
1896 2227 2069 2375 .Lyon.

361 2483 451 2549 bes.
473 2485 668 2546 lssoossrrus
689 2479 760 2548 les
781 2483 984 2580 iippnabref
999 2483 1049 2582 till
1068 2481 1297 2582 lrlebislopar
1325 2481 1386 2546 och
1418 2484 1516 2566 dirige
1547 2437 1788 2568 Presterslapet,
1821 2483 1964 2561 Frustar,
1995 2484 2072 2546 Grei-

402 2589 473 2640 var,
493 2569 632 2632 Beroner
651 2563 712 2627 och
734 2565 814 2628 Adel
834 2565 868 2627 sb
888 2587 899 2626 t
920 2569 1051 2648 Non-ige
1071 2587 1137 2628 som
1159 2566 1287 2649 Sverrge
1308 2567 1467 2649 angiende
1488 2568 1569 2629 Risi.
1589 2569 1756 2632 Wrnasaus
1781 2569 1819 2629 al
1835 2565 2071 2630 Sabinaliirord·

286 2747 289 2754 1
404 2651 506 2716 nando
526 2659 573 2712 att
592 2669 670 2712 vara
690 2647 824 2712 Puvens
844 2648 1050 2734 lullmyndige
1071 2651 1169 2732 Legat
1189 2651 1200 2712 i
1220 2650 1346 2733 Suerige
1366 2649 1427 2712 och
1448 2652 1588 2730 Norrige.

1520 2731 1552 2788 F.
1572 2747 1600 2785 ss
1621 2733 1678 2802 ross
1697 2728 1754 2790 An.
1771 2729 1798 2801 4,
1817 2731 1870 2802 Ep.
1892 2731 1959 2803 946.

450 2865 615 2947 Lr‘tterae
642 2865 881 2976 Apostolicse
909 2863 1133 2946 Innocentii
1150 2845 1232 2947 ‘W
1276 2867 1416 2974 quibus
1446 2867 1654 2972 ,Legatum
1692 2869 1816 2946 mittit
1858 2869 1900 2944 in
1931 2855 2073 2951 Neroa-

408 2979 413 2988 ’
490 2972 617 3084 ¹giem,
649 2995 688 3056 et
715 2975 899 3057 Suetium
927 3035 937 3056 .
967 3035 977 3056 .
1008 3035 1016 3054 .
1096 2983 1299 3088 piscopum
1328 2977 1594 3058 'Sabinensern
1611 2981 1826 3087 presertim
1858 3005 1944 3087 pro
1983 3001 2072 3055 core·

497 3093 655 3168 natione
683 3089 807 3193 Regis
835 3087 1052 3193 Noruegie.
1531 3111 1546 3158 λ
1596 3105 1601 3124 ’

450 3199 702 3280 Innocentius
729 3202 803 3278 &a
832 3196 1127 3278 Venerabtbbus
1167 3196 1382 3278 Fratribus
1428 3195 1760 3308 Archiepiscopis‚
1790 3216 1831 3277 et
1860 3195 2073 3308 Episcopu,

491 3337 540 3390 ac
568 3310 721 3391 dilectis
737 3307 849 3424 filiis
874 3309 1109 3405 Abbatibus,
1141 3308 1365 3406 Prioribus,
1398 3309 1583 3404 Decunis,
1602 3307 1921 3405 Arcbidiuconis,
1944 3313 2075 3416 Prepa

491 3424 590 3518 sitis,
622 3437 663 3500 et
690 3421 784 3502 olias
812 3416 1086 3501 Ecclesiarum
1114 3420 1291 3502 Prolatis
1319 3435 1405 3498 tam
1433 3425 1635 3530 exemptis,
1681 3445 1802 3528 quam
1841 3449 1924 3501 non
1952 3445 2077 3499 'esem-

489 3537 587 3642 ptis,
618 3547 659 3610 et
684 3534 896 3613 Vniuersis
936 3532 1071 3627 Claro,
1114 3549 1154 3610 et
1194 3531 1400 3612 Nobilibus
1425 3534 1538 3612 Viris
1562 3531 1797 3626 Comitibus,
1841 3532 2070 3626 Beronibus,

497 3659 538 3722 ct
560 3641 808 3754 principibus
828 3670 906 3752 per
940 3641 1192 3749 Noroegium
1224 3661 1263 3723 et
1291 3639 1476 3722 Soetsbm
1505 3647 1728 3728 constitistis
1754 3641 1940 3724 Sabstem
1967 3648 2035 3721 &c

451 3812 613 3910 Arduis‚
641 3829 683 3896 et
709 3812 864 3921 magnis
892 3813 1065 3921 negotiis
1093 3812 1350 3923 providentie
1393 3812 1572 3895 studium
1613 3813 1867 3921 exigentibus
1912 3811 2078 3924 specialis

285 3927 411 4014 Sedes
439 3925 661 4037 apostolica
689 3939 904 4037 postquam
933 3924 1013 4006 fuit
1044 3926 1239 4007 divinitus
1266 3924 1465 4021 instituta,
1491 3925 1700 4007 consuevit
1728 3923 1936 4034 providas,
1965 3941 2004 4004 et
2020 3925 2078 4004 ho·
2152 3923 2153 3988 l

284 4040 488 4126 norabiles
516 4036 713 4146 deputare
740 4063 946 4148 personas,
974 4065 1047 4144 per
1106 4063 1248 4117 uarum
1290 4034 1530 4117 industriam
1573 4034 1722 4118 eisdem
1763 4036 1940 4143 negotiis
1982 4033 2079 4116 dare·
2152 4071 2153 4074 Ν

192 4215 198 4226 .
266 4139 354 4237 'tur
382 4153 512 4234 exitus
540 4147 738 4230 salutaris.
791 4147 906 4228 Hanc
934 4153 1041 4229 euim
1069 4067 1152 4230 lbos
1180 4145 1232 4229 de
1260 4144 1497 4228 Venerabili
1523 4147 1666 4228 Fratre
1694 4147 1847 4228 Nostro
1875 4208 1886 4228 .
1919 4206 1930 4228 .
1961 4203 1972 4226 .
2000 4146 2081 4257 Epi·

286 4279 413 4374 stopo
438 4260 651 4344 Sabincnsi
680 4259 900 4370 apostolice
929 4258 1043 4340 Sedis
1071 4260 1225 4367 Legato
1268 4255 1632 4340 considerationem
1673 4256 1881 4355 habentes,
1923 4259 1998 4369 qui
2034 4270 2081 4338 est
2152 4285 2153 4288 ‘

288 4401 417 4456 unum
444 4373 495 4454 de
514 4371 779 4481 dignioribus
807 4369 998 4451 membris
1025 4372 1202 4452 Ecclesia
1229 4363 1397 4450 scientia
1424 4369 1691 4478 conspicuum
1720 4385 1761 4450 et
1781 4369 1936 4450 virtute
1965 4371 2081 4478 ipsum
2149 4393 2152 4440 t

287 4484 333 4566 in
359 4484 601 4580 Norweiam,
630 4501 672 4564 et
698 4483 875 4566 Svetiam
904 4509 1097 4565 concesso
1124 4482 1200 4564 sibi
1229 4479 1351 4589 plene
1379 4480 1591 4592 legationis
1618 4477 1754 4561 officio
1801 4477 1993 4563 duximus
2025 4477 2081 4560 de·
2150 4511 2152 4560 a

116 4687 118 4696 χ
158 4611 161 4625 ¹
235 4635 244 4646 ·
286 4591 530 4678 stinandum.
586 4595 791 4704 Rogamus
818 4593 958 4704 itaque
986 4591 1299 4678 Vniversitatcm
1318 4605 1506 4689 vestram,
1533 4607 1575 4672 et
1590 4587 1804 4672 hortamur
1816 4605 1972 4674 abente
1987 4615 2082 4673 man·
2150 4587 2152 4656 l

227 4737 230 4740 ·
288 4703 444 4800 dautes,
472 4723 671 4813 quatenus
699 4703 873 4790 eundem
901 4735 993 4788 cum
1021 4706 1074 4788 ad
1103 4731 1175 4788 vos
1203 4703 1316 4784 Duce
1343 4700 1508 4784 Christo
1535 4702 1767 4812 pervenerit
1801 4717 1999 4815 tanquam
2024 4701 2081 4782 Se·
2150 4701 2152 4720 ⁴

290 4815 387 4902 lutis
411 4812 615 4919 ‘Angelum
642 4820 884 4928 recipientes
913 4816 1110 4926 hylariter
1138 4833 1179 4897 et
1201 4813 1348 4896 devote
1375 4839 1590 4923 personam
1617 4828 1800 4912 nostram
1827 4814 1872 4894 in
1911 4814 2003 4925 ipso
2040 4809 2083 4904 si·

287 4941 359 5008 eut
385 4925 543 5038 plenius
571 4931 754 5036 poteritis
781 4930 1009 5026 honoretis,
1038 4931 1124 5010 eius
1161 4925 1297 5007 taliter
1331 4922 1583 5008 intendendo
1610 4923 1844 5008 salubribus
1877 4923 2081 5016 mandatis,

89 5006 93 5022 Ι
172 5051 184 5103 1
288 5050 331 5120 et
357 5034 533 5133 monitis,
561 5038 675 5148 quod
701 5041 808 5124 idern
836 5042 879 5126 in
905 5039 1023 5128 vobis
1050 5037 1280 5126 devotionis
1315 5036 1492 5153 gaudeat
1517 5037 1717 5128 invenisse
1752 5035 1879 5150 lilios,
1920 5051 1965 5122 et
2005 5036 2081 5118 uos
