<?xml version="1.0" encoding="UTF-8"?>
<!DOCTYPE html PUBLIC "-//W3C//DTD XHTML 1.0 Transitional//EN"
    "http://www.w3.org/TR/xhtml1/DTD/xhtml1-transitional.dtd">
<html xmlns="http://www.w3.org/1999/xhtml" xml:lang="en" lang="en">
 <head>
  <title>
</title>
<meta http-equiv="Content-Type" content="text/html;charset=utf-8" />
  <meta name='ocr-system' content='tesseract 3.04.00' />
  <meta name='ocr-capabilities' content='ocr_page ocr_carea ocr_par ocr_line ocrx_word'/>
</head>
<body>
  <div class='ocr_page' id='page_1' title='image "./svensktdiplomat00swegoog_0425.png"; bbox 0 0 4404 5960; ppageno 0'>
   <div class='ocr_carea' id='block_1_1' title="bbox 832 385 1283 538">
    <p class='ocr_par' dir='ltr' id='par_1_1' title="bbox 832 385 1283 538">
     <span class='ocr_line' id='line_1_1' title="bbox 832 385 1283 538; baseline -0.002 -1"><span class='ocrx_word' id='word_1_1' title='bbox 832 497 899 538; x_wconf 65' lang='grc' dir='ltr'><strong>ιιι,</strong></span> <span class='ocrx_word' id='word_1_2' title='bbox 955 447 1075 537; x_wconf 79' lang='lat'><strong>‘381</strong></span> <span class='ocrx_word' id='word_1_3' title='bbox 1193 385 1283 522; x_wconf 18' lang='grc' dir='ltr'><strong>-ιὶ</strong></span> 
     </span>
    </p>
   </div>
   <div class='ocr_carea' id='block_1_2' title="bbox 135 663 1938 1344">
    <p class='ocr_par' dir='ltr' id='par_1_2' title="bbox 133 663 1938 1344">
     <span class='ocr_line' id='line_1_2' title="bbox 135 663 1936 782; baseline 0.001 -26"><span class='ocrx_word' id='word_1_4' title='bbox 135 663 305 758; x_wconf 55' lang='lat' dir='ltr'><strong>‘munere</strong></span> <span class='ocrx_word' id='word_1_5' title='bbox 332 673 447 763; x_wconf 84' lang='lat' dir='ltr'><strong>uenit</strong></span> <span class='ocrx_word' id='word_1_6' title='bbox 475 687 522 752; x_wconf 92' lang='lat' dir='ltr'><strong>ut</strong></span> <span class='ocrx_word' id='word_1_7' title='bbox 550 671 628 760; x_wconf 88' lang='lat' dir='ltr'><strong>sibi</strong></span> <span class='ocrx_word' id='word_1_8' title='bbox 656 697 680 752; x_wconf 90' lang='lat' dir='ltr'><strong>a</strong></span> <span class='ocrx_word' id='word_1_9' title='bbox 708 667 898 756; x_wconf 82' lang='lat' dir='ltr'><strong>fidelibus</strong></span> <span class='ocrx_word' id='word_1_10' title='bbox 925 672 1009 758; x_wconf 84' lang='lat' dir='ltr'><strong>suis</strong></span> <span class='ocrx_word' id='word_1_11' title='bbox 1035 669 1162 781; x_wconf 82' lang='lat' dir='ltr'><strong>digne.</strong></span> <span class='ocrx_word' id='word_1_12' title='bbox 1186 667 1842 782; x_wconf 63' lang='lat' dir='ltr'><strong>ac,=laudabiliten;seruiatursde</strong></span> <span class='ocrx_word' id='word_1_13' title='bbox 1865 675 1936 766; x_wconf 87' lang='lat' dir='ltr'><strong>ha·</strong></span> 
     </span>
     <span class='ocr_line' id='line_1_3' title="bbox 139 780 1937 894; baseline -0.003 -20"><span class='ocrx_word' id='word_1_14' title='bbox 139 784 363 876; x_wconf 81' lang='lat' dir='ltr'><strong>bundantia</strong></span> <span class='ocrx_word' id='word_1_15' title='bbox 392 785 555 894; x_wconf 81' lang='lat' dir='ltr'><strong>pietatis</strong></span> <span class='ocrx_word' id='word_1_16' title='bbox 582 809 654 872; x_wconf 83' lang='lat' dir='ltr'><strong>sue</strong></span> <span class='ocrx_word' id='word_1_17' title='bbox 681 810 762 893; x_wconf 89' lang='lat' dir='ltr'><strong>que</strong></span> <span class='ocrx_word' id='word_1_18' title='bbox 789 785 932 868; x_wconf 83' lang='lat' dir='ltr'><strong>merita</strong></span> <span class='ocrx_word' id='word_1_19' title='bbox 966 807 1044 893; x_wconf 85' lang='lat' dir='ltr'><strong>sup</strong></span> <span class='ocrx_word' id='word_1_20' title='bbox 1075 784 1205 868; x_wconf 83' lang='lat' dir='ltr'><strong>licum</strong></span> <span class='ocrx_word' id='word_1_21' title='bbox 1236 780 1413 866; x_wconf 67' lang='lat' dir='ltr'><strong>excedit·</strong></span> <span class='ocrx_word' id='word_1_22' title='bbox 1438 801 1480 866; x_wconf 86' lang='lat' dir='ltr'><strong>ct</strong></span> <span class='ocrx_word' id='word_1_23' title='bbox 1507 799 1605 880; x_wconf 80' lang='lat' dir='ltr'><strong>octe</strong></span> <span class='ocrx_word' id='word_1_24' title='bbox 1644 785 1937 870; x_wconf 80' lang='lat' dir='ltr'><strong>beneseruicn-</strong></span> 
     </span>
     <span class='ocr_line' id='line_1_4' title="bbox 139 891 1936 1005; baseline 0.001 -25.997"><span class='ocrx_word' id='word_1_25' title='bbox 139 895 247 1002; x_wconf 82' lang='lat' dir='ltr'><strong>tibus</strong></span> <span class='ocrx_word' id='word_1_26' title='bbox 265 897 406 996; x_wconf 62' lang='lat' dir='ltr'><strong>⁴multo</strong></span> <span class='ocrx_word' id='word_1_27' title='bbox 428 896 584 985; x_wconf 74' lang='lat' dir='ltr'><strong>¹maiora</strong></span> <span class='ocrx_word' id='word_1_28' title='bbox 614 891 816 982; x_wconf 83' lang='lat' dir='ltr'><strong>retribuat</strong></span> <span class='ocrx_word' id='word_1_29' title='bbox 843 920 967 1005; x_wconf 85' lang='lat' dir='ltr'><strong>quam</strong></span> <span class='ocrx_word' id='word_1_30' title='bbox 1062 909 1159 978; x_wconf 85' lang='lat' dir='ltr'><strong>cant</strong></span> <span class='ocrx_word' id='word_1_31' title='bbox 1186 896 1430 1003; x_wconf 80' lang='lat' dir='ltr'><strong>promereri,</strong></span> <span class='ocrx_word' id='word_1_32' title='bbox 1472 893 1768 990; x_wconf 78' lang='lat' dir='ltr'><strong>nichilominus</strong></span> <span class='ocrx_word' id='word_1_33' title='bbox 1800 913 1936 982; x_wconf 86' lang='lat' dir='ltr'><strong>tamen</strong></span> 
     </span>
     <span class='ocr_line' id='line_1_5' title="bbox 140 1003 1938 1115; baseline -0.001 -23"><span class='ocrx_word' id='word_1_34' title='bbox 140 1005 414 1092; x_wconf 82' lang='lat' dir='ltr'><strong>desiderantes</strong></span> <span class='ocrx_word' id='word_1_35' title='bbox 442 1004 611 1089; x_wconf 83' lang='lat' dir='ltr'><strong>reddere</strong></span> <span class='ocrx_word' id='word_1_36' title='bbox 639 1004 806 1087; x_wconf 91' lang='lat' dir='ltr'><strong>domino</strong></span> <span class='ocrx_word' id='word_1_37' title='bbox 836 1004 1035 1115; x_wconf 90' lang='lat' dir='ltr'><strong>populum</strong></span> <span class='ocrx_word' id='word_1_38' title='bbox 1071 1004 1359 1113; x_wconf 80' lang='lat' dir='ltr'><strong>acceptabilem</strong></span> <span class='ocrx_word' id='word_1_39' title='bbox 1399 1005 1538 1090; x_wconf 81' lang='lat' dir='ltr'><strong>fideles</strong></span> <span class='ocrx_word' id='word_1_40' title='bbox 1577 1006 1720 1092; x_wconf 85' lang='lat' dir='ltr'><strong>christi</strong></span> <span class='ocrx_word' id='word_1_41' title='bbox 1744 1003 1801 1092; x_wconf 87' lang='lat' dir='ltr'><strong>ad</strong></span> <span class='ocrx_word' id='word_1_42' title='bbox 1829 1038 1938 1098; x_wconf 82' lang='lat' dir='ltr'><strong>com·</strong></span> 
     </span>
     <span class='ocr_line' id='line_1_6' title="bbox 139 1115 1938 1228; baseline 0.003 -29"><span class='ocrx_word' id='word_1_43' title='bbox 139 1117 382 1227; x_wconf 89' lang='lat' dir='ltr'><strong>placendum</strong></span> <span class='ocrx_word' id='word_1_44' title='bbox 409 1118 446 1202; x_wconf 90' lang='lat' dir='ltr'><strong>ei</strong></span> <span class='ocrx_word' id='word_1_45' title='bbox 474 1119 591 1228; x_wconf 85' lang='lat' dir='ltr'>quasi</span> <span class='ocrx_word' id='word_1_46' title='bbox 618 1115 863 1226; x_wconf 88' lang='lat' dir='ltr'><strong>quibusdam</strong></span> <span class='ocrx_word' id='word_1_47' title='bbox 890 1117 1078 1198; x_wconf 88' lang='lat' dir='ltr'><strong>illectiuis</strong></span> <span class='ocrx_word' id='word_1_48' title='bbox 1106 1115 1272 1226; x_wconf 72' lang='lat' dir='ltr'><strong>premiis</strong></span> <span class='ocrx_word' id='word_1_49' title='bbox 1314 1116 1579 1228; x_wconf 70' lang='lat' dir='ltr'><strong>indulgentiis</strong></span> <span class='ocrx_word' id='word_1_50' title='bbox 1620 1119 1773 1202; x_wconf 85' lang='lat' dir='ltr'><strong>scilicet</strong></span> <span class='ocrx_word' id='word_1_51' title='bbox 1807 1139 1848 1206; x_wconf 88' lang='lat' dir='ltr'><strong>et</strong></span> <span class='ocrx_word' id='word_1_52' title='bbox 1875 1150 1938 1204; x_wconf 88' lang='lat' dir='ltr'><strong>re·</strong></span> 
     </span>
     <span class='ocr_line' id='line_1_7' title="bbox 139 1226 1936 1344; baseline 0.004 -34"><span class='ocrx_word' id='word_1_53' title='bbox 139 1229 397 1312; x_wconf 87' lang='lat' dir='ltr'><strong>missionibus</strong></span> <span class='ocrx_word' id='word_1_54' title='bbox 425 1229 652 1323; x_wconf 81' lang='lat' dir='ltr'><strong>inuitemus.</strong></span> <span class='ocrx_word' id='word_1_55' title='bbox 686 1244 733 1308; x_wconf 92' lang='lat' dir='ltr'><strong>ut</strong></span> <span class='ocrx_word' id='word_1_56' title='bbox 760 1226 908 1311; x_wconf 85' lang='lat' dir='ltr'><strong>exinde</strong></span> <span class='ocrx_word' id='word_1_57' title='bbox 937 1226 1162 1310; x_wconf 88' lang='lat' dir='ltr'><strong>reddantur</strong></span> <span class='ocrx_word' id='word_1_58' title='bbox 1188 1227 1329 1312; x_wconf 79' lang='lat' dir='ltr'><strong>diuino</strong></span> <span class='ocrx_word' id='word_1_59' title='bbox 1357 1231 1486 1340; x_wconf 84' lang='lat' dir='ltr'><strong>gratie</strong></span> <span class='ocrx_word' id='word_1_60' title='bbox 1514 1229 1702 1344; x_wconf 77' lang='lat' dir='ltr'><strong>aptiores.</strong></span> <span class='ocrx_word' id='word_1_61' title='bbox 1733 1231 1836 1314; x_wconf 88' lang='lat' dir='ltr'><strong>Cum</strong></span> <span class='ocrx_word' id='word_1_62' title='bbox 1861 1235 1936 1342; x_wconf 80' lang='lat' dir='ltr'><strong>igi-</strong></span> 
     </span>
    </p>
   </div>
   <div class='ocr_carea' id='block_1_3' title="bbox 139 1326 2096 1451">
    <p class='ocr_par' dir='ltr' id='par_1_3' title="bbox 139 1326 2096 1451">
     <span class='ocr_line' id='line_1_8' title="bbox 139 1326 2096 1451; baseline 0.003 -29"><span class='ocrx_word' id='word_1_63' title='bbox 139 1357 207 1422; x_wconf 92' lang='lat' dir='ltr'><strong>tur</strong></span> <span class='ocrx_word' id='word_1_64' title='bbox 235 1341 341 1422; x_wconf 89' lang='lat' dir='ltr'><strong>sicut</strong></span> <span class='ocrx_word' id='word_1_65' title='bbox 369 1341 543 1421; x_wconf 84' lang='lat' dir='ltr'><strong>asseritis</strong></span> <span class='ocrx_word' id='word_1_66' title='bbox 571 1336 624 1420; x_wconf 85' lang='lat' dir='ltr'><strong>ad</strong></span> <span class='ocrx_word' id='word_1_67' title='bbox 650 1335 910 1449; x_wconf 85' lang='lat' dir='ltr'><strong>sepulchrum</strong></span> <span class='ocrx_word' id='word_1_68' title='bbox 938 1326 1049 1420; x_wconf 86' lang='lat' dir='ltr'><strong>beati</strong></span> <span class='ocrx_word' id='word_1_69' title='bbox 1076 1338 1245 1424; x_wconf 89' lang='lat' dir='ltr'><strong>Henrici</strong></span> <span class='ocrx_word' id='word_1_70' title='bbox 1272 1339 1393 1450; x_wconf 84' lang='lat' dir='ltr'><strong>Regis</strong></span> <span class='ocrx_word' id='word_1_71' title='bbox 1413 1342 1528 1424; x_wconf 87' lang='lat' dir='ltr'><strong>cuius</strong></span> <span class='ocrx_word' id='word_1_72' title='bbox 1548 1367 1699 1451; x_wconf 88' lang='lat' dir='ltr'><strong>corpus</strong></span> <span class='ocrx_word' id='word_1_73' title='bbox 1726 1343 1771 1422; x_wconf 90' lang='lat' dir='ltr'><strong>in</strong></span> <span class='ocrx_word' id='word_1_74' title='bbox 1799 1357 1935 1427; x_wconf 83' lang='lat' dir='ltr'><strong>uestra</strong></span> <span class='ocrx_word' id='word_1_75' title='bbox 2012 1345 2013 1350; x_wconf 59' lang='lat'>‘</span> <span class='ocrx_word' id='word_1_76' title='bbox 2089 1375 2096 1382; x_wconf 92' lang='lat'>·</span> 
     </span>
    </p>
   </div>
   <div class='ocr_carea' id='block_1_4' title="bbox 118 1448 2032 2218">
    <p class='ocr_par' dir='ltr' id='par_1_4' title="bbox 118 1448 2032 2218">
     <span class='ocr_line' id='line_1_9' title="bbox 139 1448 2032 1564; baseline 0.005 -35"><span class='ocrx_word' id='word_1_77' title='bbox 139 1453 356 1561; x_wconf 77' lang='lat' dir='ltr'><strong>requiescit</strong></span> <span class='ocrx_word' id='word_1_78' title='bbox 383 1451 549 1532; x_wconf 89' lang='lat' dir='ltr'><strong>ecclesia</strong></span> <span class='ocrx_word' id='word_1_79' title='bbox 583 1448 733 1532; x_wconf 87' lang='lat' dir='ltr'><strong>deuote</strong></span> <span class='ocrx_word' id='word_1_80' title='bbox 761 1466 981 1533; x_wconf 83' lang='lat' dir='ltr'><strong>concurrat</strong></span> <span class='ocrx_word' id='word_1_81' title='bbox 1008 1451 1153 1564; x_wconf 90' lang='lat' dir='ltr'><strong>populi</strong></span> <span class='ocrx_word' id='word_1_82' title='bbox 1183 1449 1418 1552; x_wconf 84' lang='lat' dir='ltr'><strong>multitudo,</strong></span> <span class='ocrx_word' id='word_1_83' title='bbox 1453 1477 1529 1532; x_wconf 87' lang='lat' dir='ltr'><strong>nos</strong></span> <span class='ocrx_word' id='word_1_84' title='bbox 1555 1455 1766 1562; x_wconf 89' lang='lat' dir='ltr'><strong>cupientes</strong></span> <span class='ocrx_word' id='word_1_85' title='bbox 1795 1472 1841 1537; x_wconf 89' lang='lat' dir='ltr'><strong>ut</strong></span> <span class='ocrx_word' id='word_1_86' title='bbox 1869 1483 1934 1538; x_wconf 89' lang='lat' dir='ltr'><strong>ea·</strong></span> <span class='ocrx_word' id='word_1_87' title='bbox 2029 1491 2032 1498; x_wconf 88' lang='lat'>·</span> 
     </span>
     <span class='ocr_line' id='line_1_10' title="bbox 139 1559 1935 1672; baseline 0.002 -28"><span class='ocrx_word' id='word_1_88' title='bbox 139 1562 427 1645; x_wconf 73' lang='lat' dir='ltr'><strong>demacctesia</strong></span> <span class='ocrx_word' id='word_1_89' title='bbox 455 1562 646 1670; x_wconf 79' lang='lat' dir='ltr'><strong>congruis</strong></span> <span class='ocrx_word' id='word_1_90' title='bbox 675 1560 899 1646; x_wconf 81' lang='lat' dir='ltr'><strong>honoribus</strong></span> <span class='ocrx_word' id='word_1_91' title='bbox 927 1559 1207 1672; x_wconf 66' lang='lat' dir='ltr'><strong>frequentetur</strong></span> <span class='ocrx_word' id='word_1_92' title='bbox 1235 1561 1423 1646; x_wconf 90' lang='lat' dir='ltr'><strong>omnibus</strong></span> <span class='ocrx_word' id='word_1_93' title='bbox 1452 1589 1547 1645; x_wconf 89' lang='lat' dir='ltr'><strong>uere</strong></span> <span class='ocrx_word' id='word_1_94' title='bbox 1588 1565 1867 1672; x_wconf 84' lang='lat' dir='ltr'><strong>penitentibus</strong></span> <span class='ocrx_word' id='word_1_95' title='bbox 1893 1585 1935 1649; x_wconf 90' lang='lat' dir='ltr'><strong>et</strong></span> 
     </span>
     <span class='ocr_line' id='line_1_11' title="bbox 118 1671 1933 1784; baseline 0.003 -30"><span class='ocrx_word' id='word_1_96' title='bbox 118 1671 332 1756; x_wconf 85' lang='lat' dir='ltr'><strong>-conlessis</strong></span> <span class='ocrx_word' id='word_1_97' title='bbox 360 1674 434 1782; x_wconf 90' lang='lat' dir='ltr'><strong>qui</strong></span> <span class='ocrx_word' id='word_1_98' title='bbox 462 1673 669 1759; x_wconf 85' lang='lat' dir='ltr'><strong>ecclesiam</strong></span> <span class='ocrx_word' id='word_1_99' title='bbox 688 1674 825 1782; x_wconf 85' lang='lat' dir='ltr'><strong>ipsam</strong></span> <span class='ocrx_word' id='word_1_100' title='bbox 843 1673 897 1762; x_wconf 85' lang='lat' dir='ltr'><strong>¹in</strong></span> <span class='ocrx_word' id='word_1_101' title='bbox 924 1673 1027 1755; x_wconf 84' lang='lat' dir='ltr'><strong>festo</strong></span> <span class='ocrx_word' id='word_1_102' title='bbox 1055 1671 1232 1756; x_wconf 90' lang='lat' dir='ltr'><strong>eiusdem</strong></span> <span class='ocrx_word' id='word_1_103' title='bbox 1259 1675 1390 1784; x_wconf 88' lang='lat' dir='ltr'><strong>sancti</strong></span> <span class='ocrx_word' id='word_1_104' title='bbox 1403 1777 1405 1782; x_wconf 68' lang='lat'><em>,</em></span> <span class='ocrx_word' id='word_1_105' title='bbox 1418 1675 1534 1776; x_wconf 84' lang='lat' dir='ltr'><strong>annis</strong></span> <span class='ocrx_word' id='word_1_106' title='bbox 1561 1674 1730 1784; x_wconf 83' lang='lat' dir='ltr'><strong>singulis</strong></span> <span class='ocrx_word' id='word_1_107' title='bbox 1765 1704 1933 1762; x_wconf 85' lang='lat' dir='ltr'><strong>uenera-</strong></span> 
     </span>
     <span class='ocr_line' id='line_1_12' title="bbox 139 1783 2012 1892; baseline 0.002 -26"><span class='ocrx_word' id='word_1_108' title='bbox 139 1785 276 1878; x_wconf 79' lang='lat' dir='ltr'><strong>biliter</strong></span> <span class='ocrx_word' id='word_1_109' title='bbox 305 1784 507 1866; x_wconf 89' lang='lat' dir='ltr'><strong>uisitarint</strong></span> <span class='ocrx_word' id='word_1_110' title='bbox 536 1783 588 1866; x_wconf 89' lang='lat' dir='ltr'><strong>de</strong></span> <span class='ocrx_word' id='word_1_111' title='bbox 616 1783 906 1892; x_wconf 89' lang='lat' dir='ltr'><strong>omnipotentis</strong></span> <span class='ocrx_word' id='word_1_112' title='bbox 935 1783 1001 1866; x_wconf 91' lang='lat' dir='ltr'><strong>dei</strong></span> <span class='ocrx_word' id='word_1_113' title='bbox 1030 1783 1304 1868; x_wconf 87' lang='lat' dir='ltr'><strong>misericordia</strong></span> <span class='ocrx_word' id='word_1_114' title='bbox 1333 1802 1374 1866; x_wconf 91' lang='lat' dir='ltr'><strong>et</strong></span> <span class='ocrx_word' id='word_1_115' title='bbox 1402 1784 1615 1869; x_wconf 83' lang='lat' dir='ltr'><strong>beatorum</strong></span> <span class='ocrx_word' id='word_1_116' title='bbox 1638 1784 1746 1869; x_wconf 90' lang='lat' dir='ltr'><strong>Petri</strong></span> <span class='ocrx_word' id='word_1_117' title='bbox 1765 1803 1807 1870; x_wconf 90' lang='lat' dir='ltr'><strong>et</strong></span> <span class='ocrx_word' id='word_1_118' title='bbox 1819 1788 1934 1870; x_wconf 87' lang='lat' dir='ltr'><strong>Pauli</strong></span> <span class='ocrx_word' id='word_1_119' title='bbox 2004 1855 2012 1870; x_wconf 70' lang='grc'><strong>,</strong></span> 
     </span>
     <span class='ocr_line' id='line_1_13' title="bbox 139 1893 1946 2010; baseline 0.002 -33"><span class='ocrx_word' id='word_1_120' title='bbox 139 1893 418 2006; x_wconf 78' lang='lat' dir='ltr'><strong>apostolorum</strong></span> <span class='ocrx_word' id='word_1_121' title='bbox 446 1895 531 1977; x_wconf 88' lang='lat' dir='ltr'><strong>eius</strong></span> <span class='ocrx_word' id='word_1_122' title='bbox 559 1895 800 1980; x_wconf 82' lang='lat' dir='ltr'><strong>auctoritate</strong></span> <span class='ocrx_word' id='word_1_123' title='bbox 828 1894 970 1979; x_wconf 91' lang='lat' dir='ltr'><strong>confisi</strong></span> <span class='ocrx_word' id='word_1_124' title='bbox 1003 1895 1285 2004; x_wconf 77' lang='lat' dir='ltr'><strong>Quadraginta</strong></span> <span class='ocrx_word' id='word_1_125' title='bbox 1314 1896 1399 1980; x_wconf 86' lang='lat' dir='ltr'><strong>dies</strong></span> <span class='ocrx_word' id='word_1_126' title='bbox 1428 1897 1478 1981; x_wconf 93' lang='lat' dir='ltr'><strong>de</strong></span> <span class='ocrx_word' id='word_1_127' title='bbox 1493 1899 1686 1982; x_wconf 87' lang='lat' dir='ltr'><strong>iniunctis</strong></span> <span class='ocrx_word' id='word_1_128' title='bbox 1713 1897 1792 1980; x_wconf 85' lang='lat' dir='ltr'><strong>sibi</strong></span> <span class='ocrx_word' id='word_1_129' title='bbox 1819 1903 1946 2010; x_wconf 82' lang='lat' dir='ltr'><strong>peni·¹</strong></span> 
     </span>
     <span class='ocr_line' id='line_1_14' title="bbox 139 2003 1951 2116; baseline 0.003 -28"><span class='ocrx_word' id='word_1_130' title='bbox 139 2006 280 2116; x_wconf 85' lang='lat' dir='ltr'><strong>tentijs</strong></span> <span class='ocrx_word' id='word_1_131' title='bbox 295 2003 605 2090; x_wconf 88' lang='lat' dir='ltr'><strong>misericorditer</strong></span> <span class='ocrx_word' id='word_1_132' title='bbox 619 2004 854 2090; x_wconf 84' lang='lat' dir='ltr'><strong>relaxamus.</strong></span> <span class='ocrx_word' id='word_1_133' title='bbox 884 2007 1043 2088; x_wconf 89' lang='lat' dir='ltr'><strong>Datum.</strong></span> <span class='ocrx_word' id='word_1_134' title='bbox 1071 2009 1256 2114; x_wconf 82' lang='lat' dir='ltr'><strong>Anagnie</strong></span> <span class='ocrx_word' id='word_1_135' title='bbox 1283 2007 1322 2089; x_wconf 93' lang='lat' dir='ltr'>X</span> <span class='ocrx_word' id='word_1_136' title='bbox 1354 2007 1445 2094; x_wconf 87' lang='lat' dir='ltr'><strong>Kal.</strong></span> <span class='ocrx_word' id='word_1_137' title='bbox 1474 2008 1730 2112; x_wconf 82' lang='lat' dir='ltr'><strong>Nouembris,</strong></span> <span class='ocrx_word' id='word_1_138' title='bbox 1767 2009 1951 2094; x_wconf 69' lang='lat' dir='ltr'><strong>Pontifi-</strong></span> 
     </span>
     <span class='ocr_line' id='line_1_15' title="bbox 139 2112 1235 2218; baseline 0.003 -18"><span class='ocrx_word' id='word_1_139' title='bbox 139 2135 254 2210; x_wconf 78' lang='lat' dir='ltr'><strong>canu</strong></span> <span class='ocrx_word' id='word_1_140' title='bbox 281 2120 409 2201; x_wconf 87' lang='lat' dir='ltr'><strong>nostri</strong></span> <span class='ocrx_word' id='word_1_141' title='bbox 437 2123 559 2218; x_wconf 81' lang='lat' dir='ltr'><strong>Auno</strong></span> <span class='ocrx_word' id='word_1_142' title='bbox 586 2112 788 2201; x_wconf 88' lang='lat' dir='ltr'><strong>Secundo.</strong></span> <span class='ocrx_word' id='word_1_143' title='bbox 1233 2129 1235 2134; x_wconf 79' lang='grc'>’</span> 
     </span>
    </p>
   </div>
   <div class='ocr_carea' id='block_1_5' title="bbox 850 2255 1222 2343">
    <p class='ocr_par' dir='ltr' id='par_1_5' title="bbox 850 2255 1222 2343">
     <span class='ocr_line' id='line_1_16' title="bbox 850 2255 1222 2343; baseline -0.003 -21"><span class='ocrx_word' id='word_1_144' title='bbox 850 2257 1019 2343; x_wconf 80' lang='lat' dir='ltr'><strong>lilybullan</strong></span> <span class='ocrx_word' id='word_1_145' title='bbox 1045 2255 1222 2323; x_wconf 69' lang='lat' dir='ltr'><strong>musanen.</strong></span> 
     </span>
    </p>
   </div>
   <div class='ocr_carea' id='block_1_6' title="bbox 141 2643 1932 2868">
    <p class='ocr_par' dir='ltr' id='par_1_6' title="bbox 141 2643 1932 2868">
     <span class='ocr_line' id='line_1_17' title="bbox 141 2643 1932 2868; baseline -0.002 -45"><span class='ocrx_word' id='word_1_146' title='bbox 141 2713 273 2847; x_wconf 71' lang='lat' dir='ltr'><strong>aaa.</strong></span> <span class='ocrx_word' id='word_1_147' title='bbox 361 2784 365 2796; x_wconf 78' lang='lat'><em>.</em></span> <span class='ocrx_word' id='word_1_148' title='bbox 476 2653 480 2779; x_wconf 82' lang='lat'>1</span> <span class='ocrx_word' id='word_1_149' title='bbox 746 2643 1305 2868; x_wconf 20' lang='lat' dir='ltr'><strong>,nseufisaoa</strong></span> <span class='ocrx_word' id='word_1_150' title='bbox 1397 2717 1400 2726; x_wconf 44' lang='lat'><strong>¹</strong></span> <span class='ocrx_word' id='word_1_151' title='bbox 1516 2787 1518 2792; x_wconf 17' lang='grc' dir='ltr'><strong><em>ι</em></strong></span> <span class='ocrx_word' id='word_1_152' title='bbox 1718 2653 1932 2862; x_wconf 68' lang='lat' dir='ltr'><strong>anagn</strong></span> 
     </span>
    </p>
   </div>
   <div class='ocr_carea' id='block_1_7' title="bbox 88 2875 1912 3120">
    <p class='ocr_par' dir='ltr' id='par_1_7' title="bbox 88 2875 1912 3120">
     <span class='ocr_line' id='line_1_18' title="bbox 88 2875 1815 3020; baseline -0.002 -24"><span class='ocrx_word' id='word_1_153' title='bbox 88 2995 94 3006; x_wconf 81' lang='grc'><strong><em>,</em></strong></span> <span class='ocrx_word' id='word_1_154' title='bbox 219 2875 513 3000; x_wconf 66' lang='lat' dir='ltr'><strong>Pdsndnmsuun</strong></span> <span class='ocrx_word' id='word_1_155' title='bbox 536 2903 706 2997; x_wconf 71' lang='lat' dir='ltr'><strong>1v=surel</strong></span> <span class='ocrx_word' id='word_1_156' title='bbox 721 2951 774 2995; x_wconf 87' lang='lat' dir='ltr'><strong>cm</strong></span> <span class='ocrx_word' id='word_1_157' title='bbox 795 2931 836 3009; x_wconf 80' lang='grc' dir='ltr'><strong>4ο</strong></span> <span class='ocrx_word' id='word_1_158' title='bbox 857 2929 968 3014; x_wconf 73' lang='lat' dir='ltr'><strong>degere</strong></span> <span class='ocrx_word' id='word_1_159' title='bbox 988 2927 1062 2995; x_wconf 78' lang='lat' dir='ltr'><strong>ellat</strong></span> <span class='ocrx_word' id='word_1_160' title='bbox 1083 2929 1134 2994; x_wconf 80' lang='lat' dir='ltr'><strong>lb&#39;r</strong></span> <span class='ocrx_word' id='word_1_161' title='bbox 1154 2928 1237 3010; x_wconf 87' lang='lat' dir='ltr'><strong>dem,</strong></span> <span class='ocrx_word' id='word_1_162' title='bbox 1258 2950 1325 2995; x_wconf 85' lang='lat' dir='ltr'><strong>scm</strong></span> <span class='ocrx_word' id='word_1_163' title='bbox 1346 2929 1461 2994; x_wconf 81' lang='lat' dir='ltr'><strong>besdla</strong></span> <span class='ocrx_word' id='word_1_164' title='bbox 1480 2893 1601 3020; x_wconf 75' lang='lat' dir='ltr'><strong>Uptdla</strong></span> <span class='ocrx_word' id='word_1_165' title='bbox 1621 2929 1815 3016; x_wconf 75' lang='lat' dir='ltr'><strong>Domkyrka</strong></span> 
     </span>
     <span class='ocr_line' id='line_1_19' title="bbox 1618 3044 1912 3120; baseline 0 -20"><span class='ocrx_word' id='word_1_166' title='bbox 1618 3044 1656 3101; x_wconf 78' lang='grc' dir='ltr'><strong>Α.</strong></span> <span class='ocrx_word' id='word_1_167' title='bbox 1676 3061 1698 3102; x_wconf 91' lang='grc' dir='ltr'><strong>ι.</strong></span> <span class='ocrx_word' id='word_1_168' title='bbox 1713 3063 1737 3101; x_wconf 79' lang='grc' dir='ltr'><strong>ι.</strong></span> <span class='ocrx_word' id='word_1_169' title='bbox 1755 3061 1799 3120; x_wconf 75' lang='lat'><strong>²9.</strong></span> <span class='ocrx_word' id='word_1_170' title='bbox 1906 3081 1912 3091; x_wconf 85' lang='lat'><em>-</em></span> 
     </span>
    </p>
   </div>
   <div class='ocr_carea' id='block_1_8' title="bbox 135 3181 2026 3516">
    <p class='ocr_par' dir='ltr' id='par_1_8' title="bbox 135 3181 2026 3516">
     <span class='ocr_line' id='line_1_20' title="bbox 303 3181 2026 3293; baseline 0 -29"><span class='ocrx_word' id='word_1_171' title='bbox 303 3187 547 3266; x_wconf 70' lang='lat' dir='ltr'><strong>Auxanum</strong></span> <span class='ocrx_word' id='word_1_172' title='bbox 574 3186 649 3262; x_wconf 81' lang='lat' dir='ltr'><strong>&amp;c</strong></span> <span class='ocrx_word' id='word_1_173' title='bbox 678 3183 762 3264; x_wconf 80' lang='lat' dir='ltr'><strong>lile</strong></span> <span class='ocrx_word' id='word_1_174' title='bbox 789 3183 880 3264; x_wconf 76' lang='lat' dir='ltr'><strong>need</strong></span> <span class='ocrx_word' id='word_1_175' title='bbox 893 3181 1153 3289; x_wconf 69' lang='lat' dir='ltr'><strong>fdrcgciende</strong></span> <span class='ocrx_word' id='word_1_176' title='bbox 1180 3183 1263 3264; x_wconf 79' lang='lat' dir='ltr'><strong>Nsc</strong></span> <span class='ocrx_word' id='word_1_177' title='bbox 1291 3181 1371 3276; x_wconf 72' lang='lat'><strong>435</strong></span> <span class='ocrx_word' id='word_1_178' title='bbox 1399 3183 1465 3265; x_wconf 73' lang='lat' dir='ltr'><strong>tell</strong></span> <span class='ocrx_word' id='word_1_179' title='bbox 1489 3183 1678 3293; x_wconf 87' lang='lat' dir='ltr'><strong>aptiores.</strong></span> <span class='ocrx_word' id='word_1_180' title='bbox 1714 3181 1933 3293; x_wconf 88' lang='lat' dir='ltr'><strong>Cupientes</strong></span> <span class='ocrx_word' id='word_1_181' title='bbox 2022 3208 2026 3216; x_wconf 79' lang='grc'>’</span> 
     </span>
     <span class='ocr_line' id='line_1_21' title="bbox 135 3283 1933 3406; baseline -0.001 -30"><span class='ocrx_word' id='word_1_182' title='bbox 135 3295 261 3406; x_wconf 84' lang='lat' dir='ltr'><strong>igitur</strong></span> <span class='ocrx_word' id='word_1_183' title='bbox 288 3310 335 3378; x_wconf 92' lang='lat' dir='ltr'><strong>ut</strong></span> <span class='ocrx_word' id='word_1_184' title='bbox 361 3293 528 3376; x_wconf 88' lang='lat' dir='ltr'><strong>ecclesia</strong></span> <span class='ocrx_word' id='word_1_185' title='bbox 554 3309 689 3374; x_wconf 87' lang='lat' dir='ltr'><strong>uestra</strong></span> <span class='ocrx_word' id='word_1_186' title='bbox 715 3317 797 3405; x_wconf 91' lang='lat' dir='ltr'><strong>que</strong></span> <span class='ocrx_word' id='word_1_187' title='bbox 825 3294 868 3372; x_wconf 93' lang='lat' dir='ltr'><strong>in</strong></span> <span class='ocrx_word' id='word_1_188' title='bbox 891 3287 1100 3374; x_wconf 79' lang='lat' dir='ltr'><strong>bonorem&#39;</strong></span> <span class='ocrx_word' id='word_1_189' title='bbox 1128 3283 1237 3376; x_wconf 82' lang='lat' dir='ltr'><strong>beati</strong></span> <span class='ocrx_word' id='word_1_190' title='bbox 1279 3291 1495 3400; x_wconf 78' lang='lat' dir='ltr'><strong>Laurencij</strong></span> <span class='ocrx_word' id='word_1_191' title='bbox 1521 3294 1626 3376; x_wconf 89' lang='lat' dir='ltr'><strong>sicut</strong></span> <span class='ocrx_word' id='word_1_192' title='bbox 1655 3295 1830 3376; x_wconf 85' lang='lat' dir='ltr'><strong>asseritis</strong></span> <span class='ocrx_word' id='word_1_193' title='bbox 1872 3307 1933 3377; x_wconf 90' lang='lat' dir='ltr'><strong>est</strong></span> 
     </span>
     <span class='ocr_line' id='line_1_22' title="bbox 135 3402 1927 3516; baseline -0.001 -28"><span class='ocrx_word' id='word_1_194' title='bbox 135 3406 304 3492; x_wconf 80' lang='lat' dir='ltr'><strong>fundata</strong></span> <span class='ocrx_word' id='word_1_195' title='bbox 331 3404 522 3516; x_wconf 79' lang='lat' dir='ltr'><strong>congruis</strong></span> <span class='ocrx_word' id='word_1_196' title='bbox 550 3403 778 3490; x_wconf 87' lang='lat' dir='ltr'><strong>bonoribus</strong></span> <span class='ocrx_word' id='word_1_197' title='bbox 807 3402 1090 3514; x_wconf 82' lang='lat' dir='ltr'><strong>frequentetur</strong></span> <span class='ocrx_word' id='word_1_198' title='bbox 1118 3408 1195 3496; x_wconf 76' lang='lat' dir='ltr'><strong>&amp;c</strong></span> <span class='ocrx_word' id='word_1_199' title='bbox 1223 3405 1297 3487; x_wconf 74' lang='lat' dir='ltr'><strong>ccli</strong></span> <span class='ocrx_word' id='word_1_200' title='bbox 1322 3405 1468 3488; x_wconf 75' lang='lat' dir='ltr'><strong>wilare</strong></span> <span class='ocrx_word' id='word_1_201' title='bbox 1494 3407 1562 3488; x_wconf 83' lang='lat' dir='ltr'><strong>till</strong></span> <span class='ocrx_word' id='word_1_202' title='bbox 1585 3407 1679 3488; x_wconf 73' lang='lat' dir='ltr'><strong>alut.</strong></span> <span class='ocrx_word' id='word_1_203' title='bbox 1751 3489 1762 3496; x_wconf 64' lang='grc'><strong>,</strong></span> <span class='ocrx_word' id='word_1_204' title='bbox 1924 3405 1927 3408; x_wconf 76' lang='grc'><strong>’</strong></span> 
     </span>
    </p>
   </div>
   <div class='ocr_carea' id='block_1_9' title="bbox 329 3540 1688 3644">
    <p class='ocr_par' dir='ltr' id='par_1_9' title="bbox 329 3540 1688 3644">
     <span class='ocr_line' id='line_1_23' title="bbox 329 3540 1688 3644; baseline 0.001 -35"><span class='ocrx_word' id='word_1_205' title='bbox 329 3635 333 3644; x_wconf 27' lang='lat'><strong><em>¹</em></strong></span> <span class='ocrx_word' id='word_1_206' title='bbox 468 3544 635 3631; x_wconf 79' lang='lat' dir='ltr'><strong>blybullan</strong></span> <span class='ocrx_word' id='word_1_207' title='bbox 656 3543 836 3624; x_wconf 73' lang='lat' dir='ltr'><strong>bortlellcm</strong></span> <span class='ocrx_word' id='word_1_208' title='bbox 856 3563 929 3608; x_wconf 86' lang='lat' dir='ltr'><strong>men</strong></span> <span class='ocrx_word' id='word_1_209' title='bbox 949 3544 1027 3611; x_wconf 82' lang='lat' dir='ltr'><strong>rdda</strong></span> <span class='ocrx_word' id='word_1_210' title='bbox 1045 3541 1107 3608; x_wconf 91' lang='lat' dir='ltr'><strong>ocb</strong></span> <span class='ocrx_word' id='word_1_211' title='bbox 1127 3544 1200 3627; x_wconf 74' lang='lat' dir='ltr'><strong>gula</strong></span> <span class='ocrx_word' id='word_1_212' title='bbox 1220 3540 1418 3610; x_wconf 67' lang='lat' dir='ltr'><strong>emereatur</strong></span> <span class='ocrx_word' id='word_1_213' title='bbox 1438 3554 1493 3610; x_wconf 73' lang='lat' dir='ltr'><strong>tro</strong></span> <span class='ocrx_word' id='word_1_214' title='bbox 1513 3565 1599 3632; x_wconf 74' lang='lat' dir='ltr'><strong>quar.</strong></span> <span class='ocrx_word' id='word_1_215' title='bbox 1685 3567 1688 3576; x_wconf 70' lang='lat'>¹</span> 
     </span>
    </p>
   </div>
   <div class='ocr_carea' id='block_1_10' title="bbox 136 3909 1929 4146">
    <p class='ocr_par' dir='ltr' id='par_1_10' title="bbox 136 3909 1940 4146">
     <span class='ocr_line' id='line_1_24' title="bbox 136 3909 1929 4146; baseline 0.002 -44"><span class='ocrx_word' id='word_1_216' title='bbox 136 3931 273 4144; x_wconf 54' lang='lat'><strong>437.</strong></span> <span class='ocrx_word' id='word_1_217' title='bbox 621 3977 625 3986; x_wconf 41' lang='lat'>¹</span> <span class='ocrx_word' id='word_1_218' title='bbox 774 3909 925 4101; x_wconf 59' lang='lat'><strong>1256</strong></span> <span class='ocrx_word' id='word_1_219' title='bbox 971 3993 1020 4100; x_wconf 89' lang='lat' dir='ltr'><strong>d.</strong></span> <span class='ocrx_word' id='word_1_220' title='bbox 1070 3995 1142 4102; x_wconf 80' lang='lat'><strong>23</strong></span> <span class='ocrx_word' id='word_1_221' title='bbox 1188 3920 1351 4101; x_wconf 84' lang='lat' dir='ltr'><strong>Oct.¹</strong></span> <span class='ocrx_word' id='word_1_222' title='bbox 1425 3917 1428 3926; x_wconf 20' lang='grc' dir='ltr'><strong><em>Ι</em></strong></span> <span class='ocrx_word' id='word_1_223' title='bbox 1525 4109 1529 4116; x_wconf 52' lang='grc'><strong>,</strong></span> <span class='ocrx_word' id='word_1_224' title='bbox 1616 4005 1620 4012; x_wconf 84' lang='grc'><strong>’</strong></span> <span class='ocrx_word' id='word_1_225' title='bbox 1713 3996 1929 4146; x_wconf 84' lang='lat' dir='ltr'><strong>Anagui.</strong></span> 
     </span>
    </p>
   </div>
   <div class='ocr_carea' id='block_1_11' title="bbox 217 4173 1934 4386">
    <p class='ocr_par' dir='ltr' id='par_1_11' title="bbox 217 4173 1934 4386">
     <span class='ocr_line' id='line_1_25' title="bbox 217 4173 1934 4328; baseline -0.003 -47"><span class='ocrx_word' id='word_1_226' title='bbox 217 4173 308 4281; x_wconf 61' lang='lat' dir='ltr'><strong>eui.</strong></span> <span class='ocrx_word' id='word_1_227' title='bbox 328 4216 512 4282; x_wconf 68' lang='lat' dir='ltr'><strong>aarum</strong></span> <span class='ocrx_word' id='word_1_228' title='bbox 533 4215 604 4283; x_wconf 74' lang='lat' dir='ltr'><strong>svs</strong></span> <span class='ocrx_word' id='word_1_229' title='bbox 624 4211 811 4279; x_wconf 57' lang='lat' dir='ltr'><strong>caeneus</strong></span> <span class='ocrx_word' id='word_1_230' title='bbox 832 4215 873 4302; x_wconf 77' lang='lat' dir='ltr'><strong>pa</strong></span> <span class='ocrx_word' id='word_1_231' title='bbox 893 4215 1010 4302; x_wconf 63' lang='lat' dir='ltr'><strong>open</strong></span> <span class='ocrx_word' id='word_1_232' title='bbox 1032 4213 1429 4328; x_wconf 59' lang='lat' dir='ltr'><strong>consenciamus</strong></span> <span class='ocrx_word' id='word_1_233' title='bbox 1450 4213 1641 4300; x_wconf 70' lang='lat' dir='ltr'><strong>privilegia.</strong></span> <span class='ocrx_word' id='word_1_234' title='bbox 1751 4209 1789 4261; x_wconf 84' lang='grc'><strong>·-</strong></span> <span class='ocrx_word' id='word_1_235' title='bbox 1853 4217 1858 4225; x_wconf 50' lang='grc'>“</span> <span class='ocrx_word' id='word_1_236' title='bbox 1931 4255 1934 4263; x_wconf 87' lang='grc'><em>.</em></span> 
     </span>
     <span class='ocr_line' id='line_1_26' title="bbox 1516 4331 1795 4386; baseline -0.004 -1"><span class='ocrx_word' id='word_1_237' title='bbox 1516 4337 1518 4342; x_wconf 89' lang='grc'><strong>’</strong></span> <span class='ocrx_word' id='word_1_238' title='bbox 1582 4331 1648 4384; x_wconf 79' lang='grc' dir='ltr'><strong>·Δ.</strong></span> <span class='ocrx_word' id='word_1_239' title='bbox 1669 4344 1691 4382; x_wconf 87' lang='grc' dir='ltr'><strong>ι.</strong></span> <span class='ocrx_word' id='word_1_240' title='bbox 1710 4346 1734 4384; x_wconf 83' lang='grc' dir='ltr'><strong>ι.</strong></span> <span class='ocrx_word' id='word_1_241' title='bbox 1752 4331 1795 4386; x_wconf 77' lang='lat' dir='ltr'><strong>so.</strong></span> 
     </span>
    </p>
   </div>
   <div class='ocr_carea' id='block_1_12' title="bbox 126 4460 1981 5137">
    <p class='ocr_par' dir='ltr' id='par_1_12' title="bbox 126 4460 1981 5137">
     <span class='ocr_line' id='line_1_27' title="bbox 302 4460 1934 4577; baseline 0 -31"><span class='ocrx_word' id='word_1_242' title='bbox 302 4469 545 4548; x_wconf 70' lang='lat' dir='ltr'><strong>Alcmona</strong></span> <span class='ocrx_word' id='word_1_243' title='bbox 574 4465 788 4577; x_wconf 89' lang='lat' dir='ltr'><strong>episcopus</strong></span> <span class='ocrx_word' id='word_1_244' title='bbox 823 4486 964 4574; x_wconf 75' lang='lat' dir='ltr'><strong>seruus</strong></span> <span class='ocrx_word' id='word_1_245' title='bbox 986 4493 1198 4550; x_wconf 87' lang='lat' dir='ltr'><strong>seruorum</strong></span> <span class='ocrx_word' id='word_1_246' title='bbox 1221 4463 1297 4551; x_wconf 88' lang='lat' dir='ltr'><strong>dei.</strong></span> <span class='ocrx_word' id='word_1_247' title='bbox 1326 4465 1489 4550; x_wconf 90' lang='lat' dir='ltr'><strong>Dilectis</strong></span> <span class='ocrx_word' id='word_1_248' title='bbox 1517 4463 1611 4575; x_wconf 87' lang='lat' dir='ltr'><strong>filijs</strong></span> <span class='ocrx_word' id='word_1_249' title='bbox 1640 4526 1649 4545; x_wconf 92' lang='lat'><strong><em>.</em></strong></span> <span class='ocrx_word' id='word_1_250' title='bbox 1679 4525 1689 4546; x_wconf 91' lang='lat'><strong>.</strong></span> <span class='ocrx_word' id='word_1_251' title='bbox 1719 4460 1934 4575; x_wconf 79' lang='lat' dir='ltr'><strong>Prepesito&#39;</strong></span> 
     </span>
     <span class='ocr_line' id='line_1_28' title="bbox 130 4574 1981 4689; baseline -0.004 -23"><span class='ocrx_word' id='word_1_252' title='bbox 130 4595 176 4666; x_wconf 84' lang='lat' dir='ltr'><strong>et</strong></span> <span class='ocrx_word' id='word_1_253' title='bbox 204 4574 392 4689; x_wconf 89' lang='lat' dir='ltr'><strong>Capitulo</strong></span> <span class='ocrx_word' id='word_1_254' title='bbox 419 4577 584 4660; x_wconf 87' lang='lat' dir='ltr'><strong>ecclesie</strong></span> <span class='ocrx_word' id='word_1_255' title='bbox 612 4577 843 4684; x_wconf 87' lang='lat' dir='ltr'><strong>Vpsalcnsi,</strong></span> <span class='ocrx_word' id='word_1_256' title='bbox 873 4576 1050 4660; x_wconf 89' lang='lat' dir='ltr'><strong>Salutem</strong></span> <span class='ocrx_word' id='word_1_257' title='bbox 1078 4595 1119 4658; x_wconf 91' lang='lat' dir='ltr'><strong>et</strong></span> <span class='ocrx_word' id='word_1_258' title='bbox 1149 4575 1410 4686; x_wconf 86' lang='lat' dir='ltr'><strong>apostolicam</strong></span> <span class='ocrx_word' id='word_1_259' title='bbox 1452 4576 1787 4659; x_wconf 88' lang='lat' dir='ltr'><strong>benedictionem.</strong></span> <span class='ocrx_word' id='word_1_260' title='bbox 1824 4577 1928 4658; x_wconf 90' lang='lat' dir='ltr'><strong>Cum</strong></span> <span class='ocrx_word' id='word_1_261' title='bbox 1975 4609 1981 4614; x_wconf 95' lang='lat'>·</span> 
     </span>
     <span class='ocr_line' id='line_1_29' title="bbox 129 4686 1928 4800; baseline -0.001 -29"><span class='ocrx_word' id='word_1_262' title='bbox 129 4717 156 4771; x_wconf 90' lang='lat' dir='ltr'><strong>a</strong></span> <span class='ocrx_word' id='word_1_263' title='bbox 186 4688 306 4771; x_wconf 91' lang='lat' dir='ltr'><strong>nobis</strong></span> <span class='ocrx_word' id='word_1_264' title='bbox 333 4689 487 4800; x_wconf 91' lang='lat' dir='ltr'><strong>petitur</strong></span> <span class='ocrx_word' id='word_1_265' title='bbox 515 4695 587 4768; x_wconf 82' lang='lat' dir='ltr'><strong>&amp;c</strong></span> <span class='ocrx_word' id='word_1_266' title='bbox 617 4693 745 4792; x_wconf 76' lang='lat' dir='ltr'><strong>nisam</strong></span> <span class='ocrx_word' id='word_1_267' title='bbox 773 4691 856 4770; x_wconf 89' lang='lat' dir='ltr'><strong>N:o</strong></span> <span class='ocrx_word' id='word_1_268' title='bbox 884 4691 963 4796; x_wconf 81' lang='lat'><strong>293</strong></span> <span class='ocrx_word' id='word_1_269' title='bbox 992 4693 1057 4773; x_wconf 85' lang='lat' dir='ltr'><strong>till</strong></span> <span class='ocrx_word' id='word_1_270' title='bbox 1083 4691 1310 4798; x_wconf 89' lang='lat' dir='ltr'><strong>Eapropter</strong></span> <span class='ocrx_word' id='word_1_271' title='bbox 1338 4688 1476 4774; x_wconf 84' lang='lat' dir='ltr'><strong>dilecti</strong></span> <span class='ocrx_word' id='word_1_272' title='bbox 1504 4690 1547 4769; x_wconf 93' lang='lat' dir='ltr'><strong>in</strong></span> <span class='ocrx_word' id='word_1_273' title='bbox 1576 4686 1742 4770; x_wconf 87' lang='lat' dir='ltr'><strong>domino</strong></span> <span class='ocrx_word' id='word_1_274' title='bbox 1769 4686 1843 4797; x_wconf 84' lang='lat' dir='ltr'><strong>filij</strong></span> <span class='ocrx_word' id='word_1_275' title='bbox 1858 4717 1928 4771; x_wconf 92' lang='lat' dir='ltr'><strong>ue·</strong></span> 
     </span>
     <span class='ocr_line' id='line_1_30' title="bbox 129 4795 1928 4912; baseline -0.001 -28"><span class='ocrx_word' id='word_1_276' title='bbox 129 4802 228 4884; x_wconf 87' lang='lat' dir='ltr'><strong>stris</strong></span> <span class='ocrx_word' id='word_1_277' title='bbox 268 4801 383 4882; x_wconf 90' lang='lat' dir='ltr'><strong>iustis</strong></span> <span class='ocrx_word' id='word_1_278' title='bbox 411 4795 751 4912; x_wconf 84' lang='lat' dir='ltr'><strong>postulationibus</strong></span> <span class='ocrx_word' id='word_1_279' title='bbox 792 4818 910 4910; x_wconf 84' lang='lat' dir='ltr'><strong>grato</strong></span> <span class='ocrx_word' id='word_1_280' title='bbox 944 4816 1231 4882; x_wconf 85' lang='lat' dir='ltr'><strong>concurrentes</strong></span> <span class='ocrx_word' id='word_1_281' title='bbox 1266 4828 1448 4900; x_wconf 81' lang='lat' dir='ltr'><strong>assensu,</strong></span> <span class='ocrx_word' id='word_1_282' title='bbox 1475 4826 1614 4882; x_wconf 89' lang='lat' dir='ltr'><strong>omnes</strong></span> <span class='ocrx_word' id='word_1_283' title='bbox 1648 4798 1852 4883; x_wconf 88' lang='lat' dir='ltr'><strong>libertates</strong></span> <span class='ocrx_word' id='word_1_284' title='bbox 1887 4818 1928 4883; x_wconf 93' lang='lat' dir='ltr'><strong>et</strong></span> 
     </span>
     <span class='ocr_line' id='line_1_31' title="bbox 126 4907 1930 5022; baseline -0.001 -29"><span class='ocrx_word' id='word_1_285' title='bbox 126 4912 404 4994; x_wconf 87' lang='lat' dir='ltr'><strong>immunitates</strong></span> <span class='ocrx_word' id='word_1_286' title='bbox 432 4940 456 4994; x_wconf 85' lang='lat' dir='ltr'><strong>e</strong></span> <span class='ocrx_word' id='word_1_287' title='bbox 484 4907 837 5022; x_wconf 83' lang='lat' dir='ltr'><strong>predecessoribus</strong></span> <span class='ocrx_word' id='word_1_288' title='bbox 867 4912 1012 4992; x_wconf 88' lang='lat' dir='ltr'><strong>nostris</strong></span> <span class='ocrx_word' id='word_1_289' title='bbox 1044 4912 1244 4994; x_wconf 79' lang='lat' dir='ltr'><strong>Romans·</strong></span> <span class='ocrx_word' id='word_1_290' title='bbox 1283 4911 1544 4996; x_wconf 86' lang='lat' dir='ltr'><strong>Pontificibus</strong></span> <span class='ocrx_word' id='word_1_291' title='bbox 1594 4910 1759 5004; x_wconf 82' lang='lat' dir='ltr'><strong>ecclesie</strong></span> <span class='ocrx_word' id='word_1_292' title='bbox 1796 4924 1930 4997; x_wconf 89' lang='lat' dir='ltr'><strong>uestre</strong></span> 
     </span>
     <span class='ocr_line' id='line_1_32' title="bbox 128 5019 1927 5137; baseline 0.001 -29"><span class='ocrx_word' id='word_1_293' title='bbox 128 5049 360 5126; x_wconf 73' lang='lat' dir='ltr'><strong>concessas,</strong></span> <span class='ocrx_word' id='word_1_294' title='bbox 401 5049 589 5108; x_wconf 88' lang='lat' dir='ltr'><strong>necnon</strong></span> <span class='ocrx_word' id='word_1_295' title='bbox 623 5035 665 5104; x_wconf 89' lang='lat' dir='ltr'><strong>et</strong></span> <span class='ocrx_word' id='word_1_296' title='bbox 693 5019 898 5106; x_wconf 86' lang='lat' dir='ltr'><strong>libertates</strong></span> <span class='ocrx_word' id='word_1_297' title='bbox 940 5023 988 5104; x_wconf 83' lang='lat' dir='ltr'><strong>ac</strong></span> <span class='ocrx_word' id='word_1_298' title='bbox 1027 5024 1303 5137; x_wconf 85' lang='lat' dir='ltr'><strong>exemptiones</strong></span> <span class='ocrx_word' id='word_1_299' title='bbox 1337 5023 1578 5111; x_wconf 84' lang='lat' dir='ltr'><strong>secularium</strong></span> <span class='ocrx_word' id='word_1_300' title='bbox 1619 5025 1875 5110; x_wconf 80' lang='lat' dir='ltr'><strong>exactionum</strong></span> <span class='ocrx_word' id='word_1_301' title='bbox 1903 5050 1927 5122; x_wconf 68' lang='grc' dir='ltr'><strong>ι,</strong></span> 
     </span>
    </p>
   </div>
   <div class='ocr_carea' id='block_1_13' title="bbox 0 0 2206 5958">
    <p class='ocr_par' dir='ltr' id='par_1_13' title="bbox 0 0 2206 5958">
     <span class='ocr_line' id='line_1_33' title="bbox 0 0 2206 5958; baseline 0 0"><span class='ocrx_word' id='word_1_302' title='bbox 0 0 2206 5958; x_wconf 95' lang='lat' dir='ltr'><strong> </strong></span> 
     </span>
    </p>
   </div>
  </div>
 </body>
</html>
