4362 5946
825 335 916 480 ...⁸
972 330 1074 490 'sss
1184 449 1243 478 ..-

134 625 291 714 lumin
314 649 436 714 suum
463 623 825 736 Archiepiscopum
839 641 1114 737 recepturos,
1149 626 1194 708 in
1225 641 1347 736 mem
1369 623 1930 738 vipsintresttel,„cluo-ipto-

132 755 227 822 atum¹
257 737 366 819 votis
393 738 565 846 paribus
593 739 891 835 consentirent,
921 764 1098 848 quorum
1133 736 1217 820 duo
1244 735 1361 846 juxta
1384 734 1809 847 formam·.potestatia.
1834 754 1929 830 fluat

131 849 282 934 tradite
303 849 604 932 'deliberatione
627 849 768 936 habita
799 847 1002 958 diligenti,
1030 867 1070 934 te
1098 849 1143 930 in
1166 849 1342 934 Ecclesia
1363 849 1555 958 predicte
1570 849 1930 960 archiepiscopum

215 958 395 1048 corditer
419 961 702 1070 postularunt,
739 989 787 1042 ac
823 961 1136 1074 postulationem
1172 959 1411 1069 huiusmodi
1444 951 1931 1072 prefatumssjssapitulum

45 1117 49 1124 ·
124 987 721 1185 lir'iarmc.con00rdisartmo
737 1071 1089 1186 approbandam,¹
1105 1072 1226 1156 nobis
1240 1071 1459 1156 bumilitbr
1483 1071 1931 1184 supplicante‘arotupor

135 1183 393 1267 stulatiouem
423 1187 551 1294 ipsam
579 1183 790 1269 admittere
818 1183 868 1266 de
895 1184 1148 1294 benignitate
1178 1183 1292 1266 Sedis
1320 1183 1539 1294 apostolice
1569 1211 1811 1267 curaremus.
1846 1187 1930 1267 Nos

110 1298 261 1407 ¹⁴‘igitur
289 1313 559 1406 presentatam
586 1294 707 1378 nobis
742 1297 1059 1407 postulationem
1102 1293 1272 1383 eandem
1313 1293 1504 1378 facientes
1546 1295 1767 1377 examinari
1788 1311 1931 1410 ‘prppt

135 1410 328 1493 convenit
356 1405 593 1516 diligenter,
621 1409 718 1518 quia
755 1436 844 1492 eam
886 1408 1113 1489 invenimus
1155 1405 1207 1489 de
1248 1434 1422 1516 persona
1463 1407 1609 1488 idonea
1650 1407 1727 1487 rite
1770 1401 1932 1510 lactarii,

136 1521 265 1630 ipsam
294 1519 356 1602 de‘
373 1519 545 1626 fpatrum
572 1521 804 1600 nostrorum
831 1519 1000 1601 consilio
1030 1517 1217 1600 duximus
1238 1517 1545 1631 admittendam,
1574 1516 1651 1599 tihi
1679 1501 1932 1627 querlltanto
2063 1507 2069 1524 ’

135 1658 364 1741 congruere
381 1630 508 1710 oneri
534 1646 576 1710 ct
602 1631 748 1712 honori
777 1659 849 1741 per
879 1646 1103 1740 expertam⁴
1127 1628 1439 1715 familiaritatem
1466 1649 1519 1714 et,
1532 1629 1771 1720 familiarem·
1809 1659 1953 1740 eupe·¹
2034 1727 2041 1751 ι

133 1745 324 1826 rientiam
352 1739 508 1854 dudum
541 1743 805 1852 cognovimus
834 1743 1022 1827 absoluto
1050 1770 1075 1824 a
1109 1742 1275 1824 vinculo
1303 1769 1386 1854 quo
1429 1742 1645 1828 tenebaris?
1669 1739 1932 1828 Rcskildensi

135 1855 313 1940 Ecclesie
342 1851 581 1934 transeundi
610 1855 813 1936 licentiam
841 1852 894 1935 ad
922 1853 1147 1962 predictam
1175 1853 1433 1936 Lundensem
1455 1854 1688 1942 Ecclesiamr
1703 1867 1754 1933 et
1772 1853 1935 1961 plenam

136 1967 531 2050 administrationem
556 1983 639 2046 tam
668 1965 711 2045 in
753 1965 1050 2075 spiritualibus,
1093 1993 1216 2076 quam
1245 1967 1287 2046 in
1301 1965 1613 2076 temporalibus·
1646 1964 1932 2063 concedentes,

130 2106 210 2188 spe
238 2076 372 2170 nobis¹
385 2077 614 2186 proposita,
643 2075 757 2187 quod
785 2093 952 2160 auctore
987 2080 1077 2174 illo,
1152 2078 1196 2157 ui
1224 2076 1324 2160 dans
1359 2079 1543 2160 virwtes:
1573 2075 1726 2188 premia
1748 2076 1932 2174 tribuit,

138 2205 182 2276 et
236 2189 380 2271 ratiam
408 2183 537 2297 gratie
566 2187 802 2297 superaddit
852 2187 1003 2299 prefata
1031 2105 1260 2270 Lundensis
1301 2189 1479 2270 Ecclesia
1507 2216 1582 2299 per
1611 2185 1832 2296 diligentie·
1845 2205 1960 2288 runc·

140 2219 322 2382 studium
351 2299 466 2408 grata
494 2301 538 2382 in
566 2301 750 2410 utrisque
779 2301 967 2410 suscipiet
1001 2297 1256 2388 incrementa.
1314 2303 1517 2405 Quocirca
1558 2297 1817 2386 Fraternitau'
1838 2293 1934 2390 {tue
1981 2387 1987 2399 ,

134 2440 330 2521 rogamus
359 2427 400 2493 et
428 2435 636 2502 monemus
665 2419 831 2496 attente'
849 2411 1083 2498 mandantes
1141 2427 1312 2496 uatenus
1345 2410 1397 2495 ad
1424 2413 1645 2496 Ecclesiam.
1675 2402 1757 2518 jan
1774 2409 1936 2528 dictam
1982 2515 1985 2520 Ι

138 2523 399 2608 Lundensem
429 2521 628 2623 accedens
658 2524 726 2604 ita·
757 2521 929 2605 fideliter
958 2540 999 2604 ct
1027 2442 1252 2634 prudenter
1292 2523 1462 2610 studeas.
1497 2549 1637 2634 gerere
1678 2522 1935 2632 euramajuc

139 2634 253 2748 quod
282 2635 357 2716 tibi
385 2661 459 2746 per
486 2635 568 2714 vite
595 2636 784 2715 meritum·
812 2653 853 2720 et
881 2635 1030 2718 familie
1058 2636 1134 2718 tibi
1174 2636 1328 2719 credite
1364 2635 1659 2748 proficiaspcr.
1693 2633 1936 2744 exemplant,
2067 2716 2073 2730 ,

139 2765 298 2855 nosque
326 2760 366 2826 te
394 2746 522 2854 gratie
550 2761 686 2826 nostre
715 2745 852 2829 favore
880 2749 1075 2858 piosequi
1103 2746 1339 2857 debeamus.¹
1365 2749 1513 2829 Datum
1541 2739 1660 2827 Asisii
1675 2743 1827 2828 tdibus
1850 2747 1935 2828 Au·

131 2857 249 2967 guflll
277 2865 394 2938 Anno
421 2856 491 2936 Xl.
873 2953 877 2960 ι
1249 2911 1254 2921 ·
1789 2869 1877 2952 ,”κ’)
1894 2907 1912 2967 3,
2049 2891 2050 2899 ’

227 3055 230 3062 ,
310 2971 363 3052 ln
389 2969 524 3050 eodem
551 2968 665 3053 modo
693 2969 879 3082 Capituli
907 2969 1118 3062 Lundensi.
1147 2971 1326 3056 Ecclesia
1353 2987 1487 3056 vestra
1514 2969 1688 3080 pastoris
1698 2969 1841 3064 solatio
1862 2969 1934 3051 de·
1995 3001 2001 3012 ·

139 3081 284 3160 stituta
312 3106 385 3160 vos
412 3081 567 3160 vocatis
594 3083 669 3160 &n
697 3085 820 3190 alque
848 3084 1103 3166 incrementa.
1159 3087 1362 3190 Quocirca
1396 3083 1666 3178 Vniversitati
1681 3175 1683 3180 ,
1700 3097 1832 3162 vostre
1860 3107 1935 3190 per

55 3217 62 3230 ·
141 3189 366 3299 apostolica
393 3191 546 3297 scripta
557 3191 837 3305 precipiendo
865 3195 1120 3294 mandamus,
1149 3210 1352 3307 quatenus
1388 3197 1520 3305 ipsum
1544 3189 1791 3304 'recipienles
1820 3191 1936 3300 hyla·

4 3383 17 3408 ¹
139 3293 310 3384 niteret
338 3299 507 3382 honeste
536 3301 756 3383 tractantes
784 3303 915 3388 eidem
942 3324 1136 3418 tanquam
1152 3309 1272 3418 patri
1286 3318 1341 3388 «et
1369 3307 1522 3416 pastori
1535 3306 1759 3396 animarum
1786 3321 1936 3386 vestra·

142 3440 235 3496 rum
265 3411 383 3521 plene
410 3442 457 3495 ac
493 3412 697 3495 humiliter
738 3415 957 3499 intendatis
985 3438 1025 3500 et
1052 3418 1276 3502 exhibeatis
1302 3419 1339 3500 ei
1367 3416 1726 3510 obedientiarum
1750 3441 1938 3497 reveren·

139 3525 240 3608 tiam
270 3511 448 3624 debitam
476 3541 520 3606 et
546 3522 732 3606 devotam
760 3527 848 3636 ejus
882 3527 1060 3611 salubria
1103 3532 1255 3613 monita
1283 3547 1325 3611 et
1352 3529 1540 3612 mandata
1582 3524 1839 3640 suscipiendo
1867 3525 1937 3608 de-

86 3641 90 3649 '
141 3651 257 3732 vote,
284 3663 332 3715 xae
359 3634 694 3744 irrefragabiliter
722 3637 988 3722 observando.
1044 3641 1239 3753 Alioquin
1273 3642 1513 3723 sententiam
1532 3646 1617 3724 idco.
1645 3669 1783 3750 usque.
1797 3637 1936 3734 obtet-

139 3747 241 3844 tari.
269 3745 418 3829 Datum
446 3762 653 3856 utsupra.
1605 3773 1609 3782 ·
1738 3805 1742 3812 .

1579 3803 1582 3806 ·
1676 3813 1680 3828 ,
1807 3814 1810 3822 .
1836 3783 1840 3822 l

310 3859 363 3939 In
394 3859 527 3940 eodem
553 3861 668 3940 modo
694 3861 808 3942 Clero
836 3863 1027 3947 Ciuitatis
1057 3885 1095 3947 et
1124 3867 1300 3946 Diocesis
1328 3863 1557 3946 tamma.
1586 3863 1638 3944 In
1664 3862 1797 3943 eodem
1821 3859 1938 3956 ando

141 3971 298 4082 Populo
325 3969 520 4052 Civitatis
546 3991 585 4053 et
615 3973 790 4054 Diocesis
817 3975 1048 4060 Lundensis.
1094 3973 1320 4056 Lundensis
1350 3975 1525 4058 Ecclesia
1553 3978 1627 4056 &o
1657 3999 1779 4083 usque
1795 3971 1937 4064 ,incre

143 4095 293 4163 menta.
323 4081 527 4185 Quocirca
557 4081 868 4166 Universitatem
896 4103 1069 4168 vestram
1109 4113 1296 4197 rogamus
1325 4101 1367 4167 et
1396 4111 1603 4178 monemus
1643 4097 1814 4178 attente,
1848 4107 1938 4188 ,per
2073 4173 2075 4178 Α

140 4192 363 4302 apostolica
392 4194 507 4274 vobis
535 4195 683 4315 scripta
712 4186 962 4293 mandantes,
991 4216 1190 4308 quatenus
1221 4226 1315 4307 erga
1343 4198 1670 4304 prenominatum
1691 4195 1937 4303 Episcopum
2015 4227 2061 4282 .’
2147 4189 2151 4204 ’

141 4304 377 4413 Capitulum
405 4320 445 4384 et
473 4304 691 4386 Ecclesiam
718 4323 851 4387 vestra
878 4335 962 4389 non
988 4309 1195 4392 decrescat
1238 4309 1420 4405 devotio,
1461 4335 1512 4392 ex
1537 4335 1589 4390 eo
1617 4305 1736 4418 mpod}
1772 4299 1938 4415 quidem

6 4445 10 4450 ·
138 4432 321 4522 vestrum
349 4415 615 4522 postulationi
657 4418 848 4525 premisse
875 4447 960 4502 non
988 4420 1156 4504 fuerunt
1183 4436 1229 4502 ut
1256 4419 1403 4502 dicitur
1435 4421 1555 4503 sicuti
1591 4437 1666 4506 tneo
1708 4414 1938 4512 mouerunt

141 4554 222 4608 nec
252 4542 476 4635 potuerunt
504 4526 683 4626 admitti,
719 4528 783 4610 vel
813 4533 930 4612 etiam
973 4533 1156 4642 requisiti
1186 4549 1279 4615 cum
1307 4533 1350 4612 in
1377 4530 1617 4640 collegiatis·
1643 4527 1830 4611 Ecclesiis
1856 4525 1938 4634 „jus

141 4637 320 4748 eligendi
347 4665 431 4718 non
458 4638 577 4721 cadat
607 4641 651 4720 in
679 4640 802 4723 laicos
829 4659 1189 4763 quantumcunque
1220 4660 1412 4752 patronos
1440 4669 1492 4726 ne
1526 4669 1653 4750 pena,
1679 4665 1802 4750 quam
1818 4639 1938 4720 oziae
2044 4655 2055 4672 ‘

131 4751 235 4832 .ch
265 4748 463 4858 pertulit,
495 4752 569 4861 qui
597 4767 764 4861 accepto
792 4754 985 4846 turibulo,
1005 4754 1144 4834 volens
1172 4751 1321 4834 offerre
1348 4755 1556 4835 incensum
1584 4771 1720 4837 coram
1750 4748 1936 4845 Domino,

144 4877 193 4942 ut
222 4857 417 4966 Sacerdos
446 4861 524 4940 fuit
552 4863 594 4942 in
634 4861 736 4957 facie
778 4863 891 4975 lepra
939 4892 1151 4974 percussus
1193 4863 1343 4950 indicet
1385 4891 1506 4975 quam
1547 4865 1600 4946 sit
1632 4858 1938 4974 abhominabile

144 4971 260 5081 apud
289 4972 417 5052 Deum
446 4974 589 5074 Laicos
625 4991 987 5085 quantumcunque
1029 4977 1236 5086 religiosos
1277 4973 1491 5085 disponere
1510 4974 1572 5059 'do
1596 4974 1763 5090 penton'
1799 4971 1938 5078 resple-
2057 5083 2059 5086 Ι

872 5135 873 5140 ’
1168 5107 1171 5116 ¹
1220 5105 1224 5113 ¹
1262 5119 1264 5126 '
1429 5136 1483 5168 πε
1537 5121 1555 5172 “.·
1579 5106 1633 5180 «ϊί
1667 5163 1671 5176 ,
1703 5097 1896 5176 :filumino
