4404 5960
822 539 1236 672 ‘dot-⁴

139 811 222 866 mea
250 785 470 892 donatione
499 785 627 894 possit
653 783 787 894 alique
816 784 1046 894 calumpnia
1074 785 1251 872 suboriri
1278 802 1504 901 presentem
1532 790 1651 876 huius
1692 798 1920 880 testamenti

118 897 328 978 ‘cartulam
358 901 436 979 mei
463 896 617 980 secreti.
646 899 685 974 &
714 895 956 977 maritimei
984 896 1105 1005 sigilli
1134 901 1353 982 munimine
1367 900 1466 990 duxi
1493 901 1778 994 roborandam.
1812 909 1919 988 Cou-

138 1023 285 1089 testans
312 1006 556 1118 singulos&
585 1006 794 1085 uniuersos
823 1007 899 1086 sub
914 1025 1092 1097 'suanam
1120 1011 1301 1117 periculo
1329 1014 1563 1102 animarum,
1594 1015 1784 1125 nequod
1814 1045 1919 1099 ame

139 1117 328 1225 legittime
356 1134 416 1219 est
445 1115 640 1199 donatum
667 1115 813 1224 aliquis
840 1118 956 1230 quasi
983 1117 1060 1200 sub
1088 1119 1258 1204 alicuius
1284 1122 1534 1233 allegationis
1561 1142 1749 1231 pretextu
1777 1125 1921 1210 audeat

138 1252 336 1310 reuocare.
365 1232 466 1312 Acta
495 1243 589 1308 sunt
616 1225 691 1307 hec
719 1229 838 1307 Anno
867 1226 1029 1311 domini.
1057 1229 1337 1320 M⁰.CC⁹.LX⁰,

699 1366 819 1450 sigillet
840 1375 875 1432 tr
894 1369 991 1451 negot
1015 1368 1146 1434 skadadt
1164 1373 1175 1434 i
1196 1374 1354 1440 kenwine.

142 1603 269 1748 469.
550 1603 554 1612 ’
747 1599 1309 1752 .1260d.ss‘23.Feb1-‚
1389 1567 1392 1578 ¹
1640 1695 1642 1700 .
1698 1589 1917 1752 Orebro

217 1823 336 1886 Bracae
355 1821 449 1884 Juns
471 1820 557 1903 intyg
578 1827 623 1881 att
643 1815 797 1896 Susiane,
818 1815 973 1882 Knosos
993 1817 1112 1898 husnu,
1134 1823 1143 1881 i
1166 1829 1344 1884 testamenta
1364 1821 1655 1906 gibitLiuldpiugs
1668 1826 1920 1909 Demlryrlaan·

268 1904 320 1966 del
340 1906 352 1964 i
373 1901 536 1987 Apaldby‚
557 1911 637 1962 samt
659 1909 703 1962 att
723 1898 787 1961 hon
807 1898 921 1960 lemuat
942 1901 1022 1970 nist.
1044 1903 1161 1964 Hermo
1181 1905 1191 1964 i
1213 1905 1313 1982 Liuld
1334 1905 1386 1984 ing
1407 1903 1497 1968 delur
1516 1909 1527 1966 i
1548 1907 1659 1970 Wreta
1691 1907 1753 1970 och
1773 1909 1922 1993 Apaldby

267 1989 280 2046 i
299 1985 407 2068 utbyte
427 1995 493 2046 mot
512 1980 717 2064 Wrongstad,
747 1981 866 2043 livillet
885 1983 1037 2065 Bislopen
1069 1983 1242 2048 sedermera
1273 1924 1467 2070 orientligeu
1487 1987 1564 2072 kept
1602 1986 1664 2050 och
1685 1991 1802 2068 lemnos
1821 1990 1921 2060 henne

269 2067 446 2131 bemmauet
467 2063 665 2146 Christabcrg
684 2063 731 2126 till
752 2061 917 2136 underhdll
938 2067 949 2138 i
970 2064 1083 2142 hernes
1104 2066 1207 2138 lisstld,

492 2177 540 2198 ¹·
709 2189 713 2197 ·
1240 2157 1242 2160 Ι
1457 2225 1459 2240 Α
1528 2151 1787 2226 Λο3ιοι’1ι4ο*)

300 2286 508 2368 Uniuersis
535 2285 676 2366 christi
704 2283 889 2373 fidelibus
918 2289 1127 2370 Presentes
1160 2287 1332 2371 Litteras
1373 2290 1517 2373 visuris
1545 2286 1610 2370 uel
1640 2288 1849 2380 audituris.
1878 2291 1920 2372 B.

137 2401 212 2484 Dei
240 2400 375 2505 gracia
404 2398 497 2477 Dux
525 2422 728 2478 sweorum
761 2396 930 2476 salutem
958 2399 1001 2479 in
1029 2399 1111 2481 filio
1139 2401 1307 2508 uirginis
1339 2397 1565 2484 benedicto.
1622 2400 1725 2479 Cum
1754 2417 1921 2512 propter

135 2508 315 2592 Labilem
341 2508 549 2588 hominum
577 2508 808 2586 memoriam
837 2534 930 2616 sepe
958 2511 1177 2620 contingat.
1205 2537 1253 2589 ea
1280 2537 1359 2626 que
1387 2510 1684 2600 racionabiliter
1708 2508 1812 2590 facta
1836 2510 1922 2590 fue·
2001 2553 2005 2569 ·

135 2625 219 2703 rint
247 2619 292 2727 jn
325 2609 495 2699 ddbium
518 2615 714 2724 reuocarj.
745 2619 915 2697 Cautum
944 2636 1003 2699 est
1031 2626 1069 2700 St
1100 2627 1321 2702 consonum
1349 2620 1515 2707 racioni.
1544 2637 1588 2702 vt
1603 2647 1744 2738 eaque
1772 2609 1921 2700 memo·

136 2734 198 2813 rie
222 2730 368 2810 merito
395 2726 569 2809 debeant
598 2726 883 2833 commendarj.
912 2729 1073 2840 scriptis
1101 2730 1327 2838 specialiter
1368 2731 1670 2813 confirmentur.
1727 2731 1834 2818 Hinc
1861 2747 1921 2810 est

137 2839 259 2947 Quod
287 2838 543 2951 presentibus
570 2838 733 2918 Litteris
762 2855 948 2918 constare
976 2841 1160 2945 volumus
1188 2841 1382 2927 uniuersis
1411 2859 1491 2922 tam
1519 2841 1771 2950 presentibus
1799 2868 1920 2950 qnam

135 2952 291 3034 futuris.
320 2948 443 3054 Quod
472 2950 643 3028 Domina
674 2949 857 3029 Susanna
884 2976 988 3038 uxor
1016 2951 1235 3059 Ketilaghi.
1263 2977 1358 3032 sana
1387 2955 1426 3031 &
1453 2951 1676 3032 incolumis.
1707 2953 1918 3032 testamen·

135 3079 221 3146 tum
249 3089 365 3143 suum
392 3060 437 3167 jn
495 3061 670 3140 resencia
699 3073 835 3139 nostra
866 3086 912 3156 ac
942 3059 1182 3141 venerabilis
1211 3061 1335 3170 patris
1364 3060 1537 3148 Domini.
1579 3063 1629 3144 H.
1658 3061 1930 3168 Lincopensis'

135 3174 337 3282 Episcopi.
366 3199 442 3252 con
474 3169 548 3251 idit
576 3171 617 3249 in
647 3171 757 3250 hunc
786 3165 961 3252 modum.
989 3173 1094 3256 Nam
1123 3170 1224 3252 duos
1245 3172 1484 3256 Oetenarios
1504 3171 1653 3252 ibidem
1668 3173 1711 3251 in
1740 3169 1921 3284 apaldbit

134 3289 231 3368 sitos
259 3281 430 3364 contulit
457 3281 620 3361 ecclesie
639 3281 893 3390 Lincopeusi.
923 3281 1208 3390 inperpetuum
1230 3279 1503 3392 possidendos.
1532 3283 1644 3366 Fecit
1665 3283 1790 3362 eciam
1805 3299 1917 3392 post·

134 3394 299 3477 modum
334 3392 443 3475 dicta
483 3390 657 3470 Domina
685 3417 775 3470 cum
803 3389 943 3470 eodem
971 3393 1189 3474 venerabili
1216 3409 1331 3501 patre
1373 3392 1607 3501 prediorum
1650 3394 1919 3510 permutacio-

132 3534 237 3588 nem.
267 3505 478 3611 Recipiens
505 3501 556 3581 ab
570 3503 660 3690 (ipso
689 3500 767 3580 Sex
795 3497 1022 3592 octonarios
1049 3501 1095 3608 jn
1119 3501 1408 3610 ,wrangastatb
1436 3505 1546 3584 Loco
1576 3532 1749 3613 quorum
1765 3533 1832 3584 sex
1848 3504 1917 3583 ali·
2029 3562 2037 3576 ,

133 3617 178 3698 bi
206 3617 391 3698 restituit.
418 3631 499 3694 tres
528 3612 568 3690 vi
597 3611 713 3690 elicet
739 3610 782 3688 in
810 3612 1009 3692 Wretum.
1038 3618 1185 3694 &tres
1213 3613 1257 3692 in
1285 3611 1464 3722 apaldbi
1487 3615 1671 3723 superius
1701 3618 1915 3702 nominata.
2053 3683 2071 3710 .,

100 3799 102 3803 .
132 3731 229 3810 Post
257 3725 362 3805 hanc
391 3724 516 3834 igitur
542 3722 745 3803 bonorum
777 3724 1130 3812 commutacionem
1160 3723 1302 3804 Dictus
1331 3725 1527 3806 Dominus
1566 3727 1789 3838 Episcopus
1819 3725 1916 3804 Eos·

130 3841 226 3921 dem
254 3837 384 3918 dictos
411 3861 480 3914 sex
509 3832 732 3912 octonarios
760 3830 804 3910 in
832 3833 1128 3942 wrangaestath.
1157 3833 1369 3942 prohibitis
1396 3834 1531 3944 legum
1547 3835 1915 3916 obseruacionibus.

130 3949 188 4031 ab
217 3946 351 4029 eadem
382 3941 562 4054 predicta
593 3942 777 4022 Domina.
808 3943 1039 4052 Empcionis
1067 3945 1187 4026 titulo
1214 3945 1416 4054 Legaliter
1444 3964 1503 4026 est
1523 3945 1704 4056 adeptus.
1732 3949 1915 4032 Preterea

129 4058 340 4142 noueritis.
367 4071 629 4136 memoratum
658 4054 872 4135 Dominum
901 4057 1132 4164 episcopum
1162 4056 1449 4165 lincopensem.
1486 4055 1641 4164 prefate
1669 4057 1848 4136 Domine.
1880 4055 1917 4135 S.

129 4171 188 4253 ad
219 4171 282 4250 sui
309 4167 643 4248 sustentacionem
670 4180 850 4272 tempore
877 4167 959 4246 uite
988 4193 1068 4247 sue.
1097 4167 1342 4247 mansionem
1371 4193 1481 4247 suam
1510 4194 1590 4274 que
1618 4183 1677 4247 est
1704 4168 1747 4245 in
1775 4168 1915 4246 crista·
1959 4237 1961 4242 .

127 4280 298 4388 biacrgh.
326 4299 421 4359 eum
445 4273 631 4380 omuibus
658 4275 739 4355 suis
768 4276 1003 4356 attinenciis.
1033 4277 1134 4358 Tam
1149 4277 1312 4361 decimis
1326 4282 1365 4356 St
1379 4277 1659 4361 exactionibus
1673 4304 1796 4388 quam
1824 4302 1914 4384 pre·

128 4393 223 4475 diis.
250 4407 333 4470 tam
361 4388 486 4478 eciam
513 4383 754 4464 molendinis
782 4389 822 4464 St
849 4386 1028 4494 piscariis
1056 4415 1177 4497 quam
1214 4386 1378 4467 colonis.
1423 4413 1515 4466 cum
1546 4413 1747 4472 consensu
1775 4395 1814 4466 8<
1842 4414 1923 4465 uo·.

129 4503 293 4582 luntate
321 4499 450 4584 tocius
479 4495 643 4604 capituli
672 4496 912 4603 lincopensis
940 4498 983 4586 itt
1010 4515 1149 4586 nostra
1176 4497 1383 4605 presencia
1405 4497 1634 4604 specialiter
1661 4497 1912 4577 concessisse.

126 4617 187 4694 Jn
213 4611 333 4694 huius
362 4608 485 4716 igitur
513 4607 570 4685 rei
606 4606 874 4687 testimonium
905 4636 1069 4716 presens
1111 4610 1317 4714 scriptum.
1362 4622 1444 4686 tam
1472 4623 1621 4686 nostro.
1652 4633 1773 4714 quam
1815 4605 1913 4686 dicti

123 4720 288 4811 domini
315 4717 554 4827 lincopensis
583 4741 739 4798 necnon
767 4724 807 4798 &
834 4716 1011 4798 eiusdem
1051 4718 1228 4827 Capituli
1271 4716 1409 4823 sigillis
1451 4718 1646 4796 Duximus
1690 4716 1912 4802 necessario

36 4865 54 4886 ·
125 4828 407 4922 muniendum.
474 4830 621 4913 Datum
662 4827 837 4917 {brabro
866 4831 985 4908 Anno
1013 4829 1187 4909 Domini.
1217 4827 1475 4908 lll⁰.CC'.LX.
1507 4827 1615 4906 Vll·.
1643 4826 1731 4908 Kal.
1760 4824 1910 4932 Marcii.

556 4964 700 5048 sigillent
722 4969 781 5029 lito
806 4987 830 5028 1.
850 4966 1026 5044 bonfallet,
1047 4969 1107 5030 Neo
1128 4987 1164 5046 a,
1185 4968 1204 5028 3
1225 4968 1350 5049 myolet
1369 4963 1512 5062 sladade.

27 5137 34 5146 ι
126 5092 391 5126 W

36 5148 40 5156 ’
175 5159 204 5234 ³)
225 5091 533 5218 'lidebesttrirmelseu
552 5155 587 5210 ir
607 5147 641 5210 si
661 5145 798 5231 tretydig
817 5155 863 5210 att
882 5145 942 5209 deu
963 5147 1052 5211 tirso
1072 5145 1171 5210 skulle
1190 5146 1295 5209 tunna
1315 5148 1458 5209 ulmaria
1479 5147 1509 5208 d.
1534 5167 1545 5208 i
1570 5148 1655 5209 Mars
1679 5141 1765 5225 1267.

269 5266 318 5323 ev.
338 5265 458 5338 orpus.
1610 5311 1614 5317 .
1670 5225 1711 5300 51
