4368 5950
809 458 1427 551 -213—‘”

119 688 336 802 postulare,
364 716 452 785 nos,
477 702 519 769 et
545 685 707 768 illorum
733 685 865 790 saluti
882 686 1110 786 consulere,
1143 715 1191 768 ac
1219 703 1289 770 tue
1317 687 1578 769 Fraternitati
1592 687 1750 771 deferre
1764 689 1904 772 volen-

118 819 188 899 tes,
223 797 458 881 absolvendi
485 826 553 880 eos
580 796 695 905 juxta
724 798 896 880 formam
924 798 1099 879 Ecclesia
1127 797 1294 878 liberam
1318 797 1394 878 tibi
1408 802 1644 882 auctoritate
1660 804 1938 909 presentium
1986 882 1988 890 ,
2034 795 2037 806 '

117 909 376 996 concedimus
417 909 670 1005 facultatem,
712 911 789 992 nisi
824 908 930 992 forte
957 911 1027 992 ita'
1048 927 1150 994 esset
1183 910 1325 992 talium
1353 911 1528 990 enormis
1557 939 1757 1010 excessus,
1786 913 1901 1024 quod

118 1025 261 1106 merito
304 1021 499 1132 deberent
540 1019 592 1100 ad
621 1017 763 1102 Se‘dem
791 1020 1065 1130 Apostolicam
1093 1021 1296 1119 destinari,
1324 1036 1467 1128 utpote
1495 1022 1529 1101 si
1558 1022 1823 1130 procederent
1851 1021 1903 1104 ad

117 1135 410 1218 mutilationem
440 1129 720 1227 membrorum,
749 1159 821 1240 seu
849 1159 1011 1240 gravem
1039 1134 1243 1241 sanguinis
1271 1131 1529 1228 effusionem,
1560 1134 1623 1214 vel
1652 1132 1704 1214 ad
1718 1135 1901 1242 injectio·

117 1257 209 1328 nem
235 1271 427 1338 manuum
454 1245 497 1324 in
525 1242 783 1352 Episcopum,
812 1243 875 1324 vel
904 1241 1113 1339 Abbatem,
1142 1241 1256 1352 quod
1283 1271 1366 1325 non
1391 1259 1494 1324 esset
1521 1245 1564 1322 in
1592 1245 1786 1355 patientia
1801 1245 1902 1328 tole*

117 1355 299 1438 randum.
372 1357 520 1436 Datum
568 1353 755 1434 Laterani
800 1349 849 1435 Il.
894 1353 1048 1434 Nonas·
1072 1356 1307 1474 Novembn
1332 1351 1593 1435 Pontificatus
1625 1358 1753 1437 nostri
1782 1361 1900 1437 Anno
1989 1453 1992 1467 ἲ

113 1467 282 1571 Quinto.

1011 1770 1016 1778 ι

128 1858 254 2003 193.
423 1773 428 1794 Ι
613 1786 617 1797 Ι
726 1774 1244 2026 innodatam.
1562 1860 1900 2010 ¹'Lateran

194 2043 287 2142 aaa.
304 2075 462 2170 nouom
483 2081 552 2142 ms
572 2078 719 2153 arianae
740 2077 791 2140 na
812 2080 963 2163 aaron„
981 2084 992 2142 i
1013 2083 1113 2144 stan
1133 2093 1180 2143 aa
1202 2083 1281 2144 ean-
1303 2081 1372 2224 eget
1393 2063 1615 2164 omnnslvanae
1641 2051 1748 2144 uidua
1769 2079 1846 2144 auat
1866 2063 1901 2144 ‘a
1994 2105 2001 2123 ·

245 2161 419 2238 dammum
438 2161 565 2225 become
586 2183 624 2224 en
645 2159 745 2224 under
765 2161 809 2240 by
829 2162 912 2244 guad
935 2164 1072 2227 verende
1093 2165 1195 2248 kyrla
1218 2164 1312 2247 belga
1354 2164 1388 2225 tt
1411 2165 1542 2226 Prosten
1561 2165 1689 2242 annis,
1698 2163 1838 2241 buillon,
1849 2186 1903 2226 se·

242 2233 309 2305 'dan
341 2242 405 2305 ban
436 2243 509 2306 lidit
534 2231 768 2327 martyrdb'den,
789 2182 899 2306 blifvit
915 2247 1051 2328 ryktbar
1069 2267 1184 2332 genum
1201 2247 1387 2326 underverk,
1408 2246 1542 2309 bvarom
1562 2246 1683 2310 Pifven
1708 2247 1803 2310 likval
1822 2255 1902 2310 dnnu

235 2327 306 2422 ,ich
327 2325 458 2390 “mlii
478 2327 674 2410 summisi
689 2326 939 2393 undemttelm
1361 2409 1395 2466 F.
1415 2409 1502 2464 1:5²
1522 2407 1579 2466 aa.
1596 2410 1620 2464 5.
1638 2407 1692 2480 Ep.
1712 2411 1769 2466 aba.

691 2570 693 2576 ’
755 2541 957 2626 Honorias
985 2549 1056 2626 &a
1113 2543 1266 2628 Eidem.

278 2687 368 2768 Tu'a
402 2688 519 2768 nobis
554 2684 716 2773 devotio
744 2685 1000 2797 supplicavit,
1029 2705 1076 2767 ut
1104 2717 1196 2770 cum
1224 2687 1399 2798 quedam
1427 2687 1604 2770 Ecclesia
1631 2691 1675 2769 in
1704 2707 1774 2769 tua
1804 2689 1900 2769 Dio·

106 2801 191 2882 ccsi
220 2799 273 2881 ad
300 2800 496 2879 bonorem
526 2799 613 2895 Dei,
642 2815 683 2881 et
710 2802 817 2881 bone
846 2801 1034 2886 memorie
1063 2799 1221 2880 Nicolai
1249 2800 1472 2907 presbiteri,
1500 2801 1575 2908 qui
1590 2798 1685 2880 dum
1697 2797 1900 2908 quendam
2003 2857 2011 2864 -

104 2913 347 2992 visitaturus
375 2911 575 2992 infirmum
605 2909 765 3019 Corpus
794 2908 945 2988 Christi
974 2925 1156 3018 portaret
1183 2910 1235 2991 ab
1264 2911 1396 3017 impiis
1423 2911 1650 2992 immaniter
1665 2908 1901 2990 interfectus

103 3021 334 3130 insignibus
360 3035 569 3102 corruscat
597 3021 799 3102 miraculis
830 3021 983 3126 ceperit
1011 3020 1200 3115 fabricari
1227 3021 1483 3100 visitantibus
1512 3049 1597 3102 eam
1619 3023 1793 3131 aliquam
1806 3048 1900 3102 suo·

2 3175 3 3178 κ
102 3160 198 3214 rum
236 3133 512 3239 peccaminum
546 3129 838 3239 indulgentiam
871 3129 1095 3212 concedere
1128 3130 1397 3240 dignaremur.
1438 3133 1570 3233 'Quia
1593 3161 1688 3213 vero
1716 3129 1901 3212 nondum
1962 3224 1965 3238 Ι

99 3269 231 3351 super
260 3241 337 3320 hiis
366 3243 482 3322 nobis
511 3243 647 3348 potuit
675 3241 795 3349 plene
824 3240 991 3348 liquere,
1018 3267 1093 3322 nos
1115 3241 1165 3322 de
1180 3241 1420 3322 discretione
1435 3259 1504 3320 tua
1520 3240 1681 3352 plenam
1702 3242 1745 3322 in
1762 3242 1901 3323 Domi·

101 3383 160 3433 no
191 3348 379 3432 fiduciam
408 3351 648 3446 obtinentes,
677 3355 709 3432 F
710 3352 937 3431 raternitati
966 3369 1036 3431 tue
1052 3351 1342 3460 indulgentiam
1358 3351 1587 3434 huiusmodi
1601 3381 1689 3434 eam
1702 3354 1900 3434 visitanti·

99 3465 183 3544 bus
226 3464 302 3541 rite
345 3490 395 3540 ac
420 3459 589 3569 provide
622 3457 881 3554 concedendi,
912 3461 1080 3542 liberam
1109 3463 1182 3549 tibi
1213 3464 1451 3543 auctoritate
1482 3468 1728 3571 presentium
1757 3491 1899 3544 conce·
1987 3527 1992 3544 .

99 3573 240 3654 dimus
269 3569 510 3672 facultatem.
569 3570 719 3652 Datum
746 3573 933 3652 Laterani
962 3573 1012 3651 Il.
1029 3574 1180 3652 -Nonas
1209 3574 1449 3654 Novembris
1477 3578 1598 3654 Anno
1627 3575 1796 3678 Quinto.

357 3685 360 3736 a

114 3803 245 3976 194.
721 3811 906 3938 ⁸1220
953 3830 1000 3935 d.
1049 3848 1097 3958 d.
1141 3831 1269 3938 Nov.
1341 3954 1347 3966 ⁸
1578 3797 1589 3810 ἱ
1633 3835 1922 3954 ,Lateran.·

284 4041 288 4048 ’
367 4047 458 4114 Ptsv.
480 4049 714 4154 Honoriuslll.
735 4053 785 4115 till
806 4053 956 4137 Biskopen
976 4055 988 4116 i
1008 4053 1108 4116 stara
1128 4073 1181 4116 om
1200 4051 1404 4115 tillstttaudet
1424 4055 1462 4116 af
1478 4053 1626 4127 Kaniler,

353 4153 355 4164 ’
1108 4169 1113 4189 ’
1301 4197 1305 4204 ,
1340 4159 1678 4239 r.1:5a.nn.5.t1'›.
1703 4169 1761 4225 163.

737 4302 941 4383 Honorius
969 4309 1040 4384 &a
1097 4303 1248 4384 Eadem.
1297 4335 1305 4353 ⁸

271 4443 424 4525 Audito
452 4471 476 4522 a
506 4462 547 4523 te
575 4441 790 4550 diligenter
810 4448 993 4528 'Ecclesia
1021 4465 1090 4529 tue
1118 4463 1238 4543 statu,
1267 4444 1328 4529 de
1348 4449 1602 4558 providentia
1632 4431 1710 4527 tua'
1732 4449 1893 4556 plenam

91 4557 149 4636 in
175 4555 351 4636 Domino
383 4553 570 4636 fiduciam
600 4556 839 4656 obtinentes,
867 4559 1126 4639 Fraternitati
1154 4572 1223 4636 tue
1251 4585 1325 4664 per
1353 4562 1574 4668 apostolica
1603 4559 1751 4666 scripta
1780 4588 1892 4641 man·

89 4663 256 4761 damus,
285 4681 488 4775 quatenus
515 4662 694 4746 eamdem
722 4668 945 4749 Ecclesiam
955 4668 1005 4749 de
1020 4668 1233 4748 Canonicis
1248 4669 1518 4776 Regularibus
1532 4669 1753 4751 secundum
1772 4698 1892 4778 regu-

85 4775 182 4856 lam
213 4774 326 4857 Beati
367 4775 583 4883 Augustini
613 4778 659 4857 si
701 4776 788 4860 fieri
823 4781 976 4886 poterit
1004 4777 1164 4860 studeas
1192 4779 1391 4862 ordinare.
1449 4780 1573 4886 Quod
1601 4783 1634 4860 si
1661 4783 1892 4890 nequiveris

88 4887 288 4997 instituas
322 4887 365 4967 in
399 4883 550 4983 eadem,
579 4905 704 4994 prout
730 4888 953 4969 secundum
981 4890 1112 4984 Deum
1140 4888 1331 4996 expedire
1358 4891 1507 4975 videris
1536 4893 1749 4974 canonicos
1777 4919 1891 4973 secu·

86 4995 218 5093 lares,
246 4997 345 5077 tales
363 5000 515 5106 utique
541 4997 613 5106 qui
641 4996 763 5106 digne
794 5001 839 5078 in
866 5025 913 5078 ca
943 5001 1116 5079 Domino
1145 4998 1400 5085 famulentur.
1459 5005 1616 5108 ¹Datum
1636 5005 1824 5088 Laterani
1839 5005 1888 5088 ΙΙ.

54 5105 239 5190 'Nonas
267 5105 520 5208 Novembris,
548 5108 811 5193 Pontificatus
838 5112 969 5194 nostri
996 5113 1122 5210 uno,
1146 5112 1316 5214 Quinto.
