4362 5946
708 448 910 586 '····1
997 397 1254 530 358--
1382 433 1384 436 ’

139 669 323 782 loquitur
353 669 523 750 veritate
551 669 790 750 Nostrarum
818 659 1306 768 testiumuiolitte'rar'um
1347 684 1489 750 notum
1530 667 1702 767 facimus,
1734 675 1932 782 uniuersis

138 799 221 864 tam
250 778 506 894 presentibus
534 807 656 889 quam
684 777 830 859 futuris
860 778 983 883 Quod
1012 805 1086 886 nos
1113 781 1156 859 iu
1186 779 1250 859 dic
1278 782 1559 862 coronacionis
1579 803 1717 866 nostre
1731 816 1824 869 oum
1839 817 1935 870 con·

138 893 229 976 silio
259 898 298 972 8(
327 917 525 984 consensu
558 889 757 997 karissimj
801 893 925 998 patris
953 889 1083 997 nostrj
1126 919 1172 971 ac
1214 893 1352 972 matris
1394 908 1532 971 nostre
1574 896 1794 1002 predilecte
1835 900 1937 983 duas

11 1007 17 1016 '
139 1007 365 1095 mansiones
393 1020 550 1084 nostras
579 1002 698 1100 Echi
728 1002 879 1082 scilicet
908 1007 946 1082 8(
974 1003 1137 1084 Setuuir
1154 1032 1246 1082 cum
1266 1004 1452 1086 omnibus
1467 1003 1691 1088 attinenciis
1705 1009 1937 1106 earundem,

28 1113 30 1121 '
140 1135 222 1200 tam
253 1116 618 1225 mobilibusquam
649 1113 922 1195 immobilibus
954 1113 1119 1208 domiuo
1152 1131 1291 1194 nostro
1312 1114 1441 1202 ihesu
1470 1113 1636 1196 christo¹
1665 1146 1712 1198 ac
1753 1121 1936 1212 beatissi-

30 1261 32 1268 ’
141 1256 205 1308 me
220 1229 345 1310 Mario
376 1227 494 1306 matri
523 1254 606 1321 sue,
636 1231 674 1305 8(
703 1227 908 1331 apostolis*
925 1225 1010 1305 eius
1040 1243 1158 1333 petro
1187 1231 1227 1305 8(
1256 1225 1390 1333 paulo.
1422 1229 1462 1304 &
1489 1227 1679 1318 omnibus
1706 1236 1853 1314 sanctis
1881 1232 1937 1322 ob

141 1341 416 1422 reuerenciam
445 1343 485 1418 8(
512 1339 709 1432 honorem
737 1363 783 1415 ac
812 1337 931 1418 nobis
973 1337 1015 1415 in
1044 1337 1331 1418 Remissionem
1374 1353 1631 1445 peccatorum
1673 1341 1726 1420 Et
1769 1345 1939 1452 iusuper

141 1479 264 1534 vnam
293 1452 446 1532 curiam
473 1449 648 1555 lincopie
676 1447 840 1556 ecclesie
870 1449 1115 1548 contulimus
1144 1449 1367 1558 lincopensi
1397 1448 1489 1528 Tali
1531 1465 1667 1532 tamen
1700 1455 1938 1548 condicione

143 1563 350 1673 apposita,
379 1580 429 1642 vt*
451 1560 648 1641 debonis
678 1562 755 1639 iam
794 1559 984 1666 predictis
1012 1561 1055 1640 in
1084 1560 1249 1640 ecclesia
1291 1575 1529 1674 memorata·
1551 1579 1746 1669 perpetua
1784 1565 1938 1656 consti-2

142 1691 284 1756 tuatur
312 1673 483 1754 canonia
510 1669 732 1752 secundum
763 1669 932 1749 formam
960 1697 1163 1770 cationum
1190 1673 1231 1751 in
1262 1689 1468 1779 posterum
1497 1670 1760 1772 conferenda,
1788 1679 1849 1759 Ne
1861 1679 1939 1786 igi·
2065 1725 2068 1730 ,
2154 1721 2164 1734 ··

85 1857 90 1866 .
142 1804 213 1868 tur
243 1802 413 1893 propter
441 1782 671 1892 aliquorum
697 1780 895 1886 jnuidiam
924 1782 989 1862 uel
1026 1781 1221 1862 maliciam
1264 1811 1386 1892 super
1417 1784 1491 1862 hac
1535 1801 1670 1866 nostra
1714 1780 1940 1872 donacioue

145 1899 335 1980 decetero
365 1896 491 2002 possit
519 1895 667 2009 aliqua.
697 1893 874 1999 suborirj
904 1893 1133 2001 calumpnia
1162 1921 1325 2001 presens
1355 1895 1567 2000 scriptum,
1597 1912 1829 1980 nostrorum
1853 1925 1939 1978 mu.

143 2011 312 2090 nimine
331 2007 555 2110 sigillorum
583 2005 807 2086 necessario
835 2004 1024 2085 duximus
1053 2004 1331 2088 roborandum
1360 2007 1498 2087 datum
1527 2005 1711 2114 lincopie,
1730 2006 1940 2089 Annodo·
2059 2003 2063 2014 ’

144 2120 245 2314 ppinj
274 2119 534 2247 moetus.
552 2117 617 2206 die
647 2115 742 2200 lune
772 2119 957 2228 proxima
986 2135 1080 2223 post
1107 2113 1346 2252 dominicam
1377 2141 1459 2233 qua
1489 2123 1671 2203 cantatur
1699 2120 1826 2221 Quasi
1847 2144 1942 2234 mo:

176 2258 201 2310 o
230 2249 375 2349 gemtp
474 2257 477 2264 ’
526 2277 531 2294 „

151 2627 284 2772 389.
795 2594 962 2734 1'251.
1006 2627 1043 2734 d
1089 2627 1121 2732 8
1169 2629 1303 2774 Sept

233 2850 323 2932 lntyg
343 2849 545 2912 attonsus
567 2849 740 2910 Yursrtusou
760 2859 804 2909 att
825 2848 903 2926 ban,
934 2849 1128 2910 nervoraude
1160 2847 1211 2908 vid
1233 2849 1285 2910 det
1307 2849 1441 2912 emellun
1463 2847 1608 2912 Abboten
1629 2849 1667 2910 G.
1687 2849 1698 2910 i
1719 2849 1842 2930 Nydsla
1863 2860 1943 2920 sumt

86 3015 96 3022 ·
229 2979 234 2988 .
284 2930 408 2994 Brudde
429 2931 685 2994 diversuslrornna
717 2929 970 3012 hemmansbyte‚
991 2932 1065 2992 hdr-t
1087 2933 1250 3009 Abboten,
1283 2934 1334 2996 vid
1356 2933 1566 3018 uppldtandet
1586 2933 1623 2994 al
1639 2933 1859 3018 Burgarstorp,
1881 2953 1946 2999 une,-

283 3013 419 3096 deutagu
439 3014 639 3078 Nutlriehults
660 3012 886 3104 tillhiirigheter
907 3016 917 3076 i
938 3015 1029 3096 slmg,
1052 3015 1126 3079 fiske
1146 3014 1208 3076 och
1230 3015 1302 3145 jagt:
1568 3094 1605 3151 A.
1624 3095 1649 3150 ³.
1667 3113 1695 3151 ι.
1718 3111 1748 3151 u
1766 3095 1807 3150 33.
1879 3057 1902 3140 c

317 3233 516 3312 Omnibus
544 3259 708 3340 presens
736 3231 930 3340 scriptum
960 3230 1219 3312 cernentibus
1247 3230 1448 3308 lohannes
1477 3230 1610 3338 ylianc
1638 3230 1743 3312 lilius
1775 3229 1944 3312 salutem

148 3345 191 3422 in
222 3339 386 3422 domino
417 3361 619 3450 protestor
663 3371 724 3422 me
767 3341 926 3422 siluisse
969 3340 1136 3451 quando
1181 3342 1256 3420 viri
1300 3339 1462 3420 discreti
1505 3340 1692 3424 dominus
1736 3342 1776 3422 G
1818 3331 1944 3423 abbas
2049 3393 2052 3400 ·

147 3453 377 3539 noueuallis
406 3460 446 3533 8(
475 3452 634 3533 brudda
663 3453 943 3533 concambium
972 3471 1170 3532 terrarum
1202 3451 1947 3534 feceruutiuhuncmodumvidelicet

147 3581 195 3643 vt
208 3564 394 3663 dominus
410 3565 533 3645 abbas
550 3565 699 3670 recepit
707 3562 908 3672 quidquid
923 3564 1028 3643 idem
1045 3563 1204 3643 brudda
1222 3563 1459 3670 possederat
1474 3565 1518 3672 jn
1533 3565 1748 3672 starkaryd
1764 3571 1804 3645 8(
1819 3593 1943 3673 quar·

148 3692 232 3754 tam
264 3694 416 3784 partem
447 3678 490 3756 in
519 3673 737 3782 gwidanaes
767 3702 844 3782 pro
873 3673 1016 3785 predio
1046 3676 1276 3754 monasterii
1327 3673 1439 3783 quod
1482 3674 1632 3757 dicitur
1673 3675 1944 3784 burgarstorp

148 3813 338 3893 expresse
353 3789 512 3894 excepit
532 3787 637 3866 idern
653 3786 776 3866 abbas
793 3785 992 3864 accessum
1010 3783 1060 3864 ad
1077 3785 1219 3892 siluam
1249 3813 1326 3893 pro
1355 3786 1571 3876 arboribus
1586 3784 1863 3867 rescindendis
1878 3786 1943 3877 uel

148 3898 391 3978 animalibus
420 3896 612 3977 venandis
640 3923 710 3974 seu
740 3897 858 3975 etiarn
888 3894 938 3974 ad
968 3894 1208 4003 piscandum
1240 3901 1278 3974 in
1305 3899 1461 4006 'stagnis
1495 3897 1812 4005 fluminibusque
1853 3895 1943 3974 aliis

115 4035 232 4117 xque
263 4009 313 4122 ad
343 4008 578 4088 uutbiebult
608 4008 813 4114 pertinent
841 4007 934 4114 quia
966 4015 1079 4085 extra
1110 4009 1303 4087 terminos
1332 4009 1409 4088 sibi
1446 4010 1687 4088 constitutos
1721 4007 1820 4088 scita
1849 4021 1945 4087 sunt

148 4119 226 4228 qui
254 4119 414 4198 termini
443 4119 485 4198 in
515 4117 659 4208 litteris
701 4119 825 4224 ipsius
854 4119 891 4196 G
923 4116 1081 4195 abbatis
1123 4117 1345 4198 noueuallis
1388 4118 1546 4226 plenius
1588 4118 1820 4198 nominibus
1841 4119 1945 4198 :suis
2078 4127 2082 4140 '

148 4231 457 4337 exprimuntur,
507 4237 545 4309 8(
589 4228 740 4308 hisdem
784 4226 944 4308 brudda
988 4225 1195 4334 predictus
1239 4231 1419 4310 terminis
1473 4228 1549 4309 sibi
1586 4229 1727 4336 positis
1762 4229 1953 4336 plenarie·
2023 4299 2027 4310 ,

148 4341 263 4427 stetit
290 4358 504 4441 contentus
534 4339 585 4420 ad
607 4344 789 4448 ‘quorum
834 4340 1012 4418 omnium
1057 4337 1304 4419 euideuciam
1348 4339 1561 4421 firmiorem
1605 4338 1781 4447 sigillum
1812 4365 1944 4418 meum
2049 4396 2057 4418 ,

149 4467 319 4558 rogatus
347 4451 527 4560 appendi
558 4449 728 4530 testibus
756 4449 842 4528 aliis
859 4448 996 4527 multis
1010 4450 1275 4554 presentibus.
1307 4451 1452 4531 Datum
1468 4476 1574 4530 anuo
1589 4447 1753 4534 domni.
1769 4441 1942 4534 M⁰.CC⁰.

149 4561 236 4643 [Γ.
259 4561 331 4641 die
359 4562 582 4644 natiuitatis
610 4561 728 4641 beate
757 4561 880 4639 marie
911 4561 1083 4666 virginis.
1564 4567 1568 4580 '

726 4701 862 4783 sigillet,
883 4703 893 4762 i
914 4701 1008 4766 urunt
1031 4719 1096 4778 vax,
1117 4700 1212 4780 negot
1232 4698 1371 4764 statutt.

142 5165 145 5168 Ι
295 5093 340 5144 su.
359 5091 482 5160 Dtptm.
