4362 5946
647 363 1549 550 ‘-275-, .

113 659 189 732 nes,
218 649 260 714 et
287 633 425 718 divina
453 636 586 722 officia
614 637 884 736 celebrarunt,
915 637 1100 746 injuncta
1128 640 1185 720 eis
1213 641 1459 748 competenti
1494 640 1718 751 penitentia
1744 655 1786 722 et
1813 666 1908 750 per·
2017 737 2021 742 ,

111 761 209 844 acta,
238 746 356 830 liceat
383 747 460 832 tibi
489 777 581 832 cum
609 748 757 833 eisdem
786 750 837 832 de
867 749 1139 832 misericordia
1169 777 1250 860 que
1278 749 1552 859 superexaltat
1579 751 1753 862 judicio,
1780 769 1906 862 prout

111 883 248 940 eornm
275 861 396 942 saluti
425 859 620 971 expedire
651 861 810 946 uideris
850 861 1093 971 dispensare.
1152 863 1196 942 Si
1224 862 1297 971 qui
1325 886 1424 942 vero
1465 865 1637 950 scienter
1663 877 1705 948 et
1733 864 1778 950 in
1807 889 1905 948 con·

109 987 307 1079 temptum
336 971 602 1056 ecclesiastice
631 973 844 1084 discipline
884 974 979 1054 talia
1010 989 1361 1083 presumpserunt,
1403 973 1460 1054 eis
1499 999 1574 1083 per
1613 974 1823 1066 biennium
1851 975 1905 1060 ab

109 1078 298 1164 ordinum
325 1086 563 1178 executione
592 1086 812 1194 suspensis,
853 1101 894 1165 et
922 1084 1101 1193 injuncta
1142 1084 1366 1193 penitentie
1408 1088 1670 1194 competenti,
1712 1115 1804 1169 cum
1847 1089 1905 1178 eis

111 1194 369 1303 postmodum
396 1197 430 1276 si
459 1195 612 1278 fuerint
640 1196 747 1277 bone
767 1197 1092 1278 vconversationis
1123 1196 1291 1293 etrite,
1320 1197 1559 1278 anctoritate
1580 1213 1722 1278 nostre
1742 1198 1904 1310 dispen-

76 1331 188 1403 ses,
215 1307 321 1388 sicut
355 1333 497 1388 eorum
532 1310 653 1392 saluti
690 1307 838 1390 videris
874 1308 1082 1418 expedire,
1111 1333 1374 1416 processurus
1408 1307 1515 1388 circa
1558 1307 1784 1419 religiosos,
1831 1313 1905 1418 qui

107 1418 336 1527 symoniace
370 1419 413 1498 in
442 1421 524 1500 suis
551 1419 802 1502 Monasteriis
830 1436 925 1500 sunt
953 1419 1125 1529 recepti,
1156 1435 1281 1528 prout
1312 1418 1354 1496 in
1382 1420 1671 1502 constitutione
1705 1420 1904 1528 generalis

106 1528 281 1616 Concilii
308 1530 557 1646 continetur,
578 1531 727 1614 Datum
744 1531 928 1646 Anagnie
957 1532 1024 1612 ΙΙΙ.
1055 1531 1192 1614 Nonas
1214 1527 1466 1627 Decembris,
1493 1531 1760 1616 Pontificatus
1773 1533 1906 1614 nostri

104 1643 228 1735 Anno
256 1639 391 1756 Sexto.

105 2065 243 2176 279.
415 2149 426 2186 ,
763 2034 910 2139 1232
960 2027 1008 2136 d.
1056 2031 1259 2178 9,Dec.
1327 2159 1330 2164 Ι
1684 2032 1902 2182 Anagni.
1977 2111 1982 2114 -
2049 2191 2055 2216 1

186 2249 277 2312 Ptfv.
299 2251 474 2313 Greconrus
497 2249 565 2313 lxts
586 2251 664 2314 Bref
679 2244 726 2315 till
747 2252 998 2336 d1·ke·Biskopen
1018 2251 1028 2311 i
1048 2250 1145 2311 Lund
1160 2250 1318 2333 angiende
1339 2250 1552 2332 Prestvigning
1573 2267 1685 2332 genem
1701 2205 1838 2315 bendere
1845 2249 1903 2336 pd-

239 2332 390 2416 ltggande
410 2331 472 2395 och
492 2342 579 2396 stittet
599 2345 644 2396 att
664 2343 744 2397 rtitts
764 2334 1001 2400 underldtandet
1022 2333 1120 2396 dercf.

1340 2449 1369 2505 F.
1394 2463 1423 2506 r:
1443 2423 1617 2520 itt-'Aut
1640 2446 1694 2520 Ep.
1713 2449 1771 2522 rot.
1830 2430 1836 2440 ¹

760 2587 983 2695 Gregorius
1011 2590 1084 2668 &c
1116 2583 1270 2670 Eidem.

273 2731 476 2813 Presbiter
504 2747 546 2814 et
576 2733 781 2814 Diaconus
809 2759 901 2812 cum
930 2731 1173 2812 ordinantur
1201 2757 1344 2811 manus
1374 2730 1670 2839 impositionem
1685 2742 1797 2808 tectu
1811 2755 1902 2808 cors·

96 2840 240 2953 porali
268 2843 351 2923 ritu
379 2845 432 2926 ab
460 2840 665 2952 Apostolis
693 2841 929 2926 introducto
964 2844 1176 2951 recipiunt.
1220 2841 1406 2948 Quodsi
1435 2841 1624 2922 omissum
1653 2838 1775 2920 fuerit
1817 2864 1904 2918 non

95 2969 159 3036 est
187 2953 346 3066 aliquid
375 2953 621 3052 iterandum,
650 2953 721 3036 sed
749 2970 902 3034 statuto
932 2970 1113 3062 tempore
1150 2951 1203 3036 ad
1232 2949 1465 3062 hujusmodi
1501 2949 1664 3034 ordines
1691 2947 1905 3046 confercn-

94 3063 176 3146 dos
208 3081 326 3146 caute
353 3063 645 3174 supplendum,
674 3064 788 3176 quod
817 3093 891 3173 per
920 3092 1098 3146 errorem
1140 3064 1275 3145 extitit
1319 3066 1637 3176 pretermissum,
1682 3060 1902 3170 Suspensio

93 3191 243 3258 autem
273 3203 465 3280 manuum
493 3174 615 3259 debet
657 3175 744 3257 fieri
774 3205 866 3256 cum
908 3177 1039 3257 oratio
1086 3188 1209 3284 super
1238 3192 1363 3284 caput
1405 3171 1631 3256 effunditur
1672 3168 1900 3268 ordinandi.
2012 3171 2018 3178 ’

76 3289 258 3376 ‘Datum
286 3288 468 3396 Anagnie
498 3287 546 3366 V.
577 3285 673 3370 idus
703 3286 935 3370 Decembris
964 3288 1084 3366 Anno
1107 3287 1242 3367 Sexte.

94 3677 242 3828 280.
765 3671 915 3782 1233
963 3675 1011 3780 d.
1063 3691 1094 3802 4
1141 3673 1259 3783 Juli.
1624 3828 1629 3837 Ι
1667 3677 1899 3786 Lateran.
1960 3675 1964 3681 ’

179 3897 277 3962 Pes.
298 3897 473 3968 Greconrns
496 3897 565 3960 1th
585 3896 663 3961 Bref
679 3897 730 3959 till
748 3895 998 3981 irie-Bisiopen
1019 3898 1028 3957 i
1050 3893 1155 3972 tund,
1178 3897 1312 3959 riirande
1333 3895 1506 3980 anutndigt
1515 3896 1898 3976 uuderbdllidrenPrest,

238 4001 304 4044 com
324 3976 352 4063 ej
373 3980 476 4044 kunde
497 3979 629 4043 sortiare
650 3983 661 4043 i
683 3980 816 4043 cmbctet
843 3984 853 4042 i
875 3979 1024 4044 anseende
1045 3977 1150 4040 dertifl
1172 3989 1216 4041 att
1236 3978 1301 4044 ben
1321 3978 1486 4062 ibjiilslagit
1506 4003 1546 4044 en
1565 3983 1633 4063 tius.
1667 4027 1671 4036 .

1339 4093 1372 4148 t.
1393 4108 1421 4152 ιε
1440 4095 1496 4165 14&
1514 4095 1569 4156 Au.
1589 4113 1614 4167 7.
1635 4093 1688 4166 Ep.
1707 4092 1767 4165 ²³4

271 4229 494 4338 Gregorius
522 4229 741 4342 Episcopus
769 4231 923 4313 Seruus
959 4229 1180 4314 Servorum
1222 4233 1303 4311 Dei
1343 4231 1570 4311 Venerabili
1595 4233 1775 4312 Fratri.
1807 4289 1816 4308 .
1849 4289 1857 4307 .
1890 4288 1899 4308 .

304 4341 605 4462 Archiepiscopo
634 4343 837 4424 Lumieust'
861 4341 1039 4424 Salutem
1069 4347 1142 4424 &c
1449 4356 1451 4362 ’

272 4483 480 4566 Interdum
508 4511 615 4594 quos
643 4502 801 4567 accusat
830 4481 985 4564 facinus
1014 4499 1179 4565 excusat
1220 4499 1408 4579 eventus,
1450 4498 1492 4562 et
1518 4480 1631 4593 quod
1660 4480 1822 4590 culpam
1850 4506 1899 4561 ex
2033 4553 2038 4559 .

75 4594 338 4680 necessitate
366 4621 481 4675 casus
510 4595 690 4693 alleviet,
731 4611 904 4676 nonest
948 4597 1238 4677 inconveniens
1265 4595 1298 4673 ei
1327 4620 1474 4704 penem
1516 4593 1673 4702 mitiget
1701 4609 1742 4672 et
1769 4590 1898 4700 jactu·

75 4723 194 4788 ram'.
235 4705 337 4786 Sanc
365 4707 502 4815 magni
529 4706 747 4790 Presbiteri
763 4705 824 4790 ⁴dc
854 4723 924 4787 tua
969 4707 1127 4790 Diocesi
1168 4703 1331 4787 oriundi
1375 4720 1563 4814 porrecta
1606 4701 1725 4786 nobis
1752 4703 1898 4812 petitio

75 4815 358 4913 continebat,
385 4816 499 4927 quod
528 4819 727 4930 equitanti
755 4817 833 4899 sibi
861 4817 1006 4900 obvius
1036 4816 1103 4898 fur
1132 4818 1175 4898 i'n
1203 4817 1286 4911 via,
1317 4843 1409 4903 cum
1437 4813 1542 4895 viam
1570 4830 1735 4926 rogatus
1762 4829 1897 4897 osten·

73 4929 192 5014 dere
230 4942 463 5036 putaretur,
490 4957 582 5010 eum
613 4956 687 5040 per
714 4927 831 5010 devia
860 4928 932 5012 diu
961 4943 1135 5010 tractum
1165 4925 1363 5037 percussit
1399 4923 1537 5006 lancea
1567 4925 1685 5038 fregit
1714 4941 1795 5008 tres
1823 4925 1896 5003 im·
