4384 5946
691 425 1214 528 ...37-.-

132 639 373 762 plantatione
389 661 475 756 ¹per
503 644 985 728 barbarorum'saavitiam
1011 660 1058 725 ut
1086 643 1129 723 in
1155 643 1310 723 tantum
1337 669 1525 726 numerus
1553 645 1682 726 ex'eis
1696 645 1915 743 decrescat,

129 760 239 872 quod
282 760 452 842 illorum¹
480 758 631 840 auxilio
659 783 915 867 nequaquam
947 772 1174 863 temporum
1202 755 1328 863 possit
1355 755 1440 836 fieri
1468 761 1726 841 consecratio.
1797 757 1915 839 Ideo·

131 901 208 983 que
235 871 429 981 praedicta
457 885 605 950 statuta
626 870 659 950 si
687 893 844 948 necesse
873 870 924 949 sit
953 867 1172 974 apostolica
1199 866 1435 976 auctoritate
1463 866 1711 950 decermmus
1733 895 1817 948 esse
1832 897 1914 948 ser·
2031 888 2034 896 ’
2105 899 2111 906 ·

128 984 265 1066 venda.
324 981 585 1064 Decernimus
617 997 760 1074 autem,
790 978 1016 1059 charissime
1045 975 1183 1057 Frater
1212 973 1473 1072 Adhclberte,
1502 997 1548 1058 ut
1575 997 1813 1087 potestatem
1842 981 1913 1060 ha·
1944 1002 1951 1022 ¹

126 1093 251 1178 beatis
288 1090 504 1174 ordinandi
531 1091 753 1199 Episcopos
786 1093 891 1170 intra
918 1105 1090 1170 vestram
1124 1089 1353 1196 parochiam
1382 1094 1422 1168 8(
1448 1085 1657 1187 dioecesin,
1699 1093 1743 1171 in
1785 1093 1915 1174 omni-

127 1206 202 1288 bus
230 1202 471 1313 supradictis
499 1199 695 1311 gentibus.
752 1204 804 1282 Et
831 1204 865 1282 si
892 1201 984 1310 quis
1013 1217 1154 1280 contra
1180 1198 1300 1306 hujus
1329 1219 1475 1282 nostrae
1512 1200 1757 1283 auctoritatis
1787 1206 1914 1311 privi-

127 1315 274 1425 legium
301 1316 359 1396 ire
388 1310 662 1423 temptauerit,
689 1329 759 1394 aut
787 1340 956 1422 quoquo
983 1311 1105 1393 modo
1134 1311 1176 1391 in
1205 1328 1318 1417 parte
1346 1311 1409 1391 vel
1438 1314 1481 1391 in
1510 1328 1597 1392 toto
1632 1311 1814 1420 frangere
1851 1317 1912 1396 vi·

3 1461 5 1466 ·
126 1455 189 1508 sus
218 1426 359 1524 fuerit,
387 1426 440 1506 sit
467 1426 832 1506 excommunicatus
861 1453 883 1503 a
913 1450 1083 1530 corpore
1106 1428 1145 1502 8(
1173 1423 1330 1502 vivifico
1359 1422 1552 1530 sanguine
1581 1423 1744 1503 Domini
1785 1429 1912 1518 nostri

125 1538 216 1618 lesu
246 1537 398 1620 Christi
426 1543 466 1616 8(
493 1564 517 1614 a
545 1537 698 1617 Sanctae
728 1535 802 1614 Dei
831 1535 1017 1615 Ecclesiae
1053 1533 1165 1614 aditu
1199 1550 1415 1640 separatus.
1488 1534 1735 1614 Observator
1780 1553 1912 1618 autem

125 1641 241 1756 hujus
271 1667 420 1730 nostrae
448 1645 749 1728 ammonicionis
778 1651 817 1726 8(
849 1643 1035 1751 jussionis
1077 1643 1222 1724 habeat
1265 1643 1583 1727 benedictionem
1625 1648 1911 1754 omnipotentis
2051 1701 2054 1707 -

123 1760 194 1840 Dei
222 1765 263 1840 8(
293 1761 502 1841 beatorum
529 1755 805 1866 apostolorum
831 1757 940 1837 Petri
960 1762 1000 1836 8(
1021 1754 1152 1851 Pauli,
1182 1761 1221 1834 8(
1264 1774 1440 1837 nostram
1483 1757 1555 1864 qui
1596 1783 1735 1836 eorum
1777 1757 1911 1866 fungi·

48 1905 50 1918 ’
121 1898 208 1951 mur
235 1871 505 1952 vicariatione.
564 1871 666 1950 Data
694 1867 817 1980 igitur
838 1869 955 1949 robis
969 1867 1089 1948 frater
1105 1866 1331 1947 charissime
1354 1867 1596 1949 Adhelberte
1611 1886 1757 1948 nostrae
1772 1888 1922 1952 aucto·

119 1982 242 2062 citatis
276 1979 490 2088 privilegio
519 1979 635 2059 simul
660 1976 915 2061 concedimus
944 1978 1058 2058 vobis
1087 1983 1126 2056 8(
1154 1977 1277 2084 pallio
1308 1980 1388 2073 uti,
1416 1980 1569 2084 ubique
1598 1979 1688 2059 loco
1721 1981 1765 2060 in
1798 1999 1908 2062 utra·

53 2135 57 2142 ·
119 2118 194 2202 que
217 2091 350 2172 Albiae
377 2087 551 2171 fluminis
568 2092 689 2198 ripa,
725 2090 883 2170 statutis
921 2089 1063 2171 diebus
1096 2089 1200 2169 sicut
1233 2106 1325 2167 ante
1368 2088 1731 2196 praedecessoribus
1759 2095 1902 2174 vestris

117 2205 235 2284 moris
264 2202 362 2284 crat.
421 2203 591 2308 Insuper
622 2199 805 2282 addimus
827 2228 910 2307 pro
937 2218 1034 2281 voto
1062 2217 1202 2279 vestrae
1231 2198 1470 2306 dignissimae
1504 2203 1708 2308 petitionis
1750 2205 1794 2282 in
1834 2233 1906 2286 na·
1991 2251 1994 2265 ·

114 2314 266 2396 tivitate
295 2312 457 2394 Domini
486 2318 526 2392 8(
553 2313 597 2392 in
624 2330 765 2392 octava
793 2310 877 2408 die,
906 2314 948 2392 in
976 2309 1201 2417 Epiphania
1224 2311 1404 2408 Domini,
1433 2313 1476 2392 in
1490 2313 1556 2394 die
1577 2332 1721 2395 sanctae
1737 2316 1904 2422 paschae,

115 2425 156 2504 in
196 2423 428 2506 ascensione
470 2424 652 2519 Domini,
682 2423 724 2502 in
754 2441 1020 2528 pentecostes,
1049 2423 1092 2501 in
1121 2419 1330 2502 festivitate
1364 2424 1402 2504 S.
1431 2421 1623 2504 Johannis
1652 2425 1837 2533 Baptistae
1866 2433 1905 2506 8(
2046 2509 2049 2518 ,

113 2537 152 2617 in
181 2535 383 2617 Natalitiis
412 2537 590 2616 omnium
619 2531 915 2643 apostolorum,
952 2534 995 2612 in
1037 2533 1308 2640 assumptione
1349 2540 1389 2614 8(
1430 2535 1473 2614 in
1513 2536 1718 2622 nativitate
1754 2556 1903 2619 sanctoe
2004 2551 2030 2603 '-

112 2647 262 2746 Mariae,
295 2648 338 2727 in
366 2646 587 2727 festivitate
607 2645 646 2726 S.
675 2644 876 2726 Michaelis
905 2642 1151 2750 archangeli,
1184 2645 1228 2722 in
1255 2643 1465 2727 festivitate
1502 2647 1541 2727 S.
1583 2648 1745 2728 Martini
1787 2649 1903 2756 Epis-

112 2762 224 2866 copi,
255 2763 301 2840 in
327 2758 516 2838 natalitiis
544 2758 754 2838 beatorum
769 2773 990 2864 martyrum
1004 2755 1230 2852 Laurentii,
1246 2755 1441 2854 Mauritii,
1458 2758 1740 2869 sociorumque
1755 2787 1902 2841 eorun-

111 2867 221 2964 dem,
249 2877 291 2950 8(
318 2871 361 2948 in
379 2868 601 2950 'festivitate
630 2867 810 2948 omnium
841 2867 1080 2948 Sanctorum
1119 2873 1158 2946 8(
1204 2869 1246 2946 in
1289 2866 1367 2948 illis
1408 2866 1688 2952 festivitatibus
1736 2871 1899 2952 illorum

72 3037 79 3048 .
111 2998 359 3076 sanctorum,
387 3007 563 3090 quorum
591 3005 765 3086 corpora
792 2981 1049 3086 requiescunt
1077 2978 1119 3055 in
1149 2979 1510 3086 archiepiscopatu,
1539 2989 1578 3061 8(
1609 2983 1650 3061 in
1694 2977 1910 3066 consecra?

107 3091 217 3173 tione
245 3093 543 3200 Episcoporum
573 3109 696 3200 atque
723 3090 991 3171 Ecclesiarutn
1019 3095 1058 3168 8(
1073 3101 1115 3167 in
1131 3107 1262 3170 vestra
1276 3090 1541 3171 ordinationis
1556 3093 1631 3174 die.
1676 3094 1900 3202 Superbos
1967 3131 1971 3160 ι

3 3205 14 3280 s
108 3213 238 3338 autpm
269 3203 552 3311 deprecatione
580 3202 629 3282 H.
659 3201 931 3308 imperatoris,
960 3200 1087 3282 nostri
1118 3199 1361 3282 dilectissimi
1381 3201 1453 3283 filii
1474 3231 1594 3312 super
1608 3223 1770 3286 nactum
1785 3206 1900 3314 equi-

10 3367 14 3384 ·
107 3315 215 3395 tandi
246 3315 448 3395 licentiam
476 3312 617 3395 damus
645 3314 688 3393 in
716 3312 1002 3420 sollempnibus
1026 3310 1167 3391 diebus
1195 3315 1472 3395 tantummodo
1502 3316 1544 3393 in
1572 3333 1703 3395 vestra
1740 3317 1832 3397 sede
1862 3321 1900 3396 &

3 3451 4 3454 ‘
107 3425 227 3532 pallio
257 3425 402 3507 utendi
417 3428 477 3516 ‚in
504 3423 826 3505 ordinationibus
842 3421 1140 3506 ,Ecclesiasticis
1169 3429 1207 3502 8(
1234 3451 1395 3505 crucem
1422 3443 1512 3506 ante
1541 3455 1612 3508 vos
1628 3427 1818 3533 portandi
1847 3427 1899 3506 si-

3 3577 4 3624 ς
106 3537 173 3616 cut
200 3555 474 3618 antecessores
501 3537 623 3617 vestri
651 3534 879 3615 habuerunt
907 3534 1119 3628 licentiam,
1150 3533 1298 3615 damus.
1358 3537 1502 3618 Sancta
1517 3536 1692 3619 Trinitas
1713 3537 1914 3620 fraterni-¹

46 3681 60 3714 t
105 3661 222 3727 tatem
267 3665 441 3728 vestram
483 3646 555 3727 diu
591 3673 829 3730 conservare
854 3643 1056 3751 dignetur¹
1074 3644 1301 3727 incolumen
1344 3666 1465 3756 atque
1510 3645 1602 3758 post
1644 3648 1764 3758 hujus
1806 3649 1898 3732 vitae

3 3793 4 3820 ³
104 3758 410 3840 amaritudinem
433 3757 482 3839 ad
504 3776 738 3867 perpetuam
768 3754 961 3864 perducat
990 3753 1287 3842 beatitudinem.
1347 3760 1436 3839 Dat.
1466 3760 1575 3843 VIII.
1605 3759 1658 3842 kl.
1690 3762 1784 3871 lllaji
1823 3787 1896 3868 per

3 3945 4 3950 ,
104 3894 245 3952 manus
275 3869 386 3949 Petri
414 3869 592 3966 diaconi,
621 3866 914 3951 bibliothecarii
950 3875 989 3948 8(
1027 3869 1263 3948 Cancellarii
1306 3888 1450 3950 sanctae
1493 3874 1736 3982 Apostolicae
1779 3873 1892 3954 sedis.

104 3981 221 4062 Anno
253 3979 420 4062 Domini
448 3979 660 4061 Clementis
688 3977 853 4060 secundi
881 3981 999 4086 Papae
1034 3979 1085 4062 ΙΙ.
1142 3980 1365 4062 indictione
1396 3982 1443 4061 V.

3 4463 5 4508 5
101 4405 189 4477 ar.
234 4399 239 4408 ·
749 4327 899 4479 1c55
947 4370 995 4488 d,
1044 4409 1116 4516 29
1164 4369 1278 4478 Oct.

174 4591 271 4657 Pasa.
298 4589 421 4656 Vre-ror
453 4591 507 4654 Ilts
527 4589 718 4655 etadlhstelsc
740 4593 789 4657 fiir
810 4593 989 4657 irie-Bisl.
1012 4595 1213 4659 Anamsarcs
1232 4594 1273 4681 pd
1295 4589 1472 4680 Hamburgs
1492 4595 1568 4675 ath,
1589 4592 1661 4660 med
1683 4593 1740 4659 der
1759 4597 1811 4661 till
1836 4599 1890 4682 ly·
1993 4631 2000 4638 ·

226 4674 334 4739 claude
356 4675 485 4758 Seerige
507 4675 567 4739 och
588 4677 686 4740 andra
707 4677 858 4740 Nordisla
878 4679 987 4742 Riken.

1644 4791 1679 4850 a.
1695 4795 1753 4864 (ιο.

3 4905 31 4982 l*
113 4905 119 4914 ¹
259 4925 417 5006 Vtcron
445 4927 686 5034 Episcopum
711 4930 864 5011 Servus
893 4927 1113 5009 Servorum
1134 4929 1228 5028 Dei,
1244 4929 1390 5013 dilecto
1406 4927 1598 5014 confratri
1612 4949 1750 5014 nostro
1766 4931 1889 5014 Adal·

3 5045 5 5156 )
91 5036 207 5119 berto
236 5035 463 5119 venerabili
490 5035 807 5149 Archiepiscopo
827 5040 1216 5146 flammaburgensis
1245 5039 1448 5141 Ecclesiae,
1472 5041 1548 5124 tibi
1561 5039 1720 5154 tuisque
1732 5071 1888 5126 succes·
