4362 5946
762 445 871 538 ’ἓ-
981 473 1061 556 283
1147 515 1229 606 „⁸”

121 687 294 786 munda
322 693 398 775 sub
425 691 565 776 colore
588 693 662 804 q'ui
682 692 931 802 'lugentibus
959 721 1006 774 ac
1034 690 1311 800 penitentibus
1353 693 1542 802 congruit
1565 707 1810 806 equestrem
1838 719 1907 788 cn·
1970 761 1977 776 ,
2062 759 2066 768 .

116 831 236 886 natm
266 802 490 915 deputarit.
518 805 590 916 qni
618 803 671 885 ad
700 803 914 886 claustrale
940 802 1146 886 desertum
1189 801 1341 886 ductus.
1376 805 1663 913 perspiritum
1704 805 1787 893 sub.
1809 806 1908 900 noui

118 915 268 998 israelis
295 919 436 1028 auriga
465 917 711 998 sanctissimo
730 915 954 998 'benedicto
975 913 1091 996 uelut
1118 913 1194 996 sub
1209 915 1338 996 altero
1365 914 1603 1015 heliseodilii
1617 915 1909 1026 prophetarum

116 1029 341 1108 communis
368 1031 450 1111 vite
472 1021 870 1110 honumrloccasione
898 1025 1170 1109 multitudinis
1197 1024 1403 1134 perditum
1431 1027 1475 1107 in
1503 1026 1907 1126 iocundecchahitaf

17 1197 20 1202 ·
114 1139 240 1219 tionis
267 1156 396 1248 grata·
411 1139 608 1222 societate*
635 1140 813 1220 restituit
840 1155 883 1219 et
907 1140 989 1218 sic·¹
1009 1137 1176 1218 unitatis
1203 1139 1371 1219 scissum
1408 1153 1498 1218 rete
1526 1137 1730 1221 misem.
1758 1167 1808 1232 ac
1821 1163 1908 1248 'per
1990 1165 1999 1182 ·

117 1275 241 1365 opera
270 1251 433 1359 pietatis
466 1248 518 1331 ad
546 1265 696 1330 terram
709 1249 922 1360 Aquilonis
952 1249 1065 1331 unde
1089 1255 1210 1332 bmne
1237 1249 1388 1332 malum
1405 1246 1609 1356 panditur
1638 1249 1907 1357 proficiscare

115 1370 207 1441 curn
236 1359 333 1442 fecit
362 1363 404 1442 in
433 1363 644 1470 inegressis
672 1359 882 1442 thesauros
905 1361 1010 1442 niuis
1040 1377 1081 1441 et
1109 1356 1447 1442 contritiscorde
1475 1361 1710 1470 quiesceret.
1738 1362 1809 1470 qui
1838 1359 1908 1444 de·
2047 1412 2051 1422 ·

39 1531 48 1545 .
115 1469 311 1580 dignatur
340 1473 383 1552 in
412 1499 587 1580 corpore
614 1473 789 1580 peccatis
817 1470 983 1551 subdito
1009 1469 1204 1552 habitare.
1261 1473 1357 1554 Post
1382 1497 1489 1581 quos
1523 1473 1639 1581 quasi
1655 1471 1817 1559 ··laseum
1845 1499 1908 1554 re·
2047 1525 2051 1530 ›
2114 1483 2120 1494 ’

113 1599 344 1663 nauaturos
372 1586 617 1664 excercitum
645 1599 687 1663 et
718 1581 951 1684 redditurus
979 1580 1158 1666 iubilumr
1179 1598 1273 1690 post
1282 1581 1510 1698 lamentum
1525 1581 1726 1691 applicitis
1739 1580 1795 1672 ad
1803 1605 1908 1694 qim·
2028 1651 2032 1659 .

113 1690 275 1800 drigam
298 1695 468 1775 terciam
497 1695 613 1804 equis
641 1692 743 1774 albis
757 1691 950 1772 fratribus
965 1675 1459 1780 cisterciensisordinis'et
1474 1692 1669 1780 florensis.
1684 1683 1799 1782 uelut
1815 1710 1908 1784 tcu-

109 1831 246 1884 sarum
263 1830 405 1914 greges
419 1809 576 1913 gemine
591 1805 769 1884 caritatis
784 1803 932 1884 ictibus
946 1806 1091 1885 uberes
1105 1803 1157 1884 de
1172 1806 1394 1913 penitentie
1416 1803 1582 1892 lauacre¹
1596 1801 1697 1891 tecit
1717 1801 1908 1898 ascende·

109 1943 153 1996 re
182 1909 343 1996 sancto
364 1914 569 1997 bernardo
596 1916 720 1997 ariete
748 1916 887 1998 cuium
916 1915 957 1994 in
987 1916 1140 1996 uirtute
1159 1916 1337 2023 -spirit'us
1351 1927 1435 2027 qua
1444 1916 1600 2000 leutio„
1608 1913 1774 2026 indutus
1788 1915 1909 1996 exsti·
1951 1929 1953 1934 ’

5 2067 7 2073 v
109 2028 170 2106 tit.
202 2041 247 2105 et
276 2027 319 2106 in
347 2023 629 2107 habundantia
659 2025 852 2108 frumenti
880 2024 1048 2107 uallium
1077 2041 1273 2135 preeunte
1302 2042 1349 2106 ut
1377 2025 1820 2126 mauwuubesliberati
1834 2053 1909 2134 per

107 2135 203 2217 eum
237 2139 281 2217 in
309 2133 547 2226 fortitudine
574 2136 747 2239 clament
775 2138 827 2219 ad
861 2135 1083 2218 dominum
1108 2136 1249 2242 dicant
1268 2137 1435 2236 immam
1469 2136 1824 2246 etponanucas'tra
1843 2135 1908 2220 dei
2045 2167 2053 2172 ·
2128 2183 2131 2194 ι

108 2248 392 2332 excercituum
419 2275 543 2356 supra
570 2275 689 2330 mare.
734 2250 854 2329 Nouo
884 2250 1008 2358 igitur
1036 2246 1176 2330 israele
1203 2249 1280 2329 biis
1309 2247 1442 2330 trihus
1491 2247 1718 2358 agminibus
1761 2249 1908 2330 ,nunde

20 2415 28 2428 2
103 2355 284 2441 totidem
312 2386 414 2468 quas
443 2358 652 2468 philistiim
684 2359 865 2439 fecerent
893 2363 1141 2443 occurrente.
1170 2359 1272 2440 hora
1302 2359 1516 2442 undecima
1536 2387 1628 2442 cum
1644 2356 1728 2446 dies
1741 2358 1908 2450 tamde-

5 2553 16 2568 ,
104 2469 302 2552 elinasset
329 2468 381 2550 ad
408 2497 634 2580 uesperum.
666 2487 707 2550 et
735 2486 906 2578 propter
933 2471 1158 2580 iniquitatis
1185 2469 1507 2552 habundantiam
1533 2471 1705 2550 caritate
1728 2470 1908 2588 plurium

106 2579 368 2689 frigescente.
397 2599 583 2692 uergeret
611 2581 766 2664 iusticie
789 2581 927 2662 radius
960 2581 1013 2662 ad
1033 2610 1231 2678 oceasum,
1249 2583 1353 2691 'quia
1379 2580 1606 2664 ubieamad
1621 2607 1744 2690 quam
1773 2599 1908 2688 pater·

7 2767 10 2776 .
105 2690 289 2773 familias
317 2695 528 2800 operarios
553 2690 724 2776 diuersis
752 2693 1014 2802 temporibus·
1045 2693 1202 2804 denarij
1238 2691 1461 2776 conductos
1499 2692 1770 2780 conuentione
1802 2719 1906 2800 ¹pre-

106 2803 291 2900 miserat
318 2819 360 2882 et
387 2829 507 2912 quam
537 2831 608 2886 sua
637 2803 779 2885 dextra
809 2803 1141 2912 plantarat'ncn'
1164 2804 1296 2887 solum
1329 2804 1524 2886 uitiorum
1551 2799 1695 2912 uepres
1716 2808 1763 2889 -&
1789 2805 1906 2910 spine

106 2927 392 3024 peruaserant.
420 2931 480 2996 set
509 2915 588 2995 iam
615 2941 745 3023 prope
774 2916 938 2997 modum
967 2914 1181 3024 uulpeuule
1209 2915 1473 2996 demolientes
1505 2929 1744 2998 conuertere
1772 2915 1815 2994 in
1829 2911 1905 2998 ali·¹

106 3051 186 3105 ene
215 3026 316 3105 uitis
343 3021 650 3106 amaritudinem
663 3025 954 3108 intendebant.
984 3025 1177 3108 aduersus
1206 3027 1498 3108 infestissimam
1518 3024 1817 3111 multitudinem
1832 3025 1906 3108 mi·

105 3135 243 3216 litiam
272 3135 452 3217 adunare
479 3136 611 3216 uoluit
640 3139 942 3246 promptiorem.
996 3139 1050 3220 Et
1077 3140 1180 3219 sicut
1207 3139 1251 3218 in
1264 3138 1564 3246 presenciarum
1592 3137 1793 3221 cernimus
1813 3151 1906 3244 pest

79 3249 238 3345 ‚mium
279 3245 401 3355 signis
435 3246 715 3329 differencium
749 3248 948 3347 tirocinia
984 3247 1282 3358 quadrigarum.
1310 3253 1358 3330 in'
1372 3246 1581 3358 quadriga
1608 3266 1754 3358 quarta
1780 3272 1906 3356 equos

101 3361 250 3439 uarios
267 3362 307 3437 8(
322 3355 510 3441 robustos
527 3358 827 3470 predicatorum
843 3365 883 3440 8(
898 3359 1098 3448 minorum
1114 3360 1286 3442 fratrum
1301 3363 1460 3468 agmina
1474 3358 1717 3442 cumeleetis
1732 3357 1906 3444 ducibus

48 3533 51 3538 t
100 3469 230 3550 simul
248 3469 291 3548 in
309 3467 480 3578 prelium
496 3469 731 3554 directurus.
748 3471 932 3581 spiritum
948 3471 1073 3553 sarlati
1086 3470 1279 3553 dominici
1291 3472 1514 3552 suscitabit.
1544 3471 1637 3551 etei
1662 3469 1777 3552 uelut
1797 3493 1904 3582 equo

99 3601 175 3662 sue
199 3580 336 3689 glorie
365 3582 537 3692 prebens
565 3582 658 3665 fidei
686 3583 967 3665 fortitudinem
981 3579 1237 3663 et'ierucrem
1252 3583 1389 3664 dinine
1397 3581 1687 3690 predicationis
1700 3578 1904 3664 hinnitum
1991 3601 1999 3616 ’

98 3689 383 3773 circumdedit
398 3693 517 3774 'collo
546 3694 654 3776 eius:
668 3696 742 3804 qui
770 3721 910 3801 gerens
939 3721 963 3774 a
990 3696 1162 3802 pueritia
1178 3721 1263 3774 cor
1290 3692 1504 3774 senilesac
1532 3692 1574 3772 in
1596 3689 1904 3776 mortificatione

98 3802 246 3884 carnis
276 3799 426 3911 eligens
454 3806 604 3885 uiuere.
638 3807 722 3885 uite
751 3806 964 3914 requisiuit
991 3821 1208 3887 auctorem.
1244 3821 1286 3884 et
1316 3804 1394 3888 deo
1413 3799 1611 3886 deditae
1632 3804 1674 3882 in
1683 3813 1903 3884 nazareum

95 3911 180 3992 sub
214 3911 329 3991 beati
358 3915 574 4022 Augustini
603 3915 743 4024 regula
771 3932 1037 4011 consecratus.
1067 3915 1252 3996 sedulum
1281 3916 1387 3996 circa
1423 3931 1560 3996 sancta
1602 3912 1786 4011 samuelis
1814 3913 1903 3991 imi·

93 4039 212 4104 tatus
246 4021 499 4132 obsequium.
530 4027 572 4105 in
600 4027 862 4134 castigatione
891 4025 1081 4134 desiderij
1110 4028 1329 4135 piissimum
1365 4023 1533 4106 danielis
1562 4023 1816 4104 continuauit
1844 4019 1902 4100 af·

5 4159 7 4170 ’
94 4133 275 4244 fectum.
304 4135 460 4216 iusticie
487 4137 645 4217 semitas
673 4143 711 4216 8(
740 4152 971 4218 sanctorum
1001 4138 1087 4217 uias
1115 4153 1313 4219 strenuus.
1342 4135 1493 4216 athleta
1510 4131 1750 4240 custodiens.
1778 4147 1820 4212 et
1836 4132 1900 4210 uel

90 4241 151 4326 ud
184 4263 441 4325 momentum
476 4246 527 4328 de
562 4246 827 4328 tabernaculo
869 4243 1034 4355 dominj.
1062 4246 1113 4329 de
1141 4247 1348 4328 militantis
1391 4246 1555 4326 ecclesie
1598 4243 1903 4350 magisterioac

91 4356 338 4444 mmisterio
365 4384 449 4436 non
477 4355 696 4439 discedens.
726 4385 888 4448 carnem
916 4358 1168 4467 spiritumet
1196 4359 1491 4438 sensualitatem
1519 4353 1720 4438 subiciens
1741 4354 1901 4461 rationj.

19 4535 26 4542 .
90 4483 136 4548 et
169 4465 312 4546 factus
327 4495 445 4548 unns
473 4495 566 4547 cum
595 4465 673 4548 deo
701 4469 866 4574 s'piritus
892 4484 1003 4550 totus
1031 4472 1073 4549 in
1102 4497 1193 4550 eum
1223 4496 1297 4578 per
1325 4495 1528 4548 excessum
1557 4463 1699 4545 mentis
1734 4490 1903 4572 pergere

87 4575 282 4659 studuit
310 4596 351 4660 et
378 4569 526 4680 sobrie⁸
541 4579 825 4685 compassionis
854 4578 996 4661 studiis
1026 4608 1049 4660 a
1078 4582 1244 4673 caritate
1274 4579 1449 4688 proximi
1477 4604 1560 4680 non
1589 4575 1764 4668 recessit.
1805 4577 1901 4678 Quo

88 4690 330 4799 sagittante
357 4682 514 4796 delitias
542 4691 725 4783 earnium
759 4695 799 4772 8(
832 4689 1080 4799 fulgurante*
1106 4705 1256 4770 mentes
1280 4681 1474 4798 ¹lapideas
1517 4687 1745 4794 impiorum.
1772 4685 1902 4766 omnis

87 4799 386 4904 hereticorum
413 4815 521 4881 secta
550 4802 803 4884 contremuit
834 4803 973 4884 omnis
991 4801 1347 4885 ecclesia-fidelium
1362 4799 1572 4883 exultauit.

170 4912 307 4993 litate
322 4931 524 4994 crescente
541 4911 670 4994 creuit
680 4912 723 4997 8(
739 4913 879 5020 gralia.
908 4904 1249 5024 Quahdolluidem
1266 4908 1549 5019 inexplicabile
1563 4906 1757 5018 gaudium
1771 4905 1822 4988 de
1837 4935 1902 4990 ze·

86 5027 134 5108 lo
150 5023 403 5131 concipiens
418 5027 640 5106 animarum
655 5021 708 5110 ad
723 5015 885 5135 eloquia
899 5022 965 5107 dei
980 5017 1094 5105 dedit
1107 5026 1294 5106 animum.
1310 5036 1351 5102 et
1366 5020 1479 5132 quod
1492 5019 1749 5130 euangelium
1761 5019 1903 5104 christi
