4398 5958
979 495 1037 522 ··
1146 451 1230 555 tta
1334 491 1408 544 ····.

300 675 585 760 canonicorum
613 674 867 782 presencium
895 674 1011 784 penis
1039 673 1265 757 acrioribus
1293 673 1635 783 constringantur.
1690 672 1877 756 Preterea
1906 673 2088 760 volumus

297 788 578 868 &statuimus
607 805 652 866 ut
674 788 732 866 in
750 786 933 894 singulis·
948 783 1156 879 edomadis
1200 785 1321 867 semol
1348 783 1420 866 ad'
1451 787 1586 868 minus
1627 801 1815 866 teneatur
1860 787 2088 896 capitulum.

297 902 352 982 Et
378 898 430 981 de
459 898 537 978 hiis
565 925 612 977 ac
654 898 741 978 aliis
782 896 1010 978 excessibus
1052 898 1267 1007 inquisicio
1307 903 1349 978 8(
1390 898 1589 978 correctio
1628 893 1801 1006 diligens
1842 897 2090 982 habeatur..

297 1011 404 1091 hanc
433 1013 557 1118 igitur
585 1025 721 1088 nostre
749 1007 1054 1091 constitucionis
1083 1010 1269 1117 paginam
1305 1035 1398 1088 curu
1431 1007 1584 1088 effectu
1619 1010 1828 1117 cupientes
1870 1009 1923 1090 ab
1969 1011 2090 1090 omni-

297 1123 376 1204 hus
404 1121 616 1202 obseruari
641 1138 723 1202 tam
754 1121 886 1230 sigillo
915 1133 1056 1200 nostro
1083 1147 1205 1229 quam
1248 1117 1382 1226 sigillo
1426 1119 1593 1227 capituli
1637 1118 1804 1202 fecimus
1856 1122 2091 1202 communiri

300 1234 448 1364 1)an
477 1239 516 1313 8(
545 1249 678 1314 actum
707 1258 814 1314 anno
842 1231 996 1316 domini
1024 1229 1248 1356 MCCLXX
1276 1227 1456 1354 secundo
1484 1231 1526 1310 in
1555 1230 1680 1340 tercia
1709 1229 1776 1312 die
1804 1231 1964 1341 pasche.

279 1620 438 1775 562.
909 1614 1182 1770 ,¹1272d.
1232 1612 1476 1778 adApr.
1559 1735 1562 1758 Ι
1802 1735 1805 1742 ,
1892 1735 1897 1740 ,
1979 1617 2088 1729 Brc.

324 1835 328 1844 '
383 1841 463 1903 Birt.
484 1837 616 1902 Harmas
637 1839 647 1897 i
668 1834 842 1919 Liiliiping
862 1833 969 1916 stadga
990 1846 1037 1898 att
1056 1833 1302 1921 brarianyvigd
1312 1796 1593 1907 Prostrhullein
1615 1835 1652 1899 dr
1663 1835 1716 1900 vid
1731 1835 1940 1922 Dourlyrkan
1960 1835 2090 1902 iubant:

346 1975 363 1990 .,
435 1920 608 1984 ltnucdorn
630 1922 640 1980 i
661 1919 1046 2001 embetslb'ma'tttningame.

1828 1997 1858 2057 B·
1873 2000 1902 2067 ἃ(
1923 2001 1964 2071 tl.

444 2142 544 2222 ·He.
573 2146 646 2222 &a
674 2116 887 2220 'Vniuersa
913 2102 957 2219 in
986 2135 1160 2216 Ciuitate
1189 2163 1234 2218 ac
1264 2134 1428 2246 dyocesi
1468 2165 1541 2218 sua
1581 2136 1814 2220 constitutis
1853 2135 2028 2218 salutem
2052 2137 2089 2220 in

302 2257 470 2342 dominc
495 2254 609 2334 ihesu
637 2252 789 2332 christo
818 2249 920 2329 Cum
936 2241 1062 2354 officij
1077 2247 1205 2328 nostri
1220 2245 1452 2332 sollicitudo
1468 2265 1652 2350 teneatur
1666 2247 1938 2356 negligentias
1954 2249 2089 2332 tollere

301 2368 558 2450 subditorum
585 2391 645 2464 ac,
660 2361 926 2466 correccionis
960 2357 1055 2458 lima
1082 2356 1340 2466 torpentibus
1354 2361 1543 2470 apposita
1569 2359 1612 2441 in
1639 2375 1787 2460 statum
1803 2359 2008 2470 integrum
2034 2387 2090 2442 re·

303 2480 451 2564 ducere
479 2476 633 2584 pariter
659 2470 1005 2580 &tranquillum
1035 2472 1119 2552 Nos
1143 2466 1331 2552 evidentes
1359 2469 1557 2580 quosdam
1593 2469 1706 2581 quod
1742 2465 1926 2562 dolentes
1954 2469 2090 2553 referi·
2190 2557 2191 2566 g

303 2617 404 2677 mus.
434 2602 604 2696 accepto
630 2587 734 2668 sacri
761 2583 1053 2694 presbiteratus
1073 2579 1217 2662 ordine
1246 2586 1287 2663 in
1316 2599 1468 2663 tantam
1498 2581 1634 2663 efferri
1663 2583 1850 2690 protinus
1871 2580 2088 2664 alarionem

304 2721 365 2786 ut
380 2698 664 2782 instruccionis
691 2695 842 2776 monita
870 2695 914 2772 in
941 2691 1269 2774 administrandis
1296 2694 1419 2774 sacris
1449 2699 1488 2772 8(
1528 2693 1662 2774 officio
1702 2690 1867 2774 domino
1909 2691 2089 2776 faciendo

304 2815 509 2921 susci-pere
537 2807 807 2915 dedignentur
835 2811 874 2886 8(
901 2827 985 2884 sese
1014 2802 1265 2912 dampnabili
1293 2805 1542 2916 negligencia
1565 2819 1771 2912 torpentes
1799 2805 1843 2884 in
1870 2804 2088 2886 salutissue

306 2925 472 3038 proprie
493 2919 720 3029 ‘perniciem
749 2944 796 2996 ae
824 2911 1080 3024 subditorum
1108 2940 1192 2995 non
1220 2915 1422 2998 modicum
1450 2913 1675 3024 perieulum
1704 2912 1844 3026 diuina
1872 2915 2089 2998 irreuereu·

274 3056 368 3120 ,ιον
397 3032 679 3131 administrant
706 3027 802 3108 huic
830 3023 974 3112 morbo
1005 3042 1086 3106 tarn
1114 3023 1307 3135 pestilera
1336 3025 1487 3108 irrederi
1515 3029 1722 3136 cupientes
1750 3052 1801 3106 ex
1830 3053 2022 3108 consensu
2050 3030 2091 3107 8(

300 3147 475 3230 consilio
504 3141 669 3252 capituli
697 3139 826 3220 nostri
857 3165 979 3244 super
1008 3137 1086 3216 hoc
1115 3136 1250 3216 taliter
1279 3136 1467 3224 duximus
1515 3134 1773 3234 statuendum
1818 3151 1880 3217 vt⁴
1909 3137 2091 3220 decetero

303 3285 379 3370 per
407 3282 482 3335 nos
510 3255 554 3335 in
582 3251 894 3361 presbiteratum
924 3247 1203 3356 promouendi.
1221 3247 1313 3356 data
1340 3247 1420 3330 fide
1449 3248 1500 3359 ad
1528 3247 1715 3331 standum
1743 3249 1786 3327 in
1815 3245 1943 3330 choro
1971 3248 2092 3330 linco·

303 3369 419 3480 pensi
447 3394 521 3474 per
549 3364 694 3444 salario
723 3363 846 3441 trium
875 3359 1129 3439 marcharum
1158 3363 1198 3438 8(
1226 3351 1467 3442 victualium
1488 3351 1675 3468 ¹expensis
1710 3383 1784 3467 per
1800 3356 2012 3440 biennium
2024 3359 2090 3441 ob·

307 3483 484 3590 ligentur
527 3473 681 3562 ibidem
719 3470 954 3574 obedienter
981 3470 1264 3553 instruccionis
1294 3499 1406 3553 sacre
1435 3471 1601 3552 formam
1633 3475 1673 3550 8(
1701 3469 1848 3552 deuote
1868 3475 2090 3582 suscepturi

306 3612 353 3682 ut
380 3592 437 3672 sic
464 3591 507 3667 in
531 3583 936 3684 ‘statuzsubieccionis
964 3583 1210 3692 conquirant
1238 3581 1340 3694 quid
1368 3584 1411 3662 in
1438 3581 1670 3690 prelacione
1711 3581 1835 3689 positi
1874 3581 2001 3688 digne
2027 3611 2090 3663 ra·
2123 3597 2128 3605 '

308 3705 416 3785 leant
444 3697 617 3781 subditis
645 3695 838 3802 seminare
867 3694 944 3774 nisi
971 3692 1021 3773 de
1050 3693 1217 3774 licencia
1247 3693 1409 3773 illorum
1437 3693 1487 3775 de
1516 3687 1642 3774 choro
1671 3691 1821 3802 quibus
1862 3690 1944 3772 hoc
1989 3721 2089 3774 coru·

307 3815 503 3896 mittimus
532 3807 583 3890 ad
613 3809 840 3916 prepositos
867 3805 1021 3885 remissi
1049 3804 1099 3883 de
1128 3805 1319 3908 premissa
1347 3802 1599 3914 obligacione
1634 3803 1784 3883 fuerint
1822 3800 2002 3884 absoluti
2030 3804 2088 3883 uel

307 3925 567 4013 commissam,
585 3946 722 3998 curam
750 3914 968 3996 habuerint
996 3914 1219 3992 animarum
1248 3917 1431 3996 Pretcrea
1447 3915 1543 4023 quia
1557 3943 1606 3996 ex
1622 3910 1879 4025 quorundam
1896 3913 2089 3996 relacione

293 4037 518 4120 didicimus
547 4031 716 4111 vicarios
743 4026 1194 4128 dominorumsuorum
1221 4026 1373 4104 monita
1402 4023 1665 4132 dedignantes
1692 4029 1732 4103 8(
1753 4020 1902 4106 eisdem
1930 4025 2090 4108 obedire

304 4153 349 4232 in
375 4144 553 4244 honestis
581 4146 621 4220 8(
649 4141 767 4221 licitis
782 4151 1115 4246 contempnentes
1127 4133 1416 4251 copducoicnis
1429 4163 1499 4217 sue
1514 4136 1703 4246 salarium
1719 4130 1935 4217 extendere
1950 4155 1996 4216 ut
2011 4137 2088 4244 ple

306 4261 425 4344 banis
440 4263 480 4338 8(
493 4250 992 4356 rectoribusecclesiarum
1010 4247 1086 4328 uisi
1099 4247 1185 4326 sbla
1199 4245 1428 4329 sollicitudo
1456 4274 1602 4354 parum,
1612 4262 1682 4326 aut
1696 4243 1820 4328 nichil
1836 4247 2089 4342 emolumenti

305 4373 356 4456 de
385 4372 468 4452 suis
496 4365 709 4476 parochiis,
726 4361 942 4472 proueniat
970 4363 1010 4437 8(
1036 4357 1209 4467 capellis.
1238 4359 1291 4438 Et
1318 4361 1374 4440 sic
1403 4357 1544 4441 melior
1571 4355 1732 4456 videtur
1750 4355 1938 4462 condicio
1953 4357 2090 4466 vicarij

307 4509 432 4591 quam
459 4475 625 4590 plebani
653 4477 737 4555 Nos
765 4475 902 4581 itaque
931 4470 1111 4574 volentes
1155 4471 1332 4578 prelatos
1380 4469 1550 4550 vicarios
1569 4509 1571 4516 ⁴
1593 4467 1768 4571 dominis!
1806 4469 1888 4547 suis
1916 4467 2092 4554 debitam

192 4585 195 4590 ’
307 4592 581 4672 reuerenciam
605 4591 648 4668 8(
676 4580 950 4668 obedienciam
978 4581 1181 4666 exhibere.
1212 4585 1313 4662 Cum
1342 4582 1530 4661 miserum
1558 4579 1609 4658 sit
1637 4578 1751 4660 illurn
1780 4581 2010 4688 magistrari
2023 4583 2093 4690 qui

293 4724 351 4799 ,se
369 4726 601 4809 numquam
629 4697 745 4778 nouit
771 4692 919 4790 subici,
950 4709 994 4773 vt
1021 4721 1112 4773 cum
1141 4691 1278 4774 diuina
1305 4691 1439 4800 gracia
1467 4690 1620 4774 fuerint
1648 4690 1701 4771 ad
1729 4689 1919 4770 alciorem
1947 4707 2094 4773 statum

304 4813 470 4908 ¹euocati
488 4809 549 4890 ab
566 4809 663 4896 ¹aliis
691 4805 830 4890 eadem
858 4802 1124 4887 subieccionis
1153 4803 1347 4914 obsequia
1374 4801 1595 4912 suscipiant
1622 4830 1703 4913 que
1734 4803 1777 4880 in
1811 4800 1994 4882 inferiori
2021 4831 2095 4911 po·

305 4926 375 5012 siti
395 4920 619 5017 humiliter·
635 4947 743 5003 nunc
765 4915 1005 5014 exsoluunt,
1034 4915 1096 4998 Ex
1125 4939 1320 5005 consensu
1349 4915 1390 5000 &
1416 4912 1586 5030 consilio
1624 4912 2095 5030 prenominaticgpituli

277 5041 312 5111 “.
398 5092 404 5132 ‚
536 5081 566 5122 a
737 5087 739 5094 ·
1729 5023 1889 5112 nostri
