4406 5966
992 399 1647 541 ⁴7¹.⁶'·'

303 619 386 710 tem
417 627 656 710 concessisse
684 642 731 707 ut
759 628 871 708 curie
901 653 1042 708 eorum
1069 629 1114 708 in
1141 626 1293 736 quibus
1319 625 1506 708 habitant
1534 631 1574 708 &
1602 627 1736 710 incole
1749 625 1986 739 prediorum
2014 653 2093 737 pre·

302 739 387 818 fate
415 738 580 820 ecclesie
608 741 757 820 nostris
784 739 1040 820 exactoribus
1069 765 1153 820 non
1181 737 1433 820 subiaceant.
1457 738 1529 820 Set
1555 755 1693 821 nostra
1711 739 1935 822 donacione
1950 740 1997 819 in
2010 765 2094 820 can·

300 851 354 930 sis
381 853 502 959 regiis
515 875 770 962 quecumque
785 850 1022 932 emerserint
1049 851 1230 958 ipsorum
1260 850 1463 958 pertineat
1477 852 1730 934 correctioni.
1759 853 1890 932 Huius
1918 875 2018 933 vero
2031 848 2093 931 do·

300 964 482 1045 nacionis
510 979 647 1042 nostre
677 977 798 1044 testes
826 979 920 1043 sunt
947 963 1021 1072 qui
1049 961 1334 1042 interfuerunt.
1363 961 1552 1043 dominus
1588 961 1816 1045 laurencius
1858 962 2092 1070 lincopiensis

303 1075 528 1184 episcopus.
558 1071 746 1154 dominus
773 1071 950 1154 karolus.
979 1071 1169 1153 dominus
1211 1075 1355 1154 Joarus
1384 1070 1571 1154 dominus
1592 1101 1761 1184 magnus
1787 1073 1944 1182 legifer.
1975 1071 2093 1153 Muni-

300 1214 390 1267 mus
420 1200 556 1266 autem
583 1184 737 1276 litteras
765 1199 971 1292 presentes
998 1183 1119 1292 sigilli
1147 1185 1279 1266 nostri
1306 1185 1537 1266 testimonio
1565 1201 1612 1267 ut
1640 1187 1684 1266 in
1712 1185 1918 1296 presencia
1950 1199 2097 1264 nostro·

301 1325 392 1378 rum
420 1314 655 1378 exactorum
689 1297 831 1376 uiuum
856 1293 1175 1402 &perhennem
1218 1295 1393 1378 habeant
1427 1293 1629 1378 effectum.
1657 1298 1806 1380 Datum
1827 1297 2014 1406 lincopie
2040 1323 2096 1376 an·

301 1435 358 1489 no
387 1407 440 1489 ab
469 1407 753 1490 incarnacione
775 1405 930 1528 domini
958 1405 1170 1488 Millesimo
1198 1407 1277 1488 CC.

214 1777 254 1832 ·.
308 1611 457 1800 864.Ι
528 1736 531 1748 ·
928 1686 1080 1815 1274
1127 1667 1175 1774 d.
1226 1707 1299 1777 ao
1343 1669 1485 1819 Sept.
1653 1680 1656 1686 ’
1947 1671 2102 1820 Lyon.

386 1893 481 2038 resp
498 1891 674 2038 gaianum
695 1895 751 1960 ns
772 1893 982 1958 ssi-esuum·
1002 1891 1052 1956 m·
1073 1894 1149 1970 aaa,
1170 1891 1218 1956 nn
1238 1889 1430 1956 numina
1450 1891 1488 1957 n
1503 1891 1614 1977 sanga
1638 1891 2104 1980 comprandendum

461 1995 498 2037 01·
534 1996 614 2040 man.
1196 2031 1202 2042 .
1716 2041 1719 2048 ,

1782 2056 1816 2114 Ia.
1840 2061 1984 2116 10:1005.

378 2215 385 2224 ·
470 2171 704 2276 Graeceius
733 2197 981 2305 Episcopus,
1025 2193 1166 2276 servus'
1209 2219 1421 2274 servorum
1461 2193 1558 2290 Dei,
1601 2191 1759 2276 Dilecto
1801 2194 1886 2276 lilio
1915 2193 2106 2305 Magistra

303 2301 553 2412 Bajamundo
582 2301 632 2386 de
661 2306 771 2386 Vitia
799 2307 1009 2387 Canonico
1037 2303 1208 2399 Astcnsi,
1236 2304 1461 2413 Capellano
1488 2301 1626 2386 dilecti
1654 2304 1727 2386 filii
1754 2307 1885 2388 nostri
1913 2332 1955 2386 v.
1986 2306 2107 2386 sanni

177 2477 180 2484 f
302 2415 508 2498 Eustachii
537 2415 709 2498 Diaconi
738 2416 967 2500 Cardinalis
995 2417 1164 2500 salutem
1192 2419 1233 2496 &
1260 2416 1527 2526 apostolicam
1553 2414 1890 2498 benedictionem.
1947 2418 2107 2520 Qvanto

303 2528 533 2610 estimamus
554 2527 771 2637 negotium
798 2546 918 2612 terrae
946 2543 1094 2611 sanctae
1121 2524 1381 2636 solempnius,
1414 2533 1646 2639 qvantoqve
1663 2529 1787 2638 magis
1815 2525 1969 2608 insidet
2001 2526 2109 2610 cordi

302 2655 464 2737 nostro,
492 2653 608 2721 tanto
636 2639 809 2750 amplius
838 2638 891 2722 ad
918 2640 1198 2720 executionem
1225 2638 1351 2747 ipsius
1379 2643 1420 2720 &
1446 2665 1668 2750 eorumqve
1685 2655 1872 2750 spectant
1893 2635 1951 2720 ad
1981 2639 2110 2750 ipsum

303 2776 499 2862 personas
526 2745 758 2859 idonejores
786 2751 1053 2862 exquirimus,
1088 2747 1192 2830 illud
1233 2750 1464 2860 specialiter
1490 2751 1533 2831 in
1561 2777 1700 2833 earnm
1745 2748 1974 2833 idoneitate
2021 2777 2112 2860 qve·

302 2879 451 2960 rentes,
481 2876 527 2941 ut
554 2858 746 2972 lidelitate
776 2892 823 2946 ac
851 2860 1070 2972 prudentia
1090 2862 1259 2969 vigeant
1290 2863 1444 2946 &zelo
1472 2861 1653 2946 ferveant
1681 2860 1734 2943 a'd
1763 2860 1869 2944 idem
1897 2862 2109 2970 negotium

300 2970 642 3084 proseqvendum.
671 2976 766 3056 Haec
795 2973 847 3058 de
874 3001 1048 3084 persona
1076 2987 1147 3052 tua
1175 2970 1379 3054 laudabile
1407 2973 1526 3055 nobis
1553 2973 1827 3056 testimonium
1857 2999 1880 3052 a
1911 2973 2001 3054 lide
2032 2971 2109 3081 dig-

302 3085 368 3166 nis
401 3083 629 3182 exhibitum
662 3085 892 3195 pollicetur.
948 3087 1052 3166 Cum
1080 3084 1230 3194 itaqve,
1258 3088 1515 3194 approbante
1542 3112 1658 3166 sacro
1700 3083 1894 3174 Generali
1925 3085 2113 3166 Concilio

302 3220 437 3304 nuper
469 3212 717 3306 congregato
745 3194 956 3306 Lugduni,
985 3196 1180 3280 decimam
1209 3197 1388 3276 omnium
1417 3196 1775 3279 ecclesiasticorum
1803 3194 2113 3279 reddituum&

303 3319 578 3416 proventuum
606 3305 658 3388 ad
686 3323 805 3390 terrae
840 3306 1035 3417 predictae
1061 3304 1284 3388 subsidium
1315 3335 1387 3415 per
1419 3335 1489 3390 sex
1532 3333 1661 3390 annos
1689 3335 1713 3388 a
1741 3306 1844 3390 festo
1888 3309 2113 3390 nativitatis

264 3487 268 3492 .
303 3417 416 3498 Beati
451 3417 645 3502 lobannis
671 3417 860 3527 Baptistae
888 3433 1090 3499 transacto
1132 3419 1347 3498 novissime
1388 3419 1661 3502 numerandos
1694 3417 1937 3500 duxerimus
1973 3447 2114 3502 conce·

305 3523 499 3626 desdam
528 3524 763 3610 discretioni
791 3548 889 3630 tuae,
918 3529 1165 3638 presentium
1193 3529 1454 3626 auctoritate,
1481 3529 1737 3628 mandamus,
1779 3547 1982 3641 qnatenus
2006 3539 2108 3638 prin·

305 3636 423 3720 dictae
452 3635 614 3718 decimae
642 3639 868 3748 colligendo
896 3641 939 3720 in
968 3639 1158 3721 omnibus
1187 3641 1370 3747 partibus
1398 3641 1529 3747 Regni
1565 3643 1711 3723 Scotioe
1730 3641 1970 3753 subscripto
1990 3641 2114 3724 modo

305 3749 474 3832 sollicite
499 3776 639 3831 curam
667 3777 800 3858 geras,
828 3749 1015 3833 videlicet
1042 3766 1089 3831 ut
1117 3751 1161 3829 in
1189 3751 1355 3858 singulis
1390 3750 1624 3834 civitatibus
1658 3757 1699 3832 &
1727 3750 1959 3836 diecesibus
2000 3755 2120 3866 regni

305 3858 488 3970 ejusdem
516 3857 568 3942 de
596 3863 764 3943 consilio
794 3861 977 3942 locorum
1005 3858 1221 3958 ordinarii,
1251 3878 1321 3942 aut
1349 3861 1456 3942 vices
1483 3864 1662 3971 gerentis
1681 3863 1715 3945 si
1730 3861 2002 3948 dioecesanus
2030 3870 2121 3976 ipse

306 3972 451 4054 absens
480 3968 620 4068 fuerit,
650 3976 694 4051 &
719 3970 894 4055 duorum
922 3970 1001 4052 fide
1022 3970 1239 4079 dignorum
1267 3971 1318 4054 de
1347 3971 1525 4060 Ecclesia
1549 3973 1779 4057 Cathedrali
1793 3979 2124 4060 constitutorum

306 4085 350 4165 in
378 4081 644 4191 dignitatibus
672 4109 745 4168 seu
773 4083 943 4165 aliorum
971 4081 1105 4194 qvoad
1135 4111 1219 4164 non
1259 4101 1485 4193 exemptos,
1558 4083 1665 4169 voad
1693 4105 1907 4197 exemptos
1936 4117 2045 4171 vero
2078 4089 2126 4172 de

305 4193 477 4277 consilio
504 4192 732 4304 aliqvorum
760 4194 985 4304 proborum
1014 4193 1064 4276 de
1092 4212 1303 4276 contractu
1332 4194 1502 4304 deputes
1528 4114 1558 4277 d

306 4305 478 4402 tatibus,
507 4305 541 4386 si
568 4302 670 4384 tales
697 4307 977 4404 inveniantur,
1013 4304 1232 4388 commodae
1260 4333 1307 4386 ac
1335 4305 1490 4390 idoneae
1517 4305 1572 4388 ad
1599 4309 1850 4391 collectionis
1878 4309 2130 4422 hujusmodi

306 4417 570 4498 ministerium
598 4416 888 4526 exeqvendum.
922 4416 1167 4498 Collectores
1181 4445 1298 4512 vero,
1327 4443 1439 4528 qvos,
1455 4431 1502 4497 ut
1521 4421 1794 4527 praemittitur,
1812 4421 2062 4531 deputabis,
2091 4431 2131 4508 in

305 4524 437 4607 forma
465 4525 601 4634 jurare
629 4525 752 4608 facias
780 4526 887 4609 infra
914 4531 1078 4638 scripta,
1094 4535 1193 4609 &tu
1208 4526 1468 4608 nihilominus
1495 4557 1667 4640 regnum
1695 4536 1735 4611 &
1763 4549 1909 4641 partes
1940 4537 2131 4647 ejusdem

306 4638 505 4731 circueas,
534 4635 767 4745 diligentius
795 4651 1061 4736 scrutaturus,
1089 4638 1261 4749 qualiter
1289 4640 1332 4719 in
1360 4641 1579 4726 commissae
1606 4641 1684 4723 sibi
1712 4642 1835 4725 dictae
1866 4645 2132 4734 collectionis

284 4746 444 4830 'allicio
472 4744 593 4827 iidem
619 4775 662 4827 se
695 4745 873 4829 habeant
901 4749 1156 4847 collectores,
1196 4747 1368 4859 qvaliter
1408 4752 1505 4859 ipsis
1535 4750 1586 4834 de
1615 4749 1770 4855 decima
1799 4759 2003 4860 satisfiat,
2053 4761 2134 4847 col·

306 4857 529 4966 lecumqve
561 4884 638 4966 per
665 4858 755 4939 illos
784 4886 833 4940 ex
860 4858 1015 4941 decima
1044 4859 1131 4968 ipsa
1158 4861 1372 4967 pecuniam
1401 4858 1452 4943 de
1480 4860 1791 4973 praedictorum‚
1824 4871 2073 4976 ordinarii,
2100 4881 2136 4957 ἃ

307 4965 477 5050 aliorum
506 4967 676 5052 consilio
704 4967 829 5054 facias
860 4995 936 5079 per
962 4967 1197 5054 collectores
1225 4969 1444 5057 eosdemin
1458 4975 1555 5060 tutia
1585 4973 1702 5079 locis,
1731 4975 1798 5064 vel
1831 4979 1937 5068 loco
1967 4985 2135 5106 deponi

2139 1 2143 4 ¹
2172 25 2180 136 l

2177 329 2180 460 l

2176 643 2180 760 ί

1561 4226 1631 4278 uas
1654 4225 1848 4308 personas
1877 4198 1965 4281 fide
1992 4203 2127 4284 facul·
2178 4225 2180 4290 ³
