4382 5964
45 527 136 618 ,.
1034 471 1455 560 ..ssc-

45 669 52 770 i
280 669 288 678 ⁶
348 695 598 796 cellerarius,
624 711 671 778 vt
697 692 852 780 dietum
878 711 941 782 cst
968 695 1046 780 sub
1073 695 1380 782 ordinacionem
1406 722 1521 780 suam
1549 697 1592 778 8(
1616 693 1920 807 prouidenicam
1953 701 2097 814 recipiat,

100 833 102 836 ·
236 875 241 885 ,
289 863 293 873 ·
348 819 391 898 8(
417 813 460 894 in
486 807 694 942 predium,
721 807 785 892 rel
814 805 915 892 alios
942 807 1203 893 talcs‘certos
1230 808 1434 908 redditus,-
1461 835 1556 892 cum
1585 810 1690 894 scitu
1717 835 1876 920 semper
1903 813 1953 892 8(
1971 814 2098 900 comilis

49 964 54 977 ·
343 924 505 1010 domim
530 919 732 1004 skarcusis
761 926 800 1004 8(
828 920 1017 1006 aduocati
1031 919 1204 1018 ibidem-
1224 937 1450 1005 concertat.
1478 919 1531 1004 da
1559 919 1711 1033 quibus
1726 921 1934 1007 annuatim
1959 920 2017 1006 die
2037 925 2097 1010 obi·

346 1053 415 1121 tus
442 1035 592 1132 nostri,
619 1034 663 1114 in
691 1051 954 1142 perpetuum,
983 1061 1063 1116 vna
1091 1032 1324 1145 sollempnis
1360 1034 1539 1143 pitancia
1567 1048 1814 1143 procuretur
1842 1031 2035 1118 ilratribus
2054 1064 2096 1120 su·

345 1161 605 1264 prenotatam
631 1141 919 1254 suffragiorum
945 1144 1286 1256 sollempnitatem
1313 1163 1413 1229 tunc
1427 1171 1505 1256 pro
1526 1143 1646 1228 nobis
1672 1143 1907 1236 nullatenus
1933 1149 2097 1233 omissuri

347 1256 578 1371 &siquid
605 1253 811 1340 residuum
837 1255 974 1340 luerit
1003 1257 1082 1340 hoc
1109 1257 1181 1342 illo
1210 1285 1321 1339 anno
1345 1283 1423 1367 pro
1450 1255 1704 1340 infirmorum
1722 1253 1911 1338 li'ratrum
1937 1261 2096 1340 necessita·

346 1371 459 1456 tibus
487 1383 690 1478 erogetur.
718 1373 760 1450 8(
774 1365 828 1449 ad
855 1366 934 1451 hoc
961 1370 1049 1480 ipse
1076 1369 1193 1479 prior
1220 1369 1285 1452 vel
1301 1368 1554 1468 cellerarius,
1567 1369 1818 1480 quicumque
1847 1369 1893 1450 in
1918 1367 1984 1450 illo
2007 1369 2097 1452 officio

329 1483 474 1580 ,luerit
500 1480 555 1563 ad
582 1479 697 1592 qnod
724 1477 843 1563 dicte.
871 1482 985 1563 CCC.
1013 1479 1188 1566 Marche.
1216 1478 1467 1563 deuenerint.
1497 1480 1664 1564 firmiter
1695 1496 1909 1576 teneatur,
1936 1479 1984 1561 Et
2006 1479 2096 1562 nhc

347 1613 487 1680 nostra
516 1590 728 1676 ordinacio
756 1596 797 1673 8(
823 1591 964 1672 ultima
991 1591 1179 1676 voluntas
1209 1591 1544 1702 irrefragabiliter
1572 1597 1615 1674 8(
1641 1591 1729 1676 sine
1742 1591 2010 1675 subtractione
2032 1619 2097 1702 qu·

349 1709 450 1793 libet
478 1703 730 1788 obseruetur.
758 1701 945 1786 volumus
973 1703 1086 1816 quod
1125 1703 1234 1788 istud
1275 1705 1382 1786 inter
1411 1707 1520 1818 ipsos
1562 1702 1782 1788 monachos
1811 1705 1857 1785 in
1885 1704 2039 1812 registro
2060 1730 2098 1784 re

204 1875 211 1900 ,
348 1817 530 1929 digatur,
558 1821 598 1896 8(
625 1815 668 1895 in
695 1815 849 1923 scripto
875 1813 927 1896 ad
957 1835 1193 1927 perpetuam
1220 1815 1280 1898 rei
1336 1832 1420 1898 este
1455 1817 1708 1912 memoriam,
1741 1814 1917 1925 posteris
1942 1814 2099 1924 relinqua·

348 1947 429 2014 tur.
457 1931 563 2009 Jtem
590 1924 766 2010 Ecclesia
793 1924 1006 2036 vpsalensi.
1036 1929 1180 2010 llllzor
1202 1927 1311 2010 Marc
1386 1988 1396 2009 .
1425 1929 1519 2038 puri
1547 1929 1599 2012 de
1627 1925 1779 2040 quibus
1808 1925 1881 2008 liat
1910 1925 1971 2008 rel
2020 1951 2098 2006 recu

184 2044 191 2054 '
347 2058 484 2138 retur,
516 2065 641 2149 supra
670 2039 797 2119 maius
824 2039 967 2138 altare,
996 2067 1087 2147 yma
1117 2067 1144 2122 o
1171 2040 1341 2149 virginis
1369 2039 1553 2151 gloriose.
1590 2041 1697 2122 Jtem
1739 2037 1918 2120 Ecclesie
1954 2036 2098 2118 skareui.
2147 2079 2149 2092 2

348 2154 489 2236 lllI:or
515 2148 710 2232 Marchas.
740 2151 854 2259 puri,
883 2177 961 2259 pro
990 2069 1147 2261 pixiie,
1176 2151 1227 2234 ad
1243 2150 1506 2236 deferendum
1520 2179 1672 2262 corpus
1686 2149 1934 2233 dominicum
1947 2147 2099 2258 proioir

349 2265 435 2347 risis.
463 2262 567 2344 Jtem
595 2260 771 2343 Ecclesie
785 2260 1021 2371 lincopensi.
1058 2265 1199 2345 IIIlzor
1212 2261 1395 2346 Marchas
1423 2265 1518 2373 puri
1547 2289 1623 2372 pro
1650 2262 1793 2360 calice,
1822 2289 1913 2344 cum
1941 2285 2015 2370 quo
2031 2285 2099 2340 sen·

348 2404 425 2488 per
451 2399 576 2486 super
594 2375 723 2454 maius
744 2371 872 2454 altare
893 2370 1150 2458 celebrentur
1176 2375 1294 2458 misse
1322 2375 1374 2458 de
1401 2375 1583 2457 mortuis
1611 2376 1970 2486 quocienscunque
1995 2396 2045 2451 eas
2064 2367 2100 2448 ihi

349 2487 567 2597 contigerit
580 2483 788 2567 celebrari.
815 2485 919 2568 item
935 2485 1112 2568 Ecclesia
1126 2487 1418 2597 strengenensi.
1449 2487 1591 2570 llllzor
1605 2483 1788 2567 Marcbas
1816 2485 1923 2594 puri.
1950 2509 2018 2592 pro
2038 2480 2098 2560 tlu·
2148 2535 2149 2538 κ

348 2599 487 2684 ribulo
515 2593 787 2709 procurando.
843 2597 948 2678 Jtem
977 2597 1155 2680 Ecclesie
1182 2599 1387 2680 arosiensi.
1415 2613 1605 2680 ornatum
1640 2596 1789 2678 altaris.
1841 2595 1947 2676 item
1972 2591 2098 2673 Ecclesie

349 2708 554 2794 finlandie.
595 2707 740 2788 IIII:or
768 2705 963 2790 Marchas.
990 2711 1099 2904 puri.
1143 2737 1221 2820 pro
1259 2709 1383 2792 calice
1421 2707 1475 2791 ad
1502 2709 1631 2790 maius
1671 2707 1810 2788 altare.
1842 2709 1885 2786 8(
1913 2702 2032 2814 pixide
2051 2724 2098 2809 pro

237 2891 240 2901 ,
303 2911 307 2926 .
352 2849 467 2905 sacra
495 2817 734 2904 eucharistia
762 2845 987 2901 conseruari

120 2925 132 2934 ⁸
350 2932 617 3029 cotidianam,
645 2947 846 3013 ornatum.
877 2931 1028 3014 scilicet
1056 2933 1210 3030 altaris,
1238 2931 1475 3014 indumenta
1506 2931 1648 3013 Rubea
1676 2936 1715 3012 8(
1742 2946 1826 3010 tres
1855 2953 2012 3038 cappas,
2034 2949 2098 3034 qu·

350 3073 443 3128 rum
470 3070 567 3141 vna,
595 3040 755 3140 viridis,
785 3045 838 3124 8(
854 3041 934 3124 due
962 3044 1081 3126 rubei
1109 3059 1205 3126 sunt
1226 3043 1384 3127 coloris.
1412 3045 1517 3126 Jtem
1530 3041 1701 3153 singulis
1722 3040 1932 3137 Claustris,
1959 3034 2097 3119 tandm

350 3174 465 3240 uum
490 3155 713 3250 Miaccum,
740 3179 863 3264 quam
890 3151 1078 3236 liratrum
1092 3154 1413 3265 predicatorum,
1443 3181 1568 3266 quam
1582 3155 1704 3236 enam
1724 3153 1965 3263 griseorum,
1989 3170 2097 3229 amru

350 3272 393 3350 8(
419 3265 672 3362 monialium,
700 3265 744 3347 in
771 3291 900 3376 regno
927 3282 1080 3349 nostro.
1108 3283 1202 3349 tres.
1231 3265 1427 3350 Marchas.
1486 3269 1562 3348 uri.
1604 3269 1710 3348 Jtem
1743 3263 1917 3373 singulis
1944 3256 2098 3369 hospital·

350 3377 443 3467 bus.
471 3376 574 3458 duas
600 3375 796 3457 Marchas.
826 3376 1000 3486 argenti,
1028 3375 1080 3459 ad
1111 3377 1415 3461 ordinacionem
1472 3378 1660 3485 yocesani
1689 3376 1901 3486 Episcopi,
1930 3399 1999 3488 pro
2020 3367 2098 3450 vesti

350 3487 432 3570 bus
459 3487 723 3570 infirmorum.
751 3488 854 3568 Jtem
882 3488 1051 3598 singulis
1077 3488 1254 3572 ecclesiis
1281 3490 1325 3569 in
1356 3513 1532 3601 quarum
1560 3487 1787 3599 parrochijs
1814 3502 1916 3568 sunt
1942 3486 2033 3566 bona
2053 3503 2099 3558 no

352 3617 455 3698 stra,
483 3599 570 3681 siue
597 3599 896 3707 patrimonialia
925 3601 1011 3681 siue
1030 3625 1194 3684 corone.
1223 3602 1294 3683 ΙΙΙ.
1321 3599 1517 3684 Marchas.
1546 3601 1723 3710 argenti,
1751 3625 1927 3709 quarum
1961 3591 2099 3676 medietas

352 3709 473 3796 cedat
500 3711 665 3793 ecclesie
693 3737 770 3819 pro
799 3709 1068 3794 luminaribus
1095 3716 1136 3793 8(
1163 3711 1355 3795 medietas
1396 3710 1609 3794 sacerdoti.
1665 3715 1745 3793 Pro
1773 3711 1943 3791 istorum
1971 3705 2100 3788 omniun

354 3822 576 3920 solutione,
606 3825 651 3904 in
677 3822 913 3929 westgocia,
942 3837 1023 3903 tam
1053 3825 1229 3906 Ecclesie
1261 3822 1502 3920 kathedrali,
1519 3851 1642 3934 quam
1657 3821 1747 3930 alijs
1776 3822 1895 3916 locis,
1910 3821 2102 3926 assignamus

353 3950 557 4018 monetam
584 3932 824 4014 skarensem.
852 3934 904 4015 Jn
926 3935 1115 4042 dstgocia.
1144 3951 1345 4019 monetam
1372 3934 1648 4044 suthercopie,
1677 3932 1933 4044 slriaeningie,
1961 3938 1995 4010 8(
2018 3929 2103 4010 iuno

262 4181 268 4190 -
354 4043 2104 4240 tiliiltutudit?tramttttdl?tlimldtl‘ulltldl,ll

356 4283 433 4366 cet,
461 4257 576 4378 quod
603 4265 777 4378 quilibet
806 4184 1032 4378 Episcopi-s
1061 4269 1104 4350 in
1133 4296 1206 4354 sua
1234 4267 1408 4378 dyocesi.
1419 4185 1712 4352 pCancellairius
1741 4281 1898 4364 noster,
1928 4215 2038 4374 atqirc
2058 4256 2104 4339 da·

357 4379 480 4489 piler,
528 4405 621 4461 cum
669 4381 895 4460 monetario
944 4407 1067 4490 super
1117 4373 1274 4462 collatis
1321 4384 1362 4461 8(
1409 4383 1616 4491 expensis,
1665 4380 1842 4490 erogatis
1892 4384 1934 4458 8(
1981 4395 2104 4479 erogat·

356 4489 439 4588 dis,
469 4491 817 4602 computacionem
845 4507 1028 4590 teneant,
1057 4517 1271 4603 quousque
1291 4492 1335 4572 in
1363 4489 1537 4574 solidum
1565 4492 1690 4574 fuerit
1733 4488 1979 4600 expeditum,
2004 4489 2105 4590 &pra

155 4707 161 4714 μ
354 4613 496 4682 nostra
524 4601 787 4686 ordinacione
813 4600 982 4713 singulis
1010 4603 1191 4713 plenarie
1219 4599 1483 4714 persolutum.
1510 4605 1708 4686 Preterea.
1744 4603 1931 4684 Centum.
1958 4593 2106 4682 Manis
2145 4567 2147 4650 l

303 4817 308 4824 .
357 4711 403 4794 in
429 4713 580 4822 quibus
604 4731 792 4797 tenemur
832 4714 997 4796 ecclesie
1024 4714 1244 4825 vpsalensi,
1273 4719 1314 4797 8(
1341 4715 1527 4798 Centum.
1569 4713 1762 4797 biarchus.
1791 4714 1834 4794 in
1862 4713 2010 4824 quibus
2032 4715 2106 4786 tere

358 4849 451 4906 mur
479 4823 655 4907 Ecclesia
682 4825 976 4934 strengenensi,
1006 4827 1232 4938 Ceteraque
1258 4827 1393 4910 omnia
1419 4827 1464 4908 in
1490 4825 1640 4937 quibus
1668 4841 1876 4922 mensur,
1914 4823 1997 4904 siue
2021 4813 2107 4900 cctlt·

356 4933 446 5044 sijs,
474 4935 561 5018 siue
589 4935 901 5034 mercatoribus,
942 4937 1028 5020 siue
1070 4936 1162 5048 alijs
1195 4940 1535 5050 quibuscumque.
1572 4935 1765 5022 sicsolui
1792 4930 2035 5045 &expediri
2062 4920 2106 5005 de
2145 4995 2147 5044 4

317 5153 325 5166 ἢ
357 5049 704 5160 cernimus,siout
730 5046 974 5159 superbiis,
1009 5077 1102 5132 cum
1128 5049 1366 5159 consiliariis
1399 5050 1569 5148 nostris,
1614 5046 1847 5158 skiaenurgie
1876 5073 1927 5130 ex
1955 5041 2106 5128 delibera·
2145 5073 2146 5146 3

1018 2848 1053 2902 a.
1100 2821 1208 2902 Jtem
1236 2819 1412 2902 Ecclesie
1446 2821 1707 2902 wexionensi.
1750 2817 1946 2928 capellam
1971 2829 2096 2896 nosnan
