4398 5958
794 497 853 518 ...
967 457 1065 558 541³,
1156 501 1213 522 ..

119 681 252 790 662.
529 775 534 789 ,
747 685 992 832 (2798.
1041 723 1070 793 a
1118 687 1266 793 Mars:

53 845 62 850 ’
196 867 277 931 aas.
297 865 429 932 nana
449 823 468 930 r*
481 868 657 954 Lintoptng
677 868 854 934 nervosas
869 870 911 955 pa
923 868 1103 957 ΙΜμιιιειη
1124 869 1303 952 numus
1325 867 1485 956 prolana
1506 837 1555 934 dn
1574 867 1696 956 nysae
1716 869 1840 936 traca.

35 995 44 1002 '
1539 987 1575 1042 A.
1594 987 1619 1042 3.
1635 1001 1663 1042 x·
1687 988 1770 1043 125⁰·

279 1082 480 1166 Omnibus
508 1102 712 1190 presentes
741 1085 908 1168 litteras.
921 1068 1172 1194 inspecturis.
1203 1085 1254 1168 H.
1285 1085 1351 1167 dei
1378 1089 1511 1195 gracia
1535 1088 1789 1196 lincopensis
1805 1088 1910 1196 epm
1965 1053 1981 1162 ἱ.
2077 1069 2078 1076 Ν

113 1221 261 1304 scopus
287 1194 456 1276 salutem
485 1194 528 1275 in
556 1221 604 1274 eo
632 1197 704 1305 qui
732 1211 793 1277 est
821 1198 999 1278 omnium
1028 1223 1125 1277 uera
1152 1195 1270 1278 salus.
1301 1199 1409 1277 Cura
1443 1203 1516 1281 &e
1547 1201 1774 1306 ordogrant
1801 1201 1910 1282 lile-.-

114 1308 289 1415 lydande
315 1307 405 1386 med
419 1308 679 1412 sbregdcnde
707 1307 789 1386 Neo
818 1309 911 1404 661,
941 1327 1065 1390 utem:
1093 1307 1255 1390 ecclesie
1271 1304 1542 1410 de-Miklaebir
1569 1307 1901 1419 iuxta-gresgard

115 1424 200 1513 8(ο.,
230 1418 302 1499 ooli
330 1417 474 1498 nictare
495 1418 613 1508 ,dado
642 1419 706 1506 till
732 1420 822 1500 slat.
1313 1513 1321 1526 ¹

844 1521 973 1608 Sigillen
998 1525 1174 1591 boruattne.
1295 1535 1299 1543 ‘

58 1745 64 1752 ⁸
110 1765 250 1878 663.
329 1819 331 1824 ·
750 1801 900 1909 1279
929 1728 995 1868 ¹d.
1043 1766 1269 1870 5'MarS.

194 1949 276 2014 Koa.
298 1951 427 2016 Micam
448 1949 694 2014 eructassem
736 1949 849 2012 ttd.
869 1947 951 2012 Kon.
977 1949 1176 2016 watenis
1204 1951 1310 2033 andeg
1330 1949 1368 2013 at
1395 1949 1526 2032 liusaby
1543 1949 1585 2035 pi
1607 1950 1832 2018 Wikbolandet
1852 1951 1900 2018 till

245 2031 299 2096 det
319 2053 381 2116 nya
400 2031 611 2096 Kanonikatet
631 2035 643 2096 i
664 1971 847 2118 Linliiping.
881 2074 905 2108 .¹
1624 2055 1688 2170 ὴ
1728 2108 1776 2173 ,ἡ

1689 2127 1699 2170 i
1719 2131 1730 2172 Ι

250 2247 450 2330 Omnibus
463 2264 670 2357 presentes
682 2247 837 2331 litteras
852 2247 1094 2360 inspecturis
1107 2249 1147 2330 M
1164 2248 1230 2332 dei
1243 2252 1379 2359 gracia
1392 2252 1478 2330 Rex
1499 2274 1701 2330 sweorum
1728 2251 1798 2333 sal.
1827 2255 1902 2336 &e

112 2359 419 2441 Continenciam
434 2361 633 2467 presentis
648 2358 780 2443 littere
793 2363 984 2444 memorie
1005 2366 1045 2441 8(
1064 2362 1213 2443 notieie
1241 2363 1497 2470 presencium
1524 2374 1645 2469 atque
1672 2358 1903 2446 futurorum

111 2467 298 2551 duximus
328 2468 685 2554 commendandam
714 2472 799 2555 Nos
825 2473 913 2552 iure
941 2487 1182 2580 patronatus
1202 2473 1313 2581 quod
1335 2473 1488 2554 intuitu
1515 2469 1708 2581 regalium
1722 2475 1903 2558 omnium
1987 2535 1993 2548 «

110 2584 405 2688 possessionum
433 2607 535 2691 quas
563 2580 755 2663 habemus
777 2583 819 2662 in
833 2582 1047 2690 parrochia
1074 2581 1233 2680 husabir
1261 2585 1367 2664 inter
1400 2578 1521 2679 wilm
1549 2579 1787 2691 optinemus
1806 2611 1904 2667 cou-

108 2691 275 2772 sensisse
304 2708 546 2804 gratumque
574 2689 761 2774 habuisse
774 2698 814 2774 8(
828 2695 1039 2802 acceptum'
1064 2692 1178 2801 quod
1192 2692 1301 2774 dieta
1315 2691 1479 2775 ecclesia
1507 2692 1677 2774 canonia
1701 2689 1828 2805 'mam
1841 2694 1903 2780 di·

110 2802 237 2884 lectus
266 2799 394 2882 irater
422 2815 558 2882 noster
572 2801 769 2885 dominus
798 2803 868 2884 W.
901 2802 1068 2913 quando
1098 2805 1185 2886 Rex
1212 2830 1412 2890 sueorum
1438 2799 1568 2884 fuerat
1595 2801 1657 2884 de·
1676 2832 1787 2889 nouo
1815 2833 1904 2890 cre·

110 2915 195 2993 suit
226 2914 269 2992 in
299 2913 465 2994 ecclesia
493 2911 718 3021 lincopensi
746 2919 787 2994 &
813 2941 936 3024 quam
963 2931 1144 3024 tempore
1184 2915 1482 3024 presenciarum
1510 2913 1561 2996 de
1605 2915 1692 2996 iure
1726 2922 1767 2999 8(
1792 2916 1902 2999 facto

110 3020 289 3133 possidet
318 3029 357 3104 8(
385 3038 496 3105 tenet
523 3022 791 3132 lngimundus
820 3025 1047 3113 Canonicus
1074 3023 1315 3134 lincopensis
1344 3054 1417 3134 per
1469 3041 1541 3106 tuo
1556 3041 1795 3108 annectatur
1827 3052 1901 3108 no·

109 3135 184 3243 strj
211 3135 330 3241 sigilli
375 3136 594 3214 munimine
635 3151 861 3244 presentem
904 3133 1080 3216 litteram
1122 3135 1411 3218 roborantesa
1469 3129 1589 3216 fidem
1631 3133 1902 3220 indubitatam

109 3244 331 3326 faciendam
361 3273 482 3355 super
510 3245 588 3326 hoc
616 3263 756 3326 nostro
785 3271 980 3327 consensu
1009 3273 1085 3326 nec
1114 3273 1199 3326 non
1226 3251 1266 3326 8c
1294 3245 1541 3328 euidenciam
1570 3241 1793 3356 pleniorem
1821 3238 1903 3328 1)(-Ι

110 3372 197 3437 tum
226 3383 334 3437 anno
361 3354 518 3464 dominj
545 3355 811 3442 M⁹CC⁰LXX
841 3383 951 3444 nono
976 3355 1132 3441 Tercio
1159 3359 1263 3442 Non.
1294 3355 1449 3466 marcij.
1488 3441 1493 3449 .

116 3623 249 3754 664.
729 3663 878 3770 1279
916 3623 1290 3732 d.·16··Mars.

190 3809 457 3874 autumnat
478 3807 652 3895 Linlo‘ping
673 3807 868 3872 dfrerldtelse
889 3808 928 3870 as
943 3807 1110 3893 Gullatorp
1130 3807 1191 3871 och
1212 3807 1369 3893 Kusatorp
1389 3807 1437 3870 till
1458 3806 1567 3872 hustru
1588 3803 1736 3869 Hermod.

1629 3916 1662 3974 B.
1679 3920 1706 3974 ³2
1723 3917 1768 3988 44.

273 4029 322 4139 H..
352 4056 427 4141 dei·
446 4059 582 4166 gracia
610 4057 851 4165 lincopensis
879 4060 1093 4168 episcopus
1121 4058 1306 4139 omnibus
1336 4054 1388 4137 ad
1430 4080 1534 4166 quoe
1576 4053 1709 4135 littere
1736 4077 1900 4162 presen-

107 4189 169 4252 tes
196 4169 454 4280 peruenerint
482 4167 653 4250 salutem
682 4173 754 4248 &o
812 4167 877 4250 Ad
906 4171 1095 4250 noticiam
1138 4169 1389 4276 presencium
1417 4165 1713 4248 &futurorum
1754 4163 1900 4244 harum

106 4284 209 4364 serie
236 4280 424 4362 duximus
450 4277 738 4362 declarandum
764 4279 878 4388 quod
906 4307 981 4362 nos
1009 4279 1144 4360 omnia
1179 4277 1289 4360 bona
1323 4275 1487 4358 mobilia
1514 4281 1555 4356 8(
1582 4273 1803 4364 immobilia
1846 4273 1900 4354 ad
1996 4351 1999 4356 ,

106 4417 184 4472 nos
212 4394 252 4469 8(
280 4391 486 4472 ecelesiam
523 4406 704 4471 nostram
731 4390 775 4498 jn
803 4389 1060 4501 gullathorpe
1088 4394 1129 4470 8(
1157 4385 1419 4497 Gusathorpe.
1441 4413 1513 4496 per
1541 4411 1682 4466 manus
1704 4383 1899 4466 heredum
2029 4451 2035 4458 .

105 4497 295 4610 ingulphi
322 4500 529 4610 quondam
560 4500 685 4583 villici
712 4503 841 4608 nostri
870 4503 974 4582 iuste
1003 4498 1223 4608 empcionis
1252 4496 1373 4580 titulo
1402 4496 1607 4581 deuolute.
1637 4493 1744 4576 fideli
1765 4492 1898 4604 villice

11 4646 15 4654 ¹
105 4626 256 4695 nostre·
275 4608 470 4694 bermodi.
498 4611 703 4694 advitam
731 4639 843 4696 suam
879 4612 1175 4719 assignauimus
1218 4607 1344 4690 libere
1388 4606 1628 4718 possidenda
1657 4607 1769 4686 Etsi
1798 4603 1900 4687 libe·
1959 4641 1964 4652 ·

105 4750 176 4804 ros
205 4718 361 4830 aliquos
389 4737 482 4830 post
508 4747 550 4803 se
579 4723 799 4831 reliquerit.
829 4724 938 4832 ipsos
965 4719 1092 4802 eidem
1121 4718 1550 4801 succedereuolumus
1570 4719 1613 4798 in
1645 4730 1767 4797 certa.
1782 4733 1898 4826 parte

106 4834 312 4915 bonorum
339 4832 519 4913 omnium
538 4833 757 4916 ,mobilium
786 4839 826 4914 8(
853 4831 1120 4915 immobilium
1148 4834 1277 4941 ipsam
1304 4827 1524 4912 seeundum
1559 4829 1664 4935 leges
1703 4843 1811 4908 terre
1851 4829 1897 4908 in

108 4943 301 5057 predictis
330 4940 465 5053 opidis
489 4944 769 5050 contingente..
806 4943 847 5026 Si
865 4953 973 5025 'uero
1002 4945 1162 5024 marito¹
1175 4969 1257 5023 suo.
1277 4941 1494 5052 superstite
1521 4939 1772 5049 ipsam-mori
1799 4963 1897 5021 con·

108 5054 241 5164 tingat
268 5051 379 5164 jdem
391 5056 496 5141 sicut
516 5053 639 5139 moris
653 5067 714 5139 est
732 5055 776 5138 in
794 5052 1012 5143 mobilibus
1020 5115 1030 5134 .-
1039 5053 1160 5158 bonis
1172 5058 1178 5102 ²
1188 5055 1273 5139 eius
1300 5053 1345 5136 in
1373 5049 1481 5137 dicta
1502 5051 1679 5162 terciana
1699 5045 1899 5138 succedat.
