4406 5966
1022 513 1136 582 -““
1190 519 1269 600 688
1380 565 1436 582 -

337 749 506 828 salutem
535 756 575 820 et
603 741 925 850 prosperitatem.
953 741 1158 842 Quoniam
1188 737 1323 820 dubiis
1352 744 1391 818 8(
1421 743 1583 822 incertis
1613 741 1754 820 animis
1782 743 1860 821 cito
1888 748 2082 824 anemoria

337 851 533 939 recedunt
562 871 653 962 quae
680 868 877 962 aguntur,
908 867 1070 959 oportet
1098 879 1144 930 ea
1174 852 1332 930 aeternis
1377 851 1602 932 litterarum
1644 853 1875 932 testimoniis
1914 855 2082 948 attitulari,

337 998 387 1050 ne
415 967 610 1074 temporis
637 991 828 1074 processu
856 964 1056 1044 labantur.
1096 962 1214 1042 Unde
1243 964 1496 1046 universitati
1527 979 1669 1043 vestrae
1711 964 1969 1058 notificamus,
2003 967 2082 1072 quod

337 1080 607 1191 possessiones
638 1101 862 1184 pauperum
892 1076 1040 1155 Christi
1069 1075 1434 1155 sanctimonialium
1465 1077 1614 1155 scilicet
1644 1074 1694 1156 de
1710 1076 1898 1184 Byarum,
1927 1077 2084 1183 quasjure

339 1209 434 1273 sunt
447 1217 698 1299 possessurae,
728 1187 896 1268 testibus
913 1186 1097 1268 lidelibus
1122 1184 1325 1280 adhibitis,
1358 1186 1477 1295 sigilli
1494 1190 1621 1266 nostri
1637 1189 1855 1267 munimine
1882 1185 2084 1277 roborantes,

183 1345 187 1356 ·
299 1339 300 1344 ¹
338 1304 411 1384 tali
425 1301 665 1386 diffinitione
681 1315 960 1410 praenotamus.
993 1299 1060 1405 Hij
1090 1314 1184 1377 sunt
1208 1299 1369 1376 termini
1400 1300 1694 1406 possessionum
1711 1326 1892 1398 suarum,
1921 1297 2087 1406 condignis

337 1416 555 1526 appretiati
585 1414 743 1522 pretiis,
773 1411 924 1490 scilicet
954 1410 1004 1489 de
1032 1409 1304 1518 Lynnurabec
1334 1412 1374 1488 in
1406 1410 1580 1490 medium
1609 1425 1667 1490 sta
1697 1439 1791 1491 num
1825 1398 1935 1518 quod
1960 1426 2088 1488 r-'ocatur

335 1530 523 1620 Hiertse,
552 1543 592 1604 et
620 1523 671 1602 de
699 1539 844 1628 stagno
878 1524 920 1599 in
951 1521 1267 1630 Cinblingabro,
1300 1519 1391 1599 inde
1421 1521 1628 1631 usquead
1658 1441 1928 1627 Crynsmusa,
1967 1521 2090 1600 atinde

337 1667 466 1747 usque
495 1636 547 1716 ad
575 1636 800 1714 Clovasten.
858 1631 1066 1711 Possident
1111 1635 1217 1712 enim
1262 1649 1389 1711 totum
1434 1632 1646 1713 Clevahult
1682 1651 1722 1713 et
1750 1631 1926 1738 Byahult
1951 1643 1992 1710 eir
2018 1647 2087 1712 toto.

199 1802 203 1810 -
270 1815 277 1830 .
336 1751 532 1828 Universa
562 1761 694 1824 autem
728 1744 793 1822 hic
823 1745 903 1851 jam
933 1743 1133 1824 elucidata
1164 1743 1340 1851 praefatis
1356 1743 1727 1824 sanctimonialibus
1756 1747 1798 1823 in
1828 1760 2090 1851 perpetuopos·

335 1856 521 1951 sidenda,
552 1857 721 1963 proprio
750 1855 883 1962 sigillo
912 1857 1206 1964 consignamus.
1236 1857 1478 1966 Quicunque
1506 1882 1604 1962 ergo
1633 1855 1707 1934 ista
1738 1855 1789 1936 ab
1819 1857 1891 1944 eis¹
1906 1855 2092 1945 extrahere,
2157 1885 2159 1960 3

337 1971 400 2050 vel
430 1969 605 2076 aliquam
635 1967 905 2073 calumpniam
936 1966 1264 2074 possessiunculis
1293 1994 1430 2045 earum
1463 1966 1609 2045 inferre
1637 1969 1945 2072 praesumpserit,
1970 1991 2092 2042 murm·

281 2111 296 2130 ‘
335 2109 385 2160 ne
415 2079 678 2159 anathematis
706 2105 746 2155 se
782 2076 1032 2186 puniendum
1064 2079 1181 2174 sciat,
1212 2079 1276 2157 vel
1305 2079 1397 2156 vitae
1427 2075 1638 2158 discrimen
1662 2079 1738 2158 sibi
1753 2077 1958 2158 imminere
1972 2076 2090 2155 sentiat.

339 2472 469 2579 830.
719 2509 720 2512 ‘
970 2469 1118 2574 1216
1166 2469 1214 2572 d.
1266 2469 1518 2574 21-Nov.
1598 2557 1601 2562 .
1846 2399 1848 2404 ¹
1981 2467 2091 2569 Rom.

415 2695 505 2758 thv.
527 2695 684 2754 Honorius
707 2691 774 2751 lll:s
797 2690 873 2752 Brel
898 2691 945 2752 till
977 2689 1228 2774 brie-Riskepen
1250 2694 1261 2751 i
1282 2691 1400 2774 Upsala
1420 2691 1493 2753 och
1523 2665 1592 2754 dess
1625 2691 1867 2774 Lyd-Bishopar
1889 2710 1930 2761 m.
1949 2686 1978 2748 ss.
1997 2683 2096 2747 riiraulr

468 2775 654 2860 upphh'rden
675 2777 759 2836 inom
782 2773 907 2856 Sverige
929 2773 966 2835 af
982 2774 1042 2834 den
1062 2774 1104 2858 pt
1125 2774 1280 2836 allmanna
1302 2775 1500 2858 lyrlromdtet
1521 2776 1679 2838 beslutade
1702 2775 1812 2854 Heliga
1834 2771 2040 2852 laudshjelpeu.

1842 2887 1882 2942 K.
1899 2905 1923 2940 c.
1946 2885 1997 2954 167.

498 3025 704 3104 Honorius
733 3027 851 3132 Papa
894 2995 975 3104 HI.
1024 3027 1184 3105 Valerio
1214 2989 1514 3136 Arclriepiscopo
1549 3027 1757 3135 Vpsalensi
1783 3048 1821 3108 et
1851 3023 2097 3128 suffraganeis

532 3133 742 3355 lliliyqsaleqqi
761 3138 979 3244 Magistris
1022 3139 1191 3217 eiusdem
1235 3139 1459 3220 prouincia
1489 3143 1526 3217 8(
1571 3141 1734 3219 Decuno
1763 3143 1803 3218 &
1846 3136 2097 3268 Archidiucolo

420 3403 431 3412 “
498 3387 609 3464 Inter
638 3403 779 3466 caetera
824 3415 914 3497 quae
943 3387 994 3467 ad
1023 3416 1256 3467 succursum
1301 3389 1676 3496 Hierosolymitanae
1719 3391 1951 3471 prouincia
1988 3401 2097 3467 statuta

334 3499 499 3578 fuerunt
528 3498 569 3576 in
598 3497 782 3576 Concilio
812 3501 1007 3608 generali,
1038 3501 1115 3580 hoc
1146 3499 1195 3580 de
1224 3503 1428 3580 communi
1458 3529 1620 3582 assensu
1649 3504 1825 3581 omnium
1875 3501 2095 3582 Praelatorum

333 3608 481 3692 ibidem
511 3609 765 3720 praesentium
795 3607 871 3688 fuit
908 3610 1125 3690 salubriter
1154 3610 1405 3706 ordinatum,
1436 3628 1480 3691 vt
1509 3634 1647 3694 omnes
1676 3614 1843 3692 omnino
1879 3609 2017 3693 Clerici
2036 3623 2097 3684 um

333 3715 485 3802 subditi
514 3750 637 3832 quam
666 3717 823 3800 Praelati
852 3723 1079 3800 vicesimam
1109 3723 1476 3803 Ecclesiasticorum
1513 3739 1788 3836 prouentuum
1822 3753 1957 3834 vsque
1983 3717 2025 3800 ad
2048 3717 2100 3793 tri·

333 3836 497 3913 ennium
531 3835 685 3939 integre
723 3832 935 3911 conferant
966 3835 1007 3911 in
1037 3831 1258 3912 subsidium
1304 3831 1439 3913 Terrae
1483 3837 1658 3932 Sanctae,
1703 3829 1778 3945 'per
1818 3863 1969 3918 marrus
1995 3857 2101 3912 corun

332 3946 405 4052 qui
434 3944 593 4036 adhoc
622 3944 852 4050 Apostolica
885 3942 1141 4050 prouidentia
1172 3944 1323 4023 fuerint
1345 3942 1539 4042 ordinati,
1569 3947 2025 4057 quibusdamduntaxat
2049 3933 2107 4017 lle¹

332 4057 484 4164 ligiosis
513 4057 692 4160 exceptis
721 4053 772 4132 ab
802 4055 876 4133 bac
906 4055 1160 4164 praestatione
1191 4056 1334 4135 merito
1362 4055 1598 4154 eximendis,
1643 4051 1801 4168 illisque
1836 4058 2020 4137 similiter
2054 4051 2103 4158 qui

335 4181 541 4274 assumpto
570 4166 633 4244 vel
662 4164 902 4245 assumendo
931 4166 1071 4246 Crucis
1107 4166 1314 4271 signaculo
1357 4183 1451 4244 sunt
1482 4163 1746 4274 personaliter
1782 4167 2035 4276 profecturi,
2070 4159 2105 4240 ad

260 4312 263 4320 ¹
333 4276 446 4385 quod
476 4301 613 4355 omnes
644 4273 814 4354 fideliter
843 4273 1138 4380 obseruandum
1172 4304 1243 4383 per
1273 4281 1697 4360 excommunicationis
1725 4281 1973 4360 sententiam
1999 4278 2107 4358 decre

333 4404 420 4464 tum
449 4402 615 4466 estesse
648 4384 816 4492 legatos,
847 4388 900 4466 ita
929 4387 1039 4495 quod
1071 4385 1128 4465 illi
1158 4389 1230 4496 qui
1260 4415 1382 4493 super
1416 4387 1494 4468 hoc
1537 4389 1721 4471 fraudem
1764 4393 1947 4471 scienter
1976 4385 2107 4470 commi·

333 4497 485 4590 serint,
503 4497 742 4575 sententiam
772 4499 1195 4579 excommunicationis
1223 4499 1444 4578 incurrant.
1484 4501 1538 4580 Vt
1552 4502 1675 4608 igitur
1691 4501 1769 4580 hoc
1798 4499 1983 4581 salutare
2011 4513 2107 4576 statu·
2157 4513 2159 4618 q

333 4621 419 4682 tum
450 4606 630 4686 debitum
660 4623 932 4713 consequatur
961 4607 1171 4708 effectum,
1201 4609 1356 4690 dilectis
1390 4608 1479 4690 filiis
1508 4611 1709 4719 Magistris
1739 4614 1973 4691 Domorum
1990 4607 2107 4688 militie
2158 4633 2159 4688 ξ

331 4715 540 4823 templi&
570 4715 788 4823 Hospitalis
820 4717 1176 4820 Hierosolymitaui
1205 4723 1247 4798 in
1277 4719 1488 4826 Vpsalensi
1534 4723 1745 4823 Prouincia
1789 4725 2046 4814 constitutis,
2082 4719 2107 4792 8
2157 4703 2159 4816 l

332 4827 494 4907 Decano
524 4831 562 4904 &
590 4826 887 4905 Archidiacono
918 4825 1127 4933 Vpsalensi
1167 4828 1271 4906 hanc
1314 4829 1625 4914 sollicitudinem
1669 4831 1858 4914 duximus
1898 4833 2108 4924 commiten-

332 4935 445 5031 dam,
474 4935 616 5021 dantes
646 4937 701 5014 eis
732 4937 953 5042 plenariam
996 4953 1233 5041 potestatem
1278 4933 1522 5045 eligendi&
1567 4939 1789 5026 ordinandi
1813 4943 1925 5026 duos
1972 4941 2107 5026 idoneos

1510 5129 1513 5137 .
1645 5099 1721 5138 .,;
1797 5055 1998 5138 Cleri·..
2083 5091 2086 5099 ¹
