4406 5966
294 610 500 698 forefactis
517 611 611 694 suis
638 607 848 698 antefecit,
872 608 1064 690 Ceuobiis
1090 584 1295 728 gudhem⁸
1332 607 1527 718 byurwm
1562 605 1603 690 8c
1629 603 1781 716 nydala
1824 608 2076 721 perhenniter
2171 577 2183 761 1

208 815 211 824 ,
294 725 514 834 assigna'uit
540 750 652 804 nunc
680 737 814 812 autem
843 719 896 801 ad
925 749 999 802 nos
1026 724 1138 803 venit
1168 723 1421 832 querimonia
1456 717 1570 832 quod
1602 721 1770 829 quidam
1797 720 1849 804 de
1877 727 2079 834 prouincia
2175 772 2180 783 ·

194 845 198 856 ‘
292 853 427 919 vestra
454 861 531 916 eas
548 833 740 916 infestant
768 849 1024 944 quapropter
1051 832 1320 943 significamus
1350 834 1469 918 vobis
1496 830 1610 942 quod
1651 833 1887 945 quicunque
1929 862 1996 916 eas
2033 835 2079 918 de

293 943 430 1032 cetero
458 943 714 1030 infestauerit
741 959 923 1028 nostram
950 944 1096 1028 sentiet
1123 944 1358 1028 vindictam.

297 1287 432 1450 835.
516 1320 522 1337 ⁴
821 1406 822 1412 Ν
997 1277 1398 1452 1223-‚1'26e

262 1579 268 1588 ·
375 1561 455 1626 Bisk.
475 1557 555 1623 Cora
574 1563 585 1622 i
606 1559 771 1640 Strengnts
792 1559 870 1622 Bref
884 1559 1019 1624 riiraude
1040 1557 1182 1646 tudine,
1203 1579 1269 1622 som
1290 1555 1329 1621 af
1344 1557 1411 1621 deas
1432 1576 1515 1620 ewen
1537 1557 1668 1622 Maoms
1689 1557 1791 1622 Omra
1812 1575 1868 1622 son
1889 1561 1994 1645 gifrits
2013 1559 2023 1621 i
2044 1569 2085 1620 te·

426 1654 575 1708 semente
589 1645 638 1706 till
657 1642 768 1724 Fogdo
788 1643 914 1714 kloster.

1745 1722 1963 1780 taken

460 1847 671 1942 Vniuersis
699 1858 1056 1942 christifidelibus
1085 1877 1291 1971 presentes
1334 1855 1532 1940 audituris
1568 1857 1723 1939 litteras
1767 1860 1833 1939 uel
1863 1847 2016 1940 uisuris
2043 1917 2085 1937 ..

292 1975 338 2056 C.
365 1972 444 2057 dei·
460 1971 596 2082 gracia
623 1972 929 2079 Strengenensis
957 1973 1182 2084 Episcopus
1219 1971 1388 2074 salutem
1416 1972 1459 2050 in
1487 1969 1666 2048 omnium
1695 1967 1910 2052 saluatore.
1967 1970 2084 2050 Geste

291 2085 354 2168 rei
380 2083 530 2164 noticia
565 2099 815 2192 propagatur
843 2084 886 2164 in
915 2102 1117 2191 posteros,
1159 2112 1252 2165 curn
1295 2081 1409 2163 uenit
1448 2081 1685 2176 auctoritas,
1714 2097 1754 2162 et
1782 2082 1911 2163 robur
1940 2081 2084 2162 firmius

292 2221 317 2276 a
345 2192 576 2276 testimonio
604 2194 840 2313 litterarum.
870 2194 977 2274 Hinc
1004 2211 1065 2276 cst
1079 2194 1208 2306 ¹qnod
1234 2209 1369 2275 uestre
1397 2190 1651 2292 uniuersitati
1672 2191 1928 2302 presentibus
1957 2189 2084 2272 decla·

177 2323 184 2342 ⁴
290 2333 445 2405 ramus,
472 2303 676 2418 quendam
705 2306 893 2385 iuuenem
922 2321 1106 2387 nostrum
1128 2303 1335 2386 famulum.
1365 2303 1570 2412 Magnum.
1597 2302 1772 2386 nomine.
1802 2303 1938 2384 Olaui.
1967 2303 2085 2384 filium

291 2415 391 2502 dum
417 2425 460 2500 in
487 2417 676 2500 extremis
704 2413 908 2498 laboraret
935 2443 1031 2498 sana
1060 2433 1194 2500 tamen
1223 2419 1396 2498 existens
1433 2429 1587 2512 mente,
1615 2415 1657 2494 in
1685 2441 1850 2494 suorum
1893 2414 2085 2494 remissio·
2182 2453 2183 2462 κ

288 2555 384 2636 pem
412 2531 688 2640 peccaminum
708 2525 904 2609 .Claustro
931 2527 1167 2609 Monialium
1194 2526 1246 2610 de
1275 2526 1419 2626 Fodio
1448 2525 1522 2606 ubi
1551 2523 1799 2636 sepulturam
1828 2523 1952 2632 elegit
1981 2551 2086 2604 man·

289 2641 446 2723 sionem
472 2668 587 2722 suam
613 2637 804 2736 Hidiner‚
840 2665 933 2718 cum
961 2639 1180 2720 mobilibus
1208 2655 1249 2720 et
1277 2636 1551 2724 immobilibus
1580 2641 1621 2718 &
1648 2634 1836 2716 omnibus
1879 2638 1967 2717 eius
2001 2634 2088 2718 atti·

170 2819 173 2826 .
219 2751 234 2824 '.
289 2751 444 2834 neneiis
470 2752 516 2831 in
542 2763 784 2832 testamento
812 2749 1043 2830 eternaliter
1072 2753 1302 2858 assignasse.
1331 2750 1435 2830 sieut
1463 2744 1671 2830 confessor
1694 2747 1779 2826 eius
1793 2762 1834 2826 et
1850 2745 1922 2828 alii
1950 2773 2087 2858 qnam·

289 2860 429 2972 plures
456 2862 529 2971 qui
556 2876 762 2970 presentes
790 2857 961 2940 aderant
989 2877 1244 2944 attestantur.
1274 2863 1377 2940 Cum
1405 2859 1529 2968 igitur
1557 2855 1677 2940 uobis
1693 2857 1902 2938 incumbat
1932 2886 1988 2939 ex
2016 2860 2089 2940 Or·

160 3073 165 3082 g
230 2995 234 3002 “
289 2971 387 3058 dine
413 2988 455 3054 et
482 2971 616 3053 officio
644 2996 728 3080 quo
755 2999 970 3081 presumus
998 2972 1209 3054 intendere
1246 2967 1479 3080 diligenter,
1507 2985 1554 3048 ut
1590 2984 1828 3053 testamenta
1873 2971 1915 3048 in
1945 2966 2088 3050 ultimo

288 3081 475 3191 delegata
503 3107 734 3191 processum
779 3079 958 3164 habeant
974 3088 1025 3172 ,ἃ
1052 3081 1261 3180 effectum,
1302 3081 1532 3163 Heredibus
1573 3081 1701 3191 ipsius
1734 3079 1812 3160 sub
1855 3083 2089 3166 anatematis

289 3193 459 3276 uinculo
488 3191 735 3292 inhibemus,
765 3220 815 3278 ne
844 3195 1065 3305 quicquam
1093 3193 1316 3304 impediant
1352 3191 1417 3274 uel
1460 3210 1652 3274 reuocent
1689 3217 1739 3271 ex
1780 3191 1859 3272 hiis
1908 3219 1991 3302 que
2032 3189 2089 3272 di·

289 3319 381 3387 ctus
412 3303 571 3385 iuuenis
601 3331 679 3412 pro
703 3331 777 3384 sua
806 3307 936 3386 anima
964 3305 1152 3388 Claustro
1181 3303 1304 3387 dedit.
1339 3300 1454 3413 quod
1468 3304 1501 3382 si
1530 3317 1770 3411 attemptare
1800 3304 2087 3412 presumserint

232 3425 235 3440 “
288 3415 392 3500 iram
418 3413 707 3526 omnipotentis
734 3413 814 3526 dei¹
828 3441 870 3497 se
899 3417 1090 3498 nouerint
1119 3419 1364 3498 incursuros.
1393 3415 1543 3494 Datum
1725 3411 1733 3430 ‘

839 3553 976 3641 Stycken
993 3560 1035 3622 uf
1050 3560 1103 3623 det
1122 3558 1266 3624 krossade
1294 3557 1406 3644 sigillet
1426 3553 1530 3618 finnus.
1666 3585 1671 3598 ·

293 3841 430 4032 836.
809 4033 813 4047 .
1112 3927 1281 4032 1225.

369 4143 533 4226 wermere
552 4143 751 4243 bagmannen
770 4143 832 4210 och
853 4142 1140 4224 Htradaho'ldlngen
1159 4145 1172 4206 i
1191 4143 1318 4207 Kikind
1339 4143 1475 4242 Gusrsrs
1495 4144 1573 4206 Bref
1588 4139 1794 4206 ro'randeden
1811 4141 1853 4227 pa
1874 4137 2009 4205 harada-
2029 4138 2088 4212 och

419 4227 625 4311 brumum
644 4227 803 4294 besttmda
824 4240 952 4315 gruusen
972 4228 1023 4294 for
1040 4225 1202 4290 Gurdhems
1220 4227 1351 4292 klosters
1370 4235 1446 4309 agor
1466 4249 1477 4290 r
1499 4225 1680 4312 Spanahult

1696 4301 1957 4372 &bimum

456 4445 505 4528 G.
531 4459 794 4554 uesgotorum
822 4442 974 4556 legifer.
992 4431 1046 4529 ’ἃ
1072 4444 1313 4556 prolucutor
1341 4442 1392 4529 de
1411 4443 1633 4552 prouincia
1667 4439 1848 4540 kakind.
1879 4442 2093 4523 Vniuersis

285 4550 396 4663 apud
423 4579 527 4665 quos
555 4582 720 4665 presens
747 4557 825 4639 scri
855 4573 942 4638 tum
969 4557 1194 4639 innotuerit
1222 4555 1409 4638 Salutem.
1445 4556 1548 4634 Cum
1577 4551 1810 4661 displiceret
1838 4551 2090 4663 quibusdam

285 4688 446 4750 sorores
474 4663 525 4747 de
539 4664 730 4749 Gudbem
742 4585 884 4776 predia
897 4695 982 4749 sua.
997 4666 1256 4776 spanahwltu
1271 4667 1314 4750 in
1329 4663 1543 4748 latitudine
1558 4663 2092 4773 communiumprediorum
2181 4667 2183 4672 ’

283 4775 497 4890 prouineie
510 4771 680 4878 kakind
701 4779 975 4890 amplificasse.
990 4779 1158 4862 consilio
1173 4779 1429 4889 sapiencium.
1446 4776 1745 4888 inprouinciali
1764 4775 1923 4886 placito
1939 4797 2091 4859 conue-

233 5099 240 5116 ,
304 4995 350 5098 't
370 4987 484 5085 rat..
502 5017 950 5109 metamucense
966 5020 1003 5086 a
1026 5015 1114 5108 1287.
1134 5020 1172 5086 a.
1193 5021 1221 5086 a.
1242 5019 1270 5085 a
1290 5019 1323 5086 s.
1347 5041 1392 5087 η.
