<?xml version="1.0" encoding="UTF-8"?>
<!DOCTYPE html PUBLIC "-//W3C//DTD XHTML 1.0 Transitional//EN"
    "http://www.w3.org/TR/xhtml1/DTD/xhtml1-transitional.dtd">
<html xmlns="http://www.w3.org/1999/xhtml" xml:lang="en" lang="en">
 <head>
  <title>
</title>
<meta http-equiv="Content-Type" content="text/html;charset=utf-8" />
  <meta name='ocr-system' content='tesseract 3.04.00' />
  <meta name='ocr-capabilities' content='ocr_page ocr_carea ocr_par ocr_line ocrx_word'/>
</head>
<body>
  <div class='ocr_page' id='page_1' title='image "./svensktdiplomat00swegoog_0492.png"; bbox 0 0 4404 5960; ppageno 0'>
   <div class='ocr_carea' id='block_1_1' title="bbox 948 415 1417 552">
    <p class='ocr_par' dir='ltr' id='par_1_1' title="bbox 948 415 1417 552">
     <span class='ocr_line' id='line_1_1' title="bbox 948 415 1417 552; baseline 0.006 0"><span class='ocrx_word' id='word_1_1' title='bbox 948 459 1063 552; x_wconf 78' lang='grc'><strong>.’“’</strong></span> <span class='ocrx_word' id='word_1_2' title='bbox 1169 415 1252 512; x_wconf 52' lang='lat'><strong>45⁰</strong></span> <span class='ocrx_word' id='word_1_3' title='bbox 1339 457 1417 536; x_wconf 80' lang='lat'>·&#39;&#39;&#39;&#39;</span> 
     </span>
    </p>
   </div>
   <div class='ocr_carea' id='block_1_2' title="bbox 187 631 2183 3578">
    <p class='ocr_par' dir='ltr' id='par_1_2' title="bbox 187 631 2183 3578">
     <span class='ocr_line' id='line_1_2' title="bbox 313 631 2084 752; baseline 0.001 -31"><span class='ocrx_word' id='word_1_4' title='bbox 313 639 421 752; x_wconf 75' lang='lat' dir='ltr'><strong>gulis</strong></span> <span class='ocrx_word' id='word_1_5' title='bbox 447 638 570 719; x_wconf 85' lang='lat' dir='ltr'><strong>sextis</strong></span> <span class='ocrx_word' id='word_1_6' title='bbox 596 631 710 718; x_wconf 78' lang='lat' dir='ltr'><strong>&#39;feriis</strong></span> <span class='ocrx_word' id='word_1_7' title='bbox 736 635 964 717; x_wconf 70' lang='lat' dir='ltr'><strong>alternatim</strong></span> <span class='ocrx_word' id='word_1_8' title='bbox 991 662 1069 744; x_wconf 90' lang='lat' dir='ltr'><strong>pro</strong></span> <span class='ocrx_word' id='word_1_9' title='bbox 1096 661 1159 743; x_wconf 67' lang='lat' dir='ltr'><strong>p,</strong></span> <span class='ocrx_word' id='word_1_10' title='bbox 1173 693 1211 718; x_wconf 89' lang='lat'><strong>..</strong></span> <span class='ocrx_word' id='word_1_11' title='bbox 1237 636 1297 717; x_wconf 86' lang='lat' dir='ltr'><strong>tis&#39;</strong></span> <span class='ocrx_word' id='word_1_12' title='bbox 1315 651 1357 716; x_wconf 87' lang='lat' dir='ltr'><strong>et</strong></span> <span class='ocrx_word' id='word_1_13' title='bbox 1384 660 1463 743; x_wconf 88' lang='lat' dir='ltr'><strong>pro</strong></span> <span class='ocrx_word' id='word_1_14' title='bbox 1488 631 1705 716; x_wconf 69' lang='lat' dir='ltr'><strong>defunctis</strong></span> <span class='ocrx_word' id='word_1_15' title='bbox 1729 633 1902 744; x_wconf 83' lang='lat' dir='ltr'><strong>singulis</strong></span> <span class='ocrx_word' id='word_1_16' title='bbox 1912 637 2084 724; x_wconf 84' lang='lat' dir='ltr'><strong>sabbatis</strong></span> 
     </span>
     <span class='ocr_line' id='line_1_3' title="bbox 312 743 2084 856; baseline 0 -24"><span class='ocrx_word' id='word_1_17' title='bbox 312 751 510 842; x_wconf 75' lang='lat' dir='ltr'><strong>debeata</strong></span> <span class='ocrx_word' id='word_1_18' title='bbox 538 745 604 828; x_wconf 88' lang='lat' dir='ltr'><strong>dei</strong></span> <span class='ocrx_word' id='word_1_19' title='bbox 631 749 831 856; x_wconf 79' lang='lat' dir='ltr'><strong>genetrice</strong></span> <span class='ocrx_word' id='word_1_20' title='bbox 860 747 1018 856; x_wconf 79' lang='lat' dir='ltr'><strong>virgine</strong></span> <span class='ocrx_word' id='word_1_21' title='bbox 1043 748 1168 826; x_wconf 89' lang='lat' dir='ltr'><strong>maria</strong></span> <span class='ocrx_word' id='word_1_22' title='bbox 1201 748 1254 828; x_wconf 84' lang='lat' dir='ltr'><strong>Et</strong></span> <span class='ocrx_word' id='word_1_23' title='bbox 1281 743 1395 855; x_wconf 88' lang='lat' dir='ltr'><strong>quod</strong></span> <span class='ocrx_word' id='word_1_24' title='bbox 1422 743 1556 826; x_wconf 88' lang='lat' dir='ltr'><strong>dictus</strong></span> <span class='ocrx_word' id='word_1_25' title='bbox 1582 743 1780 827; x_wconf 86' lang='lat' dir='ltr'><strong>sacerdos.</strong></span> <span class='ocrx_word' id='word_1_26' title='bbox 1811 745 1954 828; x_wconf 78' lang='lat' dir='ltr'><strong>diebm</strong></span> <span class='ocrx_word' id='word_1_27' title='bbox 1979 748 2084 844; x_wconf 82' lang='lat' dir='ltr'><strong>lesti-</strong></span> 
     </span>
     <span class='ocr_line' id='line_1_4' title="bbox 308 855 2087 965; baseline 0 -23"><span class='ocrx_word' id='word_1_28' title='bbox 308 864 373 942; x_wconf 86' lang='lat' dir='ltr'><strong>nis</strong></span> <span class='ocrx_word' id='word_1_29' title='bbox 390 865 440 940; x_wconf 63' lang='lat' dir='ltr'><strong>dt</strong></span> <span class='ocrx_word' id='word_1_30' title='bbox 467 857 754 965; x_wconf 84' lang='lat' dir='ltr'><strong>sollempnibus</strong></span> <span class='ocrx_word' id='word_1_31' title='bbox 782 857 951 938; x_wconf 89' lang='lat' dir='ltr'><strong>chorum</strong></span> <span class='ocrx_word' id='word_1_32' title='bbox 967 855 1235 964; x_wconf 79' lang='lat' dir='ltr'><strong>&#39;frequentare</strong></span> <span class='ocrx_word' id='word_1_33' title='bbox 1261 871 1446 938; x_wconf 80' lang='lat' dir='ltr'><strong>teneatur</strong></span> <span class='ocrx_word' id='word_1_34' title='bbox 1460 856 1709 937; x_wconf 87' lang='lat' dir='ltr'><strong>&amp;interesse</strong></span> <span class='ocrx_word' id='word_1_35' title='bbox 1721 859 1941 938; x_wconf 86' lang='lat' dir='ltr'><strong>matutinis.</strong></span> <span class='ocrx_word' id='word_1_36' title='bbox 1972 862 2087 942; x_wconf 73' lang='lat' dir='ltr'><strong>mnae</strong></span> 
     </span>
     <span class='ocr_line' id='line_1_5' title="bbox 306 964 2085 1077; baseline -0.001 -25"><span class='ocrx_word' id='word_1_37' title='bbox 306 979 348 1052; x_wconf 74' lang='lat' dir='ltr'><strong>dc</strong></span> <span class='ocrx_word' id='word_1_38' title='bbox 375 969 557 1077; x_wconf 76' lang='lat' dir='ltr'><strong>utrisque</strong></span> <span class='ocrx_word' id='word_1_39' title='bbox 586 969 773 1075; x_wconf 85' lang='lat' dir='ltr'><strong>vesperis.</strong></span> <span class='ocrx_word' id='word_1_40' title='bbox 799 971 903 1047; x_wconf 83' lang='lat' dir='ltr'><strong>Item</strong></span> <span class='ocrx_word' id='word_1_41' title='bbox 931 967 1028 1049; x_wconf 89' lang='lat' dir='ltr'><strong>dicti</strong></span> <span class='ocrx_word' id='word_1_42' title='bbox 1056 967 1275 1048; x_wconf 86' lang='lat' dir='ltr'><strong>sacerdotis</strong></span> <span class='ocrx_word' id='word_1_43' title='bbox 1299 968 1510 1046; x_wconf 86' lang='lat' dir='ltr'><strong>institucio</strong></span> <span class='ocrx_word' id='word_1_44' title='bbox 1534 964 1585 1047; x_wconf 90' lang='lat' dir='ltr'><strong>ad</strong></span> <span class='ocrx_word' id='word_1_45' title='bbox 1615 969 1939 1074; x_wconf 65' lang='lat' dir='ltr'><strong>prenominatum</strong></span> <span class='ocrx_word' id='word_1_46' title='bbox 1951 969 2085 1051; x_wconf 88' lang='lat' dir='ltr'><strong>altare.</strong></span> 
     </span>
     <span class='ocr_line' id='line_1_6' title="bbox 303 1075 2086 1188; baseline -0.001 -26"><span class='ocrx_word' id='word_1_47' title='bbox 303 1079 362 1162; x_wconf 82' lang='lat' dir='ltr'><strong>ad</strong></span> <span class='ocrx_word' id='word_1_48' title='bbox 388 1076 715 1158; x_wconf 80' lang='lat' dir='ltr'><strong>archidiaconum</strong></span> <span class='ocrx_word' id='word_1_49' title='bbox 742 1079 944 1186; x_wconf 82' lang='lat' dir='ltr'><strong>pertineat</strong></span> <span class='ocrx_word' id='word_1_50' title='bbox 975 1077 1048 1186; x_wconf 91' lang='lat' dir='ltr'><strong>qui</strong></span> <span class='ocrx_word' id='word_1_51' title='bbox 1077 1105 1154 1185; x_wconf 92' lang='lat' dir='ltr'><strong>pro</strong></span> <span class='ocrx_word' id='word_1_52' title='bbox 1181 1093 1363 1184; x_wconf 89' lang='lat' dir='ltr'><strong>tempore</strong></span> <span class='ocrx_word' id='word_1_53' title='bbox 1377 1075 1521 1172; x_wconf 84' lang='lat' dir='ltr'><strong>fuerit,</strong></span> <span class='ocrx_word' id='word_1_54' title='bbox 1546 1081 1713 1158; x_wconf 58' lang='lat' dir='ltr'><strong>statuo.</strong></span> <span class='ocrx_word' id='word_1_55' title='bbox 1738 1080 1842 1158; x_wconf 82' lang='lat' dir='ltr'><strong>Item</strong></span> <span class='ocrx_word' id='word_1_56' title='bbox 1855 1105 1980 1158; x_wconf 84' lang='lat' dir='ltr'><strong>vnum</strong></span> <span class='ocrx_word' id='word_1_57' title='bbox 1993 1107 2086 1188; x_wconf 84' lang='lat' dir='ltr'><strong>qua·</strong></span> 
     </span>
     <span class='ocr_line' id='line_1_7' title="bbox 308 1186 2086 1297; baseline -0.002 -24"><span class='ocrx_word' id='word_1_58' title='bbox 308 1191 495 1272; x_wconf 78' lang='lat' dir='ltr'><strong>drentem</strong></span> <span class='ocrx_word' id='word_1_59' title='bbox 522 1203 631 1268; x_wconf 92' lang='lat' dir='ltr'><strong>terre</strong></span> <span class='ocrx_word' id='word_1_60' title='bbox 664 1193 786 1297; x_wconf 84' lang='lat' dir='ltr'><strong>quem</strong></span> <span class='ocrx_word' id='word_1_61' title='bbox 813 1188 892 1296; x_wconf 85' lang='lat' dir='ltr'><strong>emj</strong></span> <span class='ocrx_word' id='word_1_62' title='bbox 920 1189 963 1267; x_wconf 92' lang='lat' dir='ltr'><strong>in</strong></span> <span class='ocrx_word' id='word_1_63' title='bbox 991 1186 1187 1295; x_wconf 73' lang='lat' dir='ltr'><strong>flaetatghe.</strong></span> <span class='ocrx_word' id='word_1_64' title='bbox 1212 1214 1236 1266; x_wconf 91' lang='lat' dir='ltr'><strong>a</strong></span> <span class='ocrx_word' id='word_1_65' title='bbox 1263 1203 1401 1293; x_wconf 82' lang='lat' dir='ltr'><strong>saegut.</strong></span> <span class='ocrx_word' id='word_1_66' title='bbox 1445 1213 1536 1267; x_wconf 87' lang='lat' dir='ltr'><strong>cum</strong></span> <span class='ocrx_word' id='word_1_67' title='bbox 1564 1187 1754 1269; x_wconf 89' lang='lat' dir='ltr'><strong>omnibus</strong></span> <span class='ocrx_word' id='word_1_68' title='bbox 1795 1187 2012 1282; x_wconf 81' lang='lat' dir='ltr'><strong>mobilibus</strong></span> <span class='ocrx_word' id='word_1_69' title='bbox 2037 1189 2086 1270; x_wconf 84' lang='lat' dir='ltr'><strong>ad</strong></span> 
     </span>
     <span class='ocr_line' id='line_1_8' title="bbox 309 1294 2087 1407; baseline 0 -27"><span class='ocrx_word' id='word_1_70' title='bbox 309 1295 373 1380; x_wconf 88' lang='lat' dir='ltr'><strong>me</strong></span> <span class='ocrx_word' id='word_1_71' title='bbox 400 1298 695 1406; x_wconf 89' lang='lat' dir='ltr'><strong>pertinentibus</strong></span> <span class='ocrx_word' id='word_1_72' title='bbox 722 1296 872 1379; x_wconf 87' lang='lat' dir='ltr'><strong>ibidem</strong></span> <span class='ocrx_word' id='word_1_73' title='bbox 899 1299 1003 1378; x_wconf 86' lang='lat' dir='ltr'><strong>Jtem</strong></span> <span class='ocrx_word' id='word_1_74' title='bbox 1048 1295 1260 1376; x_wconf 91' lang='lat' dir='ltr'><strong>dimidium</strong></span> <span class='ocrx_word' id='word_1_75' title='bbox 1298 1294 1566 1405; x_wconf 86' lang='lat' dir='ltr'><strong>quadrantem</strong></span> <span class='ocrx_word' id='word_1_76' title='bbox 1606 1296 1653 1405; x_wconf 82' lang='lat' dir='ltr'><strong>jn</strong></span> <span class='ocrx_word' id='word_1_77' title='bbox 1693 1296 1964 1407; x_wconf 83' lang='lat' dir='ltr'><strong>thothathorp</strong></span> <span class='ocrx_word' id='word_1_78' title='bbox 2003 1323 2087 1380; x_wconf 87' lang='lat' dir='ltr'><strong>cum</strong></span> 
     </span>
     <span class='ocr_line' id='line_1_9' title="bbox 308 1404 2088 1519; baseline 0 -29"><span class='ocrx_word' id='word_1_79' title='bbox 308 1409 499 1490; x_wconf 89' lang='lat' dir='ltr'><strong>omnibus</strong></span> <span class='ocrx_word' id='word_1_80' title='bbox 524 1407 742 1487; x_wconf 85' lang='lat' dir='ltr'><strong>mobilibus</strong></span> <span class='ocrx_word' id='word_1_81' title='bbox 769 1407 822 1488; x_wconf 90' lang='lat' dir='ltr'><strong>ad</strong></span> <span class='ocrx_word' id='word_1_82' title='bbox 848 1436 912 1488; x_wconf 92' lang='lat' dir='ltr'><strong>me</strong></span> <span class='ocrx_word' id='word_1_83' title='bbox 938 1407 1234 1517; x_wconf 88' lang='lat' dir='ltr'><strong>pertinentibus</strong></span> <span class='ocrx_word' id='word_1_84' title='bbox 1254 1405 1416 1496; x_wconf 90' lang='lat' dir='ltr'><strong>ibidem.</strong></span> <span class='ocrx_word' id='word_1_85' title='bbox 1431 1404 1500 1487; x_wconf 88' lang='lat' dir='ltr'><strong>do.</strong></span> <span class='ocrx_word' id='word_1_86' title='bbox 1527 1407 1621 1513; x_wconf 81' lang='lat' dir='ltr'><strong>lego</strong></span> <span class='ocrx_word' id='word_1_87' title='bbox 1638 1408 1717 1489; x_wconf 91' lang='lat' dir='ltr'><strong>sub</strong></span> <span class='ocrx_word' id='word_1_88' title='bbox 1735 1407 1816 1487; x_wconf 89' lang='lat' dir='ltr'><strong>hoc</strong></span> <span class='ocrx_word' id='word_1_89' title='bbox 1833 1408 1957 1488; x_wconf 90' lang='lat' dir='ltr'><strong>modo</strong></span> <span class='ocrx_word' id='word_1_90' title='bbox 1980 1407 2088 1519; x_wconf 90' lang='lat' dir='ltr'><strong>quod</strong></span> 
     </span>
     <span class='ocr_line' id='line_1_10' title="bbox 243 1516 2085 1626; baseline -0.002 -25"><span class='ocrx_word' id='word_1_91' title='bbox 243 1552 247 1566; x_wconf 89' lang='lat'>·</span> <span class='ocrx_word' id='word_1_92' title='bbox 310 1520 361 1601; x_wconf 92' lang='lat' dir='ltr'><strong>de</strong></span> <span class='ocrx_word' id='word_1_93' title='bbox 377 1518 602 1600; x_wconf 89' lang='lat' dir='ltr'><strong>redditibus</strong></span> <span class='ocrx_word' id='word_1_94' title='bbox 616 1518 688 1626; x_wconf 90' lang='lat' dir='ltr'><strong>qui</strong></span> <span class='ocrx_word' id='word_1_95' title='bbox 702 1519 946 1625; x_wconf 90' lang='lat' dir='ltr'><strong>proueniunt</strong></span> <span class='ocrx_word' id='word_1_96' title='bbox 960 1517 1012 1599; x_wconf 92' lang='lat' dir='ltr'><strong>de</strong></span> <span class='ocrx_word' id='word_1_97' title='bbox 1030 1517 1190 1598; x_wconf 91' lang='lat' dir='ltr'><strong>terrulis</strong></span> <span class='ocrx_word' id='word_1_98' title='bbox 1211 1518 1440 1597; x_wconf 88' lang='lat' dir='ltr'><strong>memoratis</strong></span> <span class='ocrx_word' id='word_1_99' title='bbox 1451 1544 1530 1596; x_wconf 84' lang='lat' dir='ltr'><strong>vna</strong></span> <span class='ocrx_word' id='word_1_100' title='bbox 1546 1519 1707 1598; x_wconf 84' lang='lat' dir='ltr'><strong>marcha</strong></span> <span class='ocrx_word' id='word_1_101' title='bbox 1734 1516 1828 1599; x_wconf 91' lang='lat' dir='ltr'><strong>den.</strong></span> <span class='ocrx_word' id='word_1_102' title='bbox 1862 1516 2085 1600; x_wconf 89' lang='lat' dir='ltr'><strong>deducatur</strong></span> 
     </span>
     <span class='ocr_line' id='line_1_11' title="bbox 311 1625 2086 1737; baseline -0.001 -26"><span class='ocrx_word' id='word_1_103' title='bbox 311 1629 362 1711; x_wconf 87' lang='lat' dir='ltr'><strong>ad</strong></span> <span class='ocrx_word' id='word_1_104' title='bbox 377 1629 594 1737; x_wconf 84' lang='lat' dir='ltr'><strong>pitanciam</strong></span> <span class='ocrx_word' id='word_1_105' title='bbox 620 1629 905 1708; x_wconf 87' lang='lat' dir='ltr'><strong>canonicorum</strong></span> <span class='ocrx_word' id='word_1_106' title='bbox 936 1625 1190 1722; x_wconf 83' lang='lat' dir='ltr'><strong>lundensium</strong></span> <span class='ocrx_word' id='word_1_107' title='bbox 1211 1628 1280 1708; x_wconf 88' lang='lat' dir='ltr'><strong>die</strong></span> <span class='ocrx_word' id='word_1_108' title='bbox 1299 1627 1563 1706; x_wconf 87' lang='lat' dir='ltr'><strong>anniuersarii</strong></span> <span class='ocrx_word' id='word_1_109' title='bbox 1583 1629 1671 1707; x_wconf 73' lang='lat' dir='ltr'><strong>mei,</strong></span> <span class='ocrx_word' id='word_1_110' title='bbox 1687 1626 1851 1708; x_wconf 85' lang='lat' dir='ltr'><strong>diuridia</strong></span> <span class='ocrx_word' id='word_1_111' title='bbox 1864 1628 2026 1710; x_wconf 88' lang='lat' dir='ltr'><strong>marcha</strong></span> <span class='ocrx_word' id='word_1_112' title='bbox 2040 1628 2086 1710; x_wconf 92' lang='lat' dir='ltr'><strong>ad</strong></span> 
     </span>
     <span class='ocr_line' id='line_1_12' title="bbox 311 1735 2091 1845; baseline -0.001 -26"><span class='ocrx_word' id='word_1_113' title='bbox 311 1739 558 1820; x_wconf 86' lang='lat' dir='ltr'><strong>sacrificium.</strong></span> <span class='ocrx_word' id='word_1_114' title='bbox 593 1753 633 1816; x_wconf 92' lang='lat' dir='ltr'><strong>et</strong></span> <span class='ocrx_word' id='word_1_115' title='bbox 660 1737 822 1817; x_wconf 90' lang='lat' dir='ltr'><strong>marcha</strong></span> <span class='ocrx_word' id='word_1_116' title='bbox 850 1736 940 1818; x_wconf 93' lang='lat' dir='ltr'><strong>deu.</strong></span> <span class='ocrx_word' id='word_1_117' title='bbox 972 1737 1207 1845; x_wconf 85' lang='lat' dir='ltr'><strong>modoque</strong></span> <span class='ocrx_word' id='word_1_118' title='bbox 1233 1755 1366 1845; x_wconf 90' lang='lat' dir='ltr'><strong>potest</strong></span> <span class='ocrx_word' id='word_1_119' title='bbox 1407 1737 1564 1844; x_wconf 85' lang='lat' dir='ltr'><strong>equiori</strong></span> <span class='ocrx_word' id='word_1_120' title='bbox 1597 1735 1810 1818; x_wconf 90' lang='lat' dir='ltr'><strong>diuidatur</strong></span> <span class='ocrx_word' id='word_1_121' title='bbox 1849 1739 1960 1816; x_wconf 91' lang='lat' dir='ltr'><strong>inter</strong></span> <span class='ocrx_word' id='word_1_122' title='bbox 1986 1740 2091 1818; x_wconf 87' lang='lat' dir='ltr'><strong>vica·</strong></span> 
     </span>
     <span class='ocr_line' id='line_1_13' title="bbox 187 1846 2183 1958; baseline 0 -29"><span class='ocrx_word' id='word_1_123' title='bbox 187 1877 194 1892; x_wconf 92' lang='lat'><strong>·</strong></span> <span class='ocrx_word' id='word_1_124' title='bbox 311 1851 393 1930; x_wconf 88' lang='lat' dir='ltr'><strong>rios</strong></span> <span class='ocrx_word' id='word_1_125' title='bbox 420 1853 461 1928; x_wconf 84' lang='lat'>&amp;</span> <span class='ocrx_word' id='word_1_126' title='bbox 488 1848 662 1928; x_wconf 87' lang='lat' dir='ltr'><strong>scolares</strong></span> <span class='ocrx_word' id='word_1_127' title='bbox 692 1848 765 1957; x_wconf 90' lang='lat' dir='ltr'><strong>qui</strong></span> <span class='ocrx_word' id='word_1_128' title='bbox 792 1847 1044 1928; x_wconf 86' lang='lat' dir='ltr'><strong>interfuerint</strong></span> <span class='ocrx_word' id='word_1_129' title='bbox 1071 1846 1186 1926; x_wconf 89' lang='lat' dir='ltr'><strong>misse</strong></span> <span class='ocrx_word' id='word_1_130' title='bbox 1214 1847 1477 1926; x_wconf 88' lang='lat' dir='ltr'><strong>anniuersarii</strong></span> <span class='ocrx_word' id='word_1_131' title='bbox 1508 1847 1599 1925; x_wconf 89' lang='lat' dir='ltr'><strong>mei.</strong></span> <span class='ocrx_word' id='word_1_132' title='bbox 1625 1847 1737 1929; x_wconf 86' lang='lat' dir='ltr'><strong>XIII.</strong></span> <span class='ocrx_word' id='word_1_133' title='bbox 1766 1875 1839 1928; x_wconf 89' lang='lat' dir='ltr'><strong>ore</strong></span> <span class='ocrx_word' id='word_1_134' title='bbox 1874 1847 1970 1928; x_wconf 84' lang='lat' dir='ltr'><strong>volo</strong></span> <span class='ocrx_word' id='word_1_135' title='bbox 1984 1847 2091 1958; x_wconf 89' lang='lat' dir='ltr'><strong>quud</strong></span> <span class='ocrx_word' id='word_1_136' title='bbox 2181 1943 2183 1949; x_wconf 23' lang='grc' dir='ltr'>Ι</span> 
     </span>
     <span class='ocr_line' id='line_1_14' title="bbox 311 1954 2089 2065; baseline -0.002 -23"><span class='ocrx_word' id='word_1_137' title='bbox 311 1956 548 2042; x_wconf 81' lang='lat' dir='ltr'><strong>diuiduntur</strong></span> <span class='ocrx_word' id='word_1_138' title='bbox 574 1958 682 2036; x_wconf 91' lang='lat' dir='ltr'><strong>inter</strong></span> <span class='ocrx_word' id='word_1_139' title='bbox 707 1956 993 2065; x_wconf 86' lang='lat' dir='ltr'><strong>predicatores.</strong></span> <span class='ocrx_word' id='word_1_140' title='bbox 1024 1954 1170 2038; x_wconf 84' lang='lat' dir='ltr'><strong>fratres</strong></span> <span class='ocrx_word' id='word_1_141' title='bbox 1197 1957 1371 2036; x_wconf 88' lang='lat' dir='ltr'><strong>minores</strong></span> <span class='ocrx_word' id='word_1_142' title='bbox 1410 1954 1612 2062; x_wconf 89' lang='lat' dir='ltr'><strong>hospitale</strong></span> <span class='ocrx_word' id='word_1_143' title='bbox 1637 1956 1892 2065; x_wconf 88' lang='lat' dir='ltr'><strong>Ieprosorum</strong></span> <span class='ocrx_word' id='word_1_144' title='bbox 1930 1973 1981 2064; x_wconf 41' lang='lat' dir='ltr'><strong>‚et</strong></span> <span class='ocrx_word' id='word_1_145' title='bbox 2008 1959 2089 2038; x_wconf 87' lang='lat' dir='ltr'><strong>·ho-</strong></span> 
     </span>
     <span class='ocr_line' id='line_1_15' title="bbox 311 2063 2088 2178; baseline -0.001 -30"><span class='ocrx_word' id='word_1_146' title='bbox 311 2067 456 2177; x_wconf 87' lang='lat' dir='ltr'><strong>spitale</strong></span> <span class='ocrx_word' id='word_1_147' title='bbox 481 2066 648 2175; x_wconf 88' lang='lat' dir='ltr'><strong>spiritus</strong></span> <span class='ocrx_word' id='word_1_148' title='bbox 674 2071 800 2147; x_wconf 89' lang='lat' dir='ltr'><strong>sancti</strong></span> <span class='ocrx_word' id='word_1_149' title='bbox 827 2071 868 2145; x_wconf 87' lang='lat'>&amp;</span> <span class='ocrx_word' id='word_1_150' title='bbox 894 2066 996 2147; x_wconf 87' lang='lat' dir='ltr'><strong>alios</strong></span> <span class='ocrx_word' id='word_1_151' title='bbox 1020 2093 1229 2174; x_wconf 90' lang='lat' dir='ltr'><strong>pauperes.</strong></span> <span class='ocrx_word' id='word_1_152' title='bbox 1262 2067 1367 2146; x_wconf 90' lang='lat' dir='ltr'><strong>sicut</strong></span> <span class='ocrx_word' id='word_1_153' title='bbox 1392 2064 1561 2146; x_wconf 89' lang='lat' dir='ltr'><strong>domino</strong></span> <span class='ocrx_word' id='word_1_154' title='bbox 1597 2063 1754 2148; x_wconf 91' lang='lat' dir='ltr'><strong>decano</strong></span> <span class='ocrx_word' id='word_1_155' title='bbox 1786 2067 1860 2178; x_wconf 86' lang='lat' dir='ltr'><strong>qui</strong></span> <span class='ocrx_word' id='word_1_156' title='bbox 1886 2092 1967 2175; x_wconf 80' lang='lat' dir='ltr'><strong>pro</strong></span> <span class='ocrx_word' id='word_1_157' title='bbox 1995 2082 2088 2147; x_wconf 89' lang='lat' dir='ltr'><strong>tem·</strong></span> 
     </span>
     <span class='ocr_line' id='line_1_16' title="bbox 312 2168 2088 2288; baseline -0.001 -29"><span class='ocrx_word' id='word_1_158' title='bbox 312 2187 412 2288; x_wconf 86' lang='lat' dir='ltr'><strong>pore</strong></span> <span class='ocrx_word' id='word_1_159' title='bbox 436 2176 566 2257; x_wconf 82' lang='lat' dir='ltr'><strong>luerit.</strong></span> <span class='ocrx_word' id='word_1_160' title='bbox 598 2203 750 2287; x_wconf 90' lang='lat' dir='ltr'><strong>equum</strong></span> <span class='ocrx_word' id='word_1_161' title='bbox 777 2168 992 2258; x_wconf 81' lang='lat' dir='ltr'><strong>videbitur.</strong></span> <span class='ocrx_word' id='word_1_162' title='bbox 1028 2176 1144 2256; x_wconf 88' lang='lat' dir='ltr'><strong>cuius</strong></span> <span class='ocrx_word' id='word_1_163' title='bbox 1171 2175 1427 2257; x_wconf 88' lang='lat' dir='ltr'><strong>ordinacicui</strong></span> <span class='ocrx_word' id='word_1_164' title='bbox 1463 2181 1505 2256; x_wconf 71' lang='lat' dir='ltr'><strong>u</strong></span> <span class='ocrx_word' id='word_1_165' title='bbox 1531 2173 1657 2256; x_wconf 89' lang='lat' dir='ltr'><strong>modo</strong></span> <span class='ocrx_word' id='word_1_166' title='bbox 1695 2201 1783 2284; x_wconf 89' lang='lat' dir='ltr'><strong>quo</strong></span> <span class='ocrx_word' id='word_1_167' title='bbox 1825 2173 1981 2256; x_wconf 88' lang='lat' dir='ltr'><strong>dictum</strong></span> <span class='ocrx_word' id='word_1_168' title='bbox 2022 2197 2088 2258; x_wconf 90' lang='lat' dir='ltr'><strong>cst.</strong></span> 
     </span>
     <span class='ocr_line' id='line_1_17' title="bbox 303 2283 2091 2394; baseline -0.001 -26"><span class='ocrx_word' id='word_1_169' title='bbox 303 2289 441 2382; x_wconf 79' lang='lat' dir='ltr'><strong>¹dictas</strong></span> <span class='ocrx_word' id='word_1_170' title='bbox 461 2285 630 2368; x_wconf 90' lang='lat' dir='ltr'><strong>terrulas</strong></span> <span class='ocrx_word' id='word_1_171' title='bbox 657 2287 872 2367; x_wconf 88' lang='lat' dir='ltr'><strong>committo.</strong></span> <span class='ocrx_word' id='word_1_172' title='bbox 909 2287 1011 2367; x_wconf 90' lang='lat' dir='ltr'><strong>etsi</strong></span> <span class='ocrx_word' id='word_1_173' title='bbox 1039 2287 1131 2393; x_wconf 86' lang='lat' dir='ltr'><strong>plus</strong></span> <span class='ocrx_word' id='word_1_174' title='bbox 1159 2285 1353 2367; x_wconf 89' lang='lat' dir='ltr'><strong>soluerint</strong></span> <span class='ocrx_word' id='word_1_175' title='bbox 1385 2313 1508 2394; x_wconf 91' lang='lat' dir='ltr'><strong>quam</strong></span> <span class='ocrx_word' id='word_1_176' title='bbox 1550 2283 1635 2365; x_wconf 84' lang='lat' dir='ltr'><strong>dixi</strong></span> <span class='ocrx_word' id='word_1_177' title='bbox 1669 2286 1768 2368; x_wconf 84' lang='lat' dir='ltr'><strong>volo</strong></span> <span class='ocrx_word' id='word_1_178' title='bbox 1806 2285 1919 2394; x_wconf 81' lang='lat' dir='ltr'><strong>quod</strong></span> <span class='ocrx_word' id='word_1_179' title='bbox 1941 2285 2091 2367; x_wconf 86' lang='lat' dir='ltr'><strong>residu·</strong></span> 
     </span>
     <span class='ocr_line' id='line_1_18' title="bbox 312 2393 2092 2505; baseline -0.001 -27"><span class='ocrx_word' id='word_1_180' title='bbox 312 2425 382 2479; x_wconf 92' lang='lat' dir='ltr'><strong>um</strong></span> <span class='ocrx_word' id='word_1_181' title='bbox 409 2396 526 2479; x_wconf 90' lang='lat' dir='ltr'><strong>cedat</strong></span> <span class='ocrx_word' id='word_1_182' title='bbox 553 2395 690 2476; x_wconf 74' lang='lat' dir='ltr'><strong>usibus</strong></span> <span class='ocrx_word' id='word_1_183' title='bbox 718 2393 860 2476; x_wconf 91' lang='lat' dir='ltr'><strong>decani</strong></span> <span class='ocrx_word' id='word_1_184' title='bbox 893 2399 997 2478; x_wconf 85' lang='lat' dir='ltr'><strong>Item</strong></span> <span class='ocrx_word' id='word_1_185' title='bbox 1025 2393 1303 2475; x_wconf 89' lang='lat' dir='ltr'><strong>molendinum</strong></span> <span class='ocrx_word' id='word_1_186' title='bbox 1319 2396 1450 2505; x_wconf 85' lang='lat' dir='ltr'><strong>quod</strong></span> <span class='ocrx_word' id='word_1_187' title='bbox 1465 2393 1597 2478; x_wconf 92' lang='lat' dir='ltr'><strong>babeo</strong></span> <span class='ocrx_word' id='word_1_188' title='bbox 1612 2399 1655 2474; x_wconf 91' lang='lat' dir='ltr'><strong>in</strong></span> <span class='ocrx_word' id='word_1_189' title='bbox 1669 2394 1868 2504; x_wconf 81' lang='lat' dir='ltr'><strong>flaetoghe.</strong></span> <span class='ocrx_word' id='word_1_190' title='bbox 1882 2395 1974 2503; x_wconf 85' lang='lat' dir='ltr'><strong>lego</strong></span> <span class='ocrx_word' id='word_1_191' title='bbox 1989 2424 2092 2478; x_wconf 89' lang='lat' dir='ltr'><strong>men·</strong></span> 
     </span>
     <span class='ocr_line' id='line_1_19' title="bbox 311 2503 2092 2616; baseline -0.001 -28"><span class='ocrx_word' id='word_1_192' title='bbox 311 2535 353 2589; x_wconf 90' lang='lat' dir='ltr'><strong>se</strong></span> <span class='ocrx_word' id='word_1_193' title='bbox 381 2507 667 2590; x_wconf 89' lang='lat' dir='ltr'><strong>canonicorum</strong></span> <span class='ocrx_word' id='word_1_194' title='bbox 701 2506 913 2615; x_wconf 84' lang='lat' dir='ltr'><strong>Equicium</strong></span> <span class='ocrx_word' id='word_1_195' title='bbox 941 2504 1054 2615; x_wconf 90' lang='lat' dir='ltr'><strong>quod</strong></span> <span class='ocrx_word' id='word_1_196' title='bbox 1082 2505 1212 2586; x_wconf 87' lang='lat' dir='ltr'><strong>babeo</strong></span> <span class='ocrx_word' id='word_1_197' title='bbox 1239 2503 1401 2585; x_wconf 91' lang='lat' dir='ltr'><strong>ibidem.</strong></span> <span class='ocrx_word' id='word_1_198' title='bbox 1427 2505 1805 2614; x_wconf 87' lang='lat' dir='ltr'><strong>archiepiscopatui.</strong></span> <span class='ocrx_word' id='word_1_199' title='bbox 1839 2511 1974 2587; x_wconf 90' lang='lat' dir='ltr'><strong>omnia</strong></span> <span class='ocrx_word' id='word_1_200' title='bbox 2003 2535 2092 2616; x_wconf 88' lang='lat' dir='ltr'><strong>pra·</strong></span> 
     </span>
     <span class='ocr_line' id='line_1_20' title="bbox 309 2614 2092 2724; baseline -0.001 -24"><span class='ocrx_word' id='word_1_201' title='bbox 309 2637 350 2700; x_wconf 90' lang='lat' dir='ltr'><strong>ta</strong></span> <span class='ocrx_word' id='word_1_202' title='bbox 387 2618 439 2698; x_wconf 91' lang='lat' dir='ltr'><strong>ad</strong></span> <span class='ocrx_word' id='word_1_203' title='bbox 478 2643 540 2698; x_wconf 88' lang='lat' dir='ltr'><strong>me</strong></span> <span class='ocrx_word' id='word_1_204' title='bbox 568 2618 795 2724; x_wconf 88' lang='lat' dir='ltr'><strong>spectancia</strong></span> <span class='ocrx_word' id='word_1_205' title='bbox 822 2617 864 2696; x_wconf 89' lang='lat' dir='ltr'><strong>iu</strong></span> <span class='ocrx_word' id='word_1_206' title='bbox 880 2614 1076 2723; x_wconf 54' lang='lat' dir='ltr'><strong>stangby.</strong></span> <span class='ocrx_word' id='word_1_207' title='bbox 1111 2615 1203 2722; x_wconf 88' lang='lat' dir='ltr'><strong>Iego</strong></span> <span class='ocrx_word' id='word_1_208' title='bbox 1231 2615 1411 2694; x_wconf 89' lang='lat' dir='ltr'><strong>claustro</strong></span> <span class='ocrx_word' id='word_1_209' title='bbox 1436 2615 1671 2698; x_wconf 87' lang='lat' dir='ltr'><strong>MouiaIium</strong></span> <span class='ocrx_word' id='word_1_210' title='bbox 1706 2616 1838 2696; x_wconf 87' lang='lat' dir='ltr'><strong>sancti</strong></span> <span class='ocrx_word' id='word_1_211' title='bbox 1870 2618 1981 2724; x_wconf 85' lang='lat' dir='ltr'><strong>petri</strong></span> <span class='ocrx_word' id='word_1_212' title='bbox 2008 2619 2092 2698; x_wconf 90' lang='lat' dir='ltr'><strong>Iun·</strong></span> 
     </span>
     <span class='ocr_line' id='line_1_21' title="bbox 310 2723 2092 2836; baseline 0 -27"><span class='ocrx_word' id='word_1_213' title='bbox 310 2727 372 2810; x_wconf 88' lang='lat' dir='ltr'><strong>dis</strong></span> <span class='ocrx_word' id='word_1_214' title='bbox 407 2729 508 2807; x_wconf 79' lang='lat' dir='ltr'><strong>Item</strong></span> <span class='ocrx_word' id='word_1_215' title='bbox 551 2740 711 2833; x_wconf 89' lang='lat' dir='ltr'><strong>pratum</strong></span> <span class='ocrx_word' id='word_1_216' title='bbox 747 2723 860 2836; x_wconf 87' lang='lat' dir='ltr'><strong>quod</strong></span> <span class='ocrx_word' id='word_1_217' title='bbox 898 2725 1024 2805; x_wconf 93' lang='lat' dir='ltr'><strong>habui</strong></span> <span class='ocrx_word' id='word_1_218' title='bbox 1055 2723 1106 2804; x_wconf 89' lang='lat' dir='ltr'><strong>de</strong></span> <span class='ocrx_word' id='word_1_219' title='bbox 1134 2725 1325 2831; x_wconf 83' lang='lat' dir='ltr'><strong>magistro</strong></span> <span class='ocrx_word' id='word_1_220' title='bbox 1353 2724 1470 2806; x_wconf 85' lang='lat' dir='ltr'><strong>felice</strong></span> <span class='ocrx_word' id='word_1_221' title='bbox 1496 2745 1538 2808; x_wconf 90' lang='lat' dir='ltr'><strong>et</strong></span> <span class='ocrx_word' id='word_1_222' title='bbox 1576 2725 1690 2834; x_wconf 88' lang='lat' dir='ltr'><strong>quod</strong></span> <span class='ocrx_word' id='word_1_223' title='bbox 1724 2727 1935 2806; x_wconf 87' lang='lat' dir='ltr'><strong>interiacet</strong></span> <span class='ocrx_word' id='word_1_224' title='bbox 1971 2730 2092 2836; x_wconf 86' lang='lat' dir='ltr'><strong>pratis</strong></span> 
     </span>
     <span class='ocr_line' id='line_1_22' title="bbox 310 2834 2092 2946; baseline 0.001 -28"><span class='ocrx_word' id='word_1_225' title='bbox 310 2835 587 2946; x_wconf 85' lang='lat' dir='ltr'><strong>spectantibus</strong></span> <span class='ocrx_word' id='word_1_226' title='bbox 612 2834 664 2916; x_wconf 92' lang='lat' dir='ltr'><strong>ad</strong></span> <span class='ocrx_word' id='word_1_227' title='bbox 690 2837 796 2935; x_wconf 71' lang='lat' dir='ltr'><strong>rabir</strong></span> <span class='ocrx_word' id='word_1_228' title='bbox 826 2837 977 2945; x_wconf 82' lang='lat' dir='ltr'><strong>maglae.</strong></span> <span class='ocrx_word' id='word_1_229' title='bbox 1005 2834 1216 2917; x_wconf 89' lang='lat' dir='ltr'><strong>decanatui</strong></span> <span class='ocrx_word' id='word_1_230' title='bbox 1259 2839 1363 2914; x_wconf 86' lang='lat' dir='ltr'><strong>Jtem</strong></span> <span class='ocrx_word' id='word_1_231' title='bbox 1390 2835 1640 2932; x_wconf 83' lang='lat' dir='ltr'><strong>alwithrutb,</strong></span> <span class='ocrx_word' id='word_1_232' title='bbox 1653 2835 1766 2945; x_wconf 89' lang='lat' dir='ltr'><strong>quod</strong></span> <span class='ocrx_word' id='word_1_233' title='bbox 1793 2851 1855 2915; x_wconf 89' lang='lat' dir='ltr'><strong>est</strong></span> <span class='ocrx_word' id='word_1_234' title='bbox 1882 2837 1927 2916; x_wconf 88' lang='lat' dir='ltr'><strong>iu</strong></span> <span class='ocrx_word' id='word_1_235' title='bbox 1957 2866 2092 2945; x_wconf 85' lang='lat' dir='ltr'><strong>parro-</strong></span> 
     </span>
     <span class='ocr_line' id='line_1_23' title="bbox 310 2944 2088 3054; baseline -0.001 -26"><span class='ocrx_word' id='word_1_236' title='bbox 310 2947 402 3028; x_wconf 78' lang='lat' dir='ltr'><strong>ch&#39;i&#39;a</strong></span> <span class='ocrx_word' id='word_1_237' title='bbox 423 2946 617 3053; x_wconf 81' lang='lat' dir='ltr'><strong>&#39;withingi</strong></span> <span class='ocrx_word' id='word_1_238' title='bbox 650 2947 693 3026; x_wconf 89' lang='lat' dir='ltr'><strong>iu</strong></span> <span class='ocrx_word' id='word_1_239' title='bbox 719 2946 933 3027; x_wconf 89' lang='lat' dir='ltr'><strong>hallandia.</strong></span> <span class='ocrx_word' id='word_1_240' title='bbox 968 2946 1062 3054; x_wconf 84' lang='lat' dir='ltr'><strong>lego</strong></span> <span class='ocrx_word' id='word_1_241' title='bbox 1088 2973 1221 3026; x_wconf 88' lang='lat' dir='ltr'><strong>meuse</strong></span> <span class='ocrx_word' id='word_1_242' title='bbox 1247 2944 1418 3046; x_wconf 77' lang='lat' dir='ltr'><strong>fratrum</strong></span> <span class='ocrx_word' id='word_1_243' title='bbox 1455 2946 1507 3028; x_wconf 93' lang='lat' dir='ltr'><strong>de</strong></span> <span class='ocrx_word' id='word_1_244' title='bbox 1534 2944 1751 3027; x_wconf 86' lang='lat' dir='ltr'><strong>heerwado.</strong></span> <span class='ocrx_word' id='word_1_245' title='bbox 1779 2947 1886 3025; x_wconf 82' lang='lat' dir='ltr'><strong>Item</strong></span> <span class='ocrx_word' id='word_1_246' title='bbox 1909 2948 2088 3028; x_wconf 69' lang='lat' dir='ltr'><strong>emunitus</strong></span> 
     </span>
     <span class='ocr_line' id='line_1_24' title="bbox 310 3054 2091 3167; baseline -0.001 -28"><span class='ocrx_word' id='word_1_247' title='bbox 310 3073 494 3139; x_wconf 87' lang='lat' dir='ltr'><strong>constare</strong></span> <span class='ocrx_word' id='word_1_248' title='bbox 521 3054 616 3138; x_wconf 87' lang='lat' dir='ltr'><strong>volo</strong></span> <span class='ocrx_word' id='word_1_249' title='bbox 643 3055 756 3167; x_wconf 93' lang='lat' dir='ltr'><strong>quod</strong></span> <span class='ocrx_word' id='word_1_250' title='bbox 790 3073 874 3138; x_wconf 87' lang='lat' dir='ltr'><strong>tota</strong></span> <span class='ocrx_word' id='word_1_251' title='bbox 915 3074 1023 3138; x_wconf 86' lang='lat' dir='ltr'><strong>terra</strong></span> <span class='ocrx_word' id='word_1_252' title='bbox 1064 3083 1186 3164; x_wconf 88' lang='lat' dir='ltr'><strong>quam</strong></span> <span class='ocrx_word' id='word_1_253' title='bbox 1229 3057 1306 3136; x_wconf 89' lang='lat' dir='ltr'><strong>emi</strong></span> <span class='ocrx_word' id='word_1_254' title='bbox 1348 3057 1392 3136; x_wconf 90' lang='lat' dir='ltr'><strong>in</strong></span> <span class='ocrx_word' id='word_1_255' title='bbox 1434 3055 1618 3165; x_wconf 72' lang='lat' dir='ltr'><strong>fiaeldghe</strong></span> <span class='ocrx_word' id='word_1_256' title='bbox 1649 3056 1803 3136; x_wconf 89' lang='lat' dir='ltr'><strong>scilicet</strong></span> <span class='ocrx_word' id='word_1_257' title='bbox 1845 3055 1931 3138; x_wconf 87' lang='lat' dir='ltr'><strong>duo</strong></span> <span class='ocrx_word' id='word_1_258' title='bbox 1969 3060 2091 3138; x_wconf 87' lang='lat' dir='ltr'><strong>mansi</strong></span> 
     </span>
     <span class='ocr_line' id='line_1_25' title="bbox 310 3163 2093 3275; baseline 0.001 -30"><span class='ocrx_word' id='word_1_259' title='bbox 310 3167 503 3246; x_wconf 81' lang='lat' dir='ltr'><strong>&amp;tercia</strong></span> <span class='ocrx_word' id='word_1_260' title='bbox 532 3193 624 3274; x_wconf 90' lang='lat' dir='ltr'><strong>pars</strong></span> <span class='ocrx_word' id='word_1_261' title='bbox 651 3167 780 3246; x_wconf 90' lang='lat' dir='ltr'><strong>mansi</strong></span> <span class='ocrx_word' id='word_1_262' title='bbox 811 3169 915 3247; x_wconf 78' lang='lat' dir='ltr'><strong>Item</strong></span> <span class='ocrx_word' id='word_1_263' title='bbox 943 3181 1029 3248; x_wconf 90' lang='lat' dir='ltr'><strong>tota</strong></span> <span class='ocrx_word' id='word_1_264' title='bbox 1057 3181 1164 3246; x_wconf 89' lang='lat' dir='ltr'><strong>terra</strong></span> <span class='ocrx_word' id='word_1_265' title='bbox 1201 3193 1323 3274; x_wconf 92' lang='lat' dir='ltr'><strong>quam</strong></span> <span class='ocrx_word' id='word_1_266' title='bbox 1350 3167 1427 3246; x_wconf 90' lang='lat' dir='ltr'><strong>emi</strong></span> <span class='ocrx_word' id='word_1_267' title='bbox 1455 3168 1496 3246; x_wconf 89' lang='lat' dir='ltr'><strong>in</strong></span> <span class='ocrx_word' id='word_1_268' title='bbox 1525 3163 1770 3274; x_wconf 68' lang='lat' dir='ltr'><strong>dndaethorp</strong></span> <span class='ocrx_word' id='word_1_269' title='bbox 1803 3192 1884 3275; x_wconf 91' lang='lat' dir='ltr'><strong>que</strong></span> <span class='ocrx_word' id='word_1_270' title='bbox 1916 3169 2093 3248; x_wconf 86' lang='lat' dir='ltr'><strong>continet</strong></span> 
     </span>
     <span class='ocr_line' id='line_1_26' title="bbox 202 3273 2092 3386; baseline 0.002 -32"><span class='ocrx_word' id='word_1_271' title='bbox 202 3375 205 3380; x_wconf 20' lang='grc' dir='ltr'>Ι</span> <span class='ocrx_word' id='word_1_272' title='bbox 311 3274 491 3386; x_wconf 88' lang='lat' dir='ltr'><strong>quinque</strong></span> <span class='ocrx_word' id='word_1_273' title='bbox 518 3274 777 3385; x_wconf 88' lang='lat' dir='ltr'><strong>quadrantes.</strong></span> <span class='ocrx_word' id='word_1_274' title='bbox 806 3293 938 3384; x_wconf 90' lang='lat' dir='ltr'><strong>empte</strong></span> <span class='ocrx_word' id='word_1_275' title='bbox 968 3273 1126 3357; x_wconf 69' lang='lat' dir='ltr'><strong>suntde</strong></span> <span class='ocrx_word' id='word_1_276' title='bbox 1141 3274 1313 3356; x_wconf 89' lang='lat' dir='ltr'><strong>denariis</strong></span> <span class='ocrx_word' id='word_1_277' title='bbox 1328 3277 1624 3384; x_wconf 87' lang='lat' dir='ltr'><strong>pertinentibus</strong></span> <span class='ocrx_word' id='word_1_278' title='bbox 1637 3273 1691 3356; x_wconf 90' lang='lat' dir='ltr'><strong>ad</strong></span> <span class='ocrx_word' id='word_1_279' title='bbox 1705 3275 2092 3386; x_wconf 86' lang='lat' dir='ltr'><strong>archiepiscopatum</strong></span> 
     </span>
     <span class='ocr_line' id='line_1_27' title="bbox 227 3385 2092 3578; baseline 0.002 -112"><span class='ocrx_word' id='word_1_280' title='bbox 227 3469 229 3474; x_wconf 74' lang='grc'><strong>,</strong></span> <span class='ocrx_word' id='word_1_281' title='bbox 310 3385 418 3468; x_wconf 83' lang='lat' dir='ltr'><strong>vnde</strong></span> <span class='ocrx_word' id='word_1_282' title='bbox 451 3385 545 3465; x_wconf 84' lang='lat' dir='ltr'><strong>volo</strong></span> <span class='ocrx_word' id='word_1_283' title='bbox 573 3386 702 3467; x_wconf 90' lang='lat' dir='ltr'><strong>modis</strong></span> <span class='ocrx_word' id='word_1_284' title='bbox 728 3386 918 3468; x_wconf 89' lang='lat' dir='ltr'><strong>omnibus</strong></span> <span class='ocrx_word' id='word_1_285' title='bbox 944 3385 1056 3496; x_wconf 91' lang='lat' dir='ltr'><strong>quod</strong></span> <span class='ocrx_word' id='word_1_286' title='bbox 1084 3385 1230 3466; x_wconf 90' lang='lat' dir='ltr'><strong>cedant</strong></span> <span class='ocrx_word' id='word_1_287' title='bbox 1256 3387 1626 3578; x_wconf 65' lang='lat' dir='ltr'><strong>archiepiscopatui.</strong></span> <span class='ocrx_word' id='word_1_288' title='bbox 1637 3404 1648 3480; x_wconf 70' lang='lat' dir='ltr'><em>j</em></span> <span class='ocrx_word' id='word_1_289' title='bbox 1674 3387 1861 3466; x_wconf 88' lang='lat' dir='ltr'><strong>Preterea</strong></span> <span class='ocrx_word' id='word_1_290' title='bbox 1890 3386 1945 3468; x_wconf 88' lang='lat' dir='ltr'><strong>ad</strong></span> <span class='ocrx_word' id='word_1_291' title='bbox 1974 3386 2092 3469; x_wconf 83' lang='lat' dir='ltr'><strong>fabri-</strong></span> 
     </span>
    </p>
   </div>
   <div class='ocr_carea' id='block_1_3' title="bbox 107 3492 2092 3607">
    <p class='ocr_par' dir='ltr' id='par_1_3' title="bbox 107 3492 2092 3607">
     <span class='ocr_line' id='line_1_28' title="bbox 107 3492 2092 3607; baseline 0 -31"><span class='ocrx_word' id='word_1_292' title='bbox 107 3592 110 3603; x_wconf 94' lang='lat'><strong>.</strong></span> <span class='ocrx_word' id='word_1_293' title='bbox 220 3530 225 3539; x_wconf 58' lang='lat'><strong><em>¹</em></strong></span> <span class='ocrx_word' id='word_1_294' title='bbox 313 3522 412 3576; x_wconf 89' lang='lat' dir='ltr'><strong>cam.</strong></span> <span class='ocrx_word' id='word_1_295' title='bbox 429 3494 634 3578; x_wconf 88' lang='lat' dir='ltr'><strong>lundensis</strong></span> <span class='ocrx_word' id='word_1_296' title='bbox 661 3492 835 3576; x_wconf 80' lang='lat' dir='ltr'><strong>ecclesie.</strong></span> <span class='ocrx_word' id='word_1_297' title='bbox 871 3497 906 3576; x_wconf 88' lang='lat' dir='ltr'><strong>Ie</strong></span> <span class='ocrx_word' id='word_1_298' title='bbox 989 3513 1167 3607; x_wconf 90' lang='lat' dir='ltr'><strong>quatuor</strong></span> <span class='ocrx_word' id='word_1_299' title='bbox 1196 3522 1347 3576; x_wconf 89' lang='lat' dir='ltr'><strong>marcas</strong></span> <span class='ocrx_word' id='word_1_300' title='bbox 1403 3525 1465 3576; x_wconf 88' lang='lat' dir='ltr'><strong>en.</strong></span> <span class='ocrx_word' id='word_1_301' title='bbox 1511 3496 1687 3578; x_wconf 89' lang='lat' dir='ltr'><strong>Ecclesie</strong></span> <span class='ocrx_word' id='word_1_302' title='bbox 1728 3497 1908 3577; x_wconf 89' lang='lat' dir='ltr'><strong>omnium</strong></span> <span class='ocrx_word' id='word_1_303' title='bbox 1936 3515 2092 3578; x_wconf 85' lang='lat' dir='ltr'><strong>sancto-</strong></span> 
     </span>
    </p>
   </div>
   <div class='ocr_carea' id='block_1_4' title="bbox 279 3603 2092 3934">
    <p class='ocr_par' dir='ltr' id='par_1_4' title="bbox 279 3603 2092 3934">
     <span class='ocr_line' id='line_1_29' title="bbox 311 3603 2092 3690; baseline 0.001 -5"><span class='ocrx_word' id='word_1_304' title='bbox 311 3633 414 3686; x_wconf 91' lang='lat' dir='ltr'><strong>rum.</strong></span> <span class='ocrx_word' id='word_1_305' title='bbox 454 3603 554 3686; x_wconf 89' lang='lat' dir='ltr'><strong>duas</strong></span> <span class='ocrx_word' id='word_1_306' title='bbox 596 3632 747 3684; x_wconf 90' lang='lat' dir='ltr'><strong>marcas</strong></span> <span class='ocrx_word' id='word_1_307' title='bbox 775 3605 865 3688; x_wconf 85' lang='lat' dir='ltr'><strong>den.</strong></span> <span class='ocrx_word' id='word_1_308' title='bbox 938 3607 1089 3686; x_wconf 90' lang='lat' dir='ltr'><strong>laustro</strong></span> <span class='ocrx_word' id='word_1_309' title='bbox 1117 3606 1348 3688; x_wconf 90' lang='lat' dir='ltr'><strong>monialium</strong></span> <span class='ocrx_word' id='word_1_310' title='bbox 1389 3605 1524 3688; x_wconf 89' lang='lat' dir='ltr'><strong>lundis</strong></span> <span class='ocrx_word' id='word_1_311' title='bbox 1558 3607 1661 3688; x_wconf 90' lang='lat' dir='ltr'><strong>duas</strong></span> <span class='ocrx_word' id='word_1_312' title='bbox 1687 3631 1842 3687; x_wconf 88' lang='lat' dir='ltr'><strong>marcas</strong></span> <span class='ocrx_word' id='word_1_313' title='bbox 1861 3605 1959 3686; x_wconf 88' lang='lat' dir='ltr'><strong>deu.</strong></span> <span class='ocrx_word' id='word_1_314' title='bbox 2002 3609 2092 3690; x_wconf 83' lang='lat' dir='ltr'><strong>Fra·</strong></span> 
     </span>
     <span class='ocr_line' id='line_1_30' title="bbox 311 3707 2091 3824; baseline -0.001 -26"><span class='ocrx_word' id='word_1_315' title='bbox 311 3715 442 3798; x_wconf 85' lang='lat' dir='ltr'><strong>tribus</strong></span> <span class='ocrx_word' id='word_1_316' title='bbox 469 3714 802 3824; x_wconf 85' lang='lat' dir='ltr'><strong>predicatoribus.</strong></span> <span class='ocrx_word' id='word_1_317' title='bbox 837 3714 937 3796; x_wconf 75' lang='lat' dir='ltr'><strong>dum</strong></span> <span class='ocrx_word' id='word_1_318' title='bbox 975 3744 1131 3798; x_wconf 87' lang='lat' dir='ltr'><strong>marcas</strong></span> <span class='ocrx_word' id='word_1_319' title='bbox 1173 3715 1263 3801; x_wconf 88' lang='lat' dir='ltr'><strong>den.</strong></span> <span class='ocrx_word' id='word_1_320' title='bbox 1303 3718 1511 3798; x_wconf 84' lang='lat' dir='ltr'><strong>Fratribus</strong></span> <span class='ocrx_word' id='word_1_321' title='bbox 1552 3715 1776 3798; x_wconf 87' lang='lat' dir='ltr'><strong>minoribus</strong></span> <span class='ocrx_word' id='word_1_322' title='bbox 1815 3714 1967 3797; x_wconf 82' lang='lat' dir='ltr'><strong>lundis.</strong></span> <span class='ocrx_word' id='word_1_323' title='bbox 2000 3707 2091 3798; x_wconf 73' lang='lat' dir='ltr'><strong>duis</strong></span> 
     </span>
     <span class='ocr_line' id='line_1_31' title="bbox 279 3824 2092 3934; baseline 0.001 -29"><span class='ocrx_word' id='word_1_324' title='bbox 279 3851 466 3907; x_wconf 65' lang='lat' dir='ltr'><strong>*marcas</strong></span> <span class='ocrx_word' id='word_1_325' title='bbox 493 3824 585 3906; x_wconf 91' lang='lat' dir='ltr'><strong>den.</strong></span> <span class='ocrx_word' id='word_1_326' title='bbox 623 3825 815 3933; x_wconf 88' lang='lat' dir='ltr'><strong>hospitali</strong></span> <span class='ocrx_word' id='word_1_327' title='bbox 839 3827 968 3906; x_wconf 89' lang='lat' dir='ltr'><strong>sancti</strong></span> <span class='ocrx_word' id='word_1_328' title='bbox 997 3827 1173 3932; x_wconf 89' lang='lat' dir='ltr'><strong>spiritus.</strong></span> <span class='ocrx_word' id='word_1_329' title='bbox 1208 3825 1309 3907; x_wconf 90' lang='lat' dir='ltr'><strong>duas</strong></span> <span class='ocrx_word' id='word_1_330' title='bbox 1350 3854 1501 3907; x_wconf 89' lang='lat' dir='ltr'><strong>marcas</strong></span> <span class='ocrx_word' id='word_1_331' title='bbox 1543 3826 1633 3908; x_wconf 91' lang='lat' dir='ltr'><strong>den.</strong></span> <span class='ocrx_word' id='word_1_332' title='bbox 1684 3825 1874 3934; x_wconf 87' lang='lat' dir='ltr'><strong>hospitali</strong></span> <span class='ocrx_word' id='word_1_333' title='bbox 1915 3826 2092 3934; x_wconf 79' lang='lat' dir='ltr'><strong>leproso·</strong></span> 
     </span>
    </p>
   </div>
   <div class='ocr_carea' id='block_1_5' title="bbox 156 3932 2093 4045">
    <p class='ocr_par' dir='ltr' id='par_1_5' title="bbox 156 3932 2093 4045">
     <span class='ocr_line' id='line_1_32' title="bbox 156 3932 2093 4045; baseline -0.001 -33"><span class='ocrx_word' id='word_1_334' title='bbox 156 3995 165 4012; x_wconf 74' lang='lat'><strong>.</strong></span> <span class='ocrx_word' id='word_1_335' title='bbox 235 4016 242 4030; x_wconf 66' lang='lat'><strong>.</strong></span> <span class='ocrx_word' id='word_1_336' title='bbox 298 3963 413 4016; x_wconf 85' lang='lat' dir='ltr'><strong>rum.</strong></span> <span class='ocrx_word' id='word_1_337' title='bbox 451 3932 551 4015; x_wconf 90' lang='lat' dir='ltr'><strong>duas</strong></span> <span class='ocrx_word' id='word_1_338' title='bbox 578 3933 759 4016; x_wconf 90' lang='lat' dir='ltr'><strong>marchas</strong></span> <span class='ocrx_word' id='word_1_339' title='bbox 784 3935 874 4018; x_wconf 77' lang='lat' dir='ltr'><strong>den.</strong></span> <span class='ocrx_word' id='word_1_340' title='bbox 909 3935 1098 4042; x_wconf 81' lang='lat' dir='ltr'><strong>Singulis·</strong></span> <span class='ocrx_word' id='word_1_341' title='bbox 1128 3935 1303 4016; x_wconf 90' lang='lat' dir='ltr'><strong>ecclesiis</strong></span> <span class='ocrx_word' id='word_1_342' title='bbox 1331 3936 1651 4045; x_wconf 83' lang='lat' dir='ltr'><strong>parrochialibus</strong></span> <span class='ocrx_word' id='word_1_343' title='bbox 1678 3935 1827 4016; x_wconf 88' lang='lat' dir='ltr'><strong>lundis.</strong></span> <span class='ocrx_word' id='word_1_344' title='bbox 1855 3961 1972 4014; x_wconf 88' lang='lat' dir='ltr'><strong>oram</strong></span> <span class='ocrx_word' id='word_1_345' title='bbox 2007 3934 2093 4016; x_wconf 89' lang='lat' dir='ltr'><strong>deu.</strong></span> 
     </span>
    </p>
   </div>
   <div class='ocr_carea' id='block_1_6' title="bbox 84 4365 405 4475">
    <p class='ocr_par' dir='ltr' id='par_1_6' title="bbox 84 4365 405 4475">
     <span class='ocr_line' id='line_1_33' title="bbox 84 4365 405 4475; baseline -0.009 -17"><span class='ocrx_word' id='word_1_346' title='bbox 84 4365 91 4372; x_wconf 39' lang='lat'>⁵</span> <span class='ocrx_word' id='word_1_347' title='bbox 188 4385 241 4475; x_wconf 21' lang='lat'><strong>&#39;¹</strong></span> <span class='ocrx_word' id='word_1_348' title='bbox 313 4374 405 4458; x_wconf 85' lang='lat' dir='ltr'><strong>chas</strong></span> 
     </span>
    </p>
   </div>
   <div class='ocr_carea' id='block_1_7' title="bbox 210 4039 2093 5144">
    <p class='ocr_par' dir='ltr' id='par_1_7' title="bbox 311 4039 2093 4376">
     <span class='ocr_line' id='line_1_34' title="bbox 311 4039 2093 4155; baseline -0.001 -31"><span class='ocrx_word' id='word_1_349' title='bbox 311 4039 480 4155; x_wconf 83' lang='lat' dir='ltr'><strong>singulis</strong></span> <span class='ocrx_word' id='word_1_350' title='bbox 507 4043 785 4127; x_wconf 88' lang='lat' dir='ltr'><strong>sacerdotibus</strong></span> <span class='ocrx_word' id='word_1_351' title='bbox 811 4043 1130 4154; x_wconf 84' lang='lat' dir='ltr'><strong>parrochialibus</strong></span> <span class='ocrx_word' id='word_1_352' title='bbox 1158 4045 1304 4128; x_wconf 88' lang='lat' dir='ltr'><strong>lundis.</strong></span> <span class='ocrx_word' id='word_1_353' title='bbox 1338 4046 1439 4127; x_wconf 88' lang='lat' dir='ltr'><strong>duas</strong></span> <span class='ocrx_word' id='word_1_354' title='bbox 1467 4075 1559 4126; x_wconf 89' lang='lat' dir='ltr'><strong>oras</strong></span> <span class='ocrx_word' id='word_1_355' title='bbox 1586 4045 1678 4128; x_wconf 92' lang='lat' dir='ltr'><strong>den.</strong></span> <span class='ocrx_word' id='word_1_356' title='bbox 1719 4044 1893 4125; x_wconf 85' lang='lat' dir='ltr'><strong>Ecclesia</strong></span> <span class='ocrx_word' id='word_1_357' title='bbox 1909 4043 2093 4153; x_wconf 70' lang='lat' dir='ltr'><strong>flaetnghe</strong></span> 
     </span>
     <span class='ocr_line' id='line_1_35' title="bbox 312 4151 2093 4266; baseline -0.002 -30"><span class='ocrx_word' id='word_1_358' title='bbox 312 4160 490 4266; x_wconf 77' lang='lat' dir='ltr'><strong>quatuor</strong></span> <span class='ocrx_word' id='word_1_359' title='bbox 517 4156 697 4236; x_wconf 88' lang='lat' dir='ltr'><strong>marchas</strong></span> <span class='ocrx_word' id='word_1_360' title='bbox 738 4154 829 4236; x_wconf 91' lang='lat' dir='ltr'><strong>den.</strong></span> <span class='ocrx_word' id='word_1_361' title='bbox 862 4152 1086 4264; x_wconf 85' lang='lat' dir='ltr'><strong>presbitero</strong></span> <span class='ocrx_word' id='word_1_362' title='bbox 1103 4155 1261 4238; x_wconf 90' lang='lat' dir='ltr'><strong>ibidem.</strong></span> <span class='ocrx_word' id='word_1_363' title='bbox 1289 4158 1486 4236; x_wconf 92' lang='lat' dir='ltr'><strong>marcham</strong></span> <span class='ocrx_word' id='word_1_364' title='bbox 1503 4157 1677 4238; x_wconf 82' lang='lat' dir='ltr'><strong>Ecclesia</strong></span> <span class='ocrx_word' id='word_1_365' title='bbox 1692 4154 1863 4262; x_wconf 72' lang='lat' dir='ltr'><strong>fialnghe</strong></span> <span class='ocrx_word' id='word_1_366' title='bbox 1877 4151 1980 4234; x_wconf 87' lang='lat' dir='ltr'><strong>duas</strong></span> <span class='ocrx_word' id='word_1_367' title='bbox 1993 4181 2093 4234; x_wconf 85' lang='lat' dir='ltr'><strong>mar·-</strong></span> 
     </span>
     <span class='ocr_line' id='line_1_36' title="bbox 312 4263 2092 4376; baseline -0.003 -29"><span class='ocrx_word' id='word_1_368' title='bbox 312 4266 422 4347; x_wconf 75' lang='lat' dir='ltr'><strong>chas&#39;</strong></span> <span class='ocrx_word' id='word_1_369' title='bbox 466 4266 662 4348; x_wconf 88' lang='lat' dir='ltr'><strong>resbitero</strong></span> <span class='ocrx_word' id='word_1_370' title='bbox 690 4263 852 4348; x_wconf 86' lang='lat' dir='ltr'><strong>ibidem.</strong></span> <span class='ocrx_word' id='word_1_371' title='bbox 880 4291 1052 4344; x_wconf 90' lang='lat' dir='ltr'><strong>marcam</strong></span> <span class='ocrx_word' id='word_1_372' title='bbox 1094 4264 1185 4348; x_wconf 88' lang='lat' dir='ltr'><strong>den.</strong></span> <span class='ocrx_word' id='word_1_373' title='bbox 1229 4266 1404 4346; x_wconf 79' lang='lat' dir='ltr'><strong>Ecclesia</strong></span> <span class='ocrx_word' id='word_1_374' title='bbox 1431 4266 1626 4376; x_wconf 74' lang='lat' dir='ltr'><strong>malmntge</strong></span> <span class='ocrx_word' id='word_1_375' title='bbox 1654 4265 1855 4372; x_wconf 86' lang='lat' dir='ltr'><strong>superiori</strong></span> <span class='ocrx_word' id='word_1_376' title='bbox 1868 4263 1972 4344; x_wconf 87' lang='lat' dir='ltr'><strong>duas</strong></span> <span class='ocrx_word' id='word_1_377' title='bbox 1989 4291 2092 4344; x_wconf 88' lang='lat' dir='ltr'><strong>mar·</strong></span> 
     </span>
    </p>

    <p class='ocr_par' dir='ltr' id='par_1_8' title="bbox 210 4294 2093 5144">
     <span class='ocr_line' id='line_1_37' title="bbox 433 4294 2091 4488; baseline -0.004 -31"><span class='ocrx_word' id='word_1_378' title='bbox 433 4294 525 4458; x_wconf 75' lang='lat' dir='ltr'><strong>den.</strong></span> <span class='ocrx_word' id='word_1_379' title='bbox 555 4376 729 4460; x_wconf 81' lang='lat' dir='ltr'><strong>Ecclesia</strong></span> <span class='ocrx_word' id='word_1_380' title='bbox 742 4375 944 4485; x_wconf 74' lang='lat' dir='ltr'><strong>malmegh</strong></span> <span class='ocrx_word' id='word_1_381' title='bbox 958 4375 1138 4456; x_wconf 86' lang='lat' dir='ltr'><strong>inferiori</strong></span> <span class='ocrx_word' id='word_1_382' title='bbox 1152 4393 1330 4488; x_wconf 91' lang='lat' dir='ltr'><strong>quatuor</strong></span> <span class='ocrx_word' id='word_1_383' title='bbox 1347 4393 1498 4456; x_wconf 86' lang='lat' dir='ltr'><strong>marcas</strong></span> <span class='ocrx_word' id='word_1_384' title='bbox 1512 4376 1604 4458; x_wconf 91' lang='lat' dir='ltr'><strong>den.</strong></span> <span class='ocrx_word' id='word_1_385' title='bbox 1619 4375 1794 4456; x_wconf 86' lang='lat' dir='ltr'><strong>Ecclesie</strong></span> <span class='ocrx_word' id='word_1_386' title='bbox 1805 4371 1980 4482; x_wconf 80' lang='lat' dir='ltr'><strong>haedIng.</strong></span> <span class='ocrx_word' id='word_1_387' title='bbox 1995 4373 2091 4456; x_wconf 82' lang='lat' dir='ltr'><strong>duas</strong></span> 
     </span>
     <span class='ocr_line' id='line_1_38' title="bbox 312 4481 2092 4592; baseline -0.001 -29"><span class='ocrx_word' id='word_1_388' title='bbox 312 4511 465 4567; x_wconf 90' lang='lat' dir='ltr'><strong>marcas</strong></span> <span class='ocrx_word' id='word_1_389' title='bbox 506 4485 597 4568; x_wconf 89' lang='lat' dir='ltr'><strong>deu.</strong></span> <span class='ocrx_word' id='word_1_390' title='bbox 645 4485 888 4567; x_wconf 89' lang='lat' dir='ltr'><strong>Monasterio</strong></span> <span class='ocrx_word' id='word_1_391' title='bbox 929 4483 1056 4584; x_wconf 65' lang='lat' dir='ltr'><strong>dalbh</strong></span> <span class='ocrx_word' id='word_1_392' title='bbox 1089 4486 1190 4568; x_wconf 89' lang='lat' dir='ltr'><strong>duas</strong></span> <span class='ocrx_word' id='word_1_393' title='bbox 1215 4513 1366 4566; x_wconf 86' lang='lat' dir='ltr'><strong>marcas</strong></span> <span class='ocrx_word' id='word_1_394' title='bbox 1401 4485 1492 4567; x_wconf 88' lang='lat' dir='ltr'><strong>den.</strong></span> <span class='ocrx_word' id='word_1_395' title='bbox 1540 4484 1815 4592; x_wconf 85' lang='lat' dir='ltr'><strong>Tumaethorp.</strong></span> <span class='ocrx_word' id='word_1_396' title='bbox 1848 4481 1951 4566; x_wconf 87' lang='lat' dir='ltr'><strong>duas</strong></span> <span class='ocrx_word' id='word_1_397' title='bbox 1992 4509 2092 4562; x_wconf 70' lang='lat' dir='ltr'><strong>mar</strong></span> 
     </span>
     <span class='ocr_line' id='line_1_39' title="bbox 210 4591 2091 4701; baseline 0 -29"><span class='ocrx_word' id='word_1_398' title='bbox 210 4687 214 4694; x_wconf 28' lang='grc' dir='ltr'>Ι</span> <span class='ocrx_word' id='word_1_399' title='bbox 313 4592 497 4676; x_wconf 85' lang='lat' dir='ltr'><strong>cas-den.</strong></span> <span class='ocrx_word' id='word_1_400' title='bbox 525 4595 670 4679; x_wconf 86' lang='lat' dir='ltr'><strong>Ewith·</strong></span> <span class='ocrx_word' id='word_1_401' title='bbox 690 4593 791 4675; x_wconf 89' lang='lat' dir='ltr'><strong>duas</strong></span> <span class='ocrx_word' id='word_1_402' title='bbox 818 4623 970 4688; x_wconf 84' lang='lat' dir='ltr'><strong>mareas</strong></span> <span class='ocrx_word' id='word_1_403' title='bbox 998 4594 1089 4677; x_wconf 88' lang='lat' dir='ltr'><strong>den.</strong></span> <span class='ocrx_word' id='word_1_404' title='bbox 1114 4593 1380 4701; x_wconf 83' lang='lat' dir='ltr'><strong>bachiaeshogb</strong></span> <span class='ocrx_word' id='word_1_405' title='bbox 1408 4594 1508 4676; x_wconf 89' lang='lat' dir='ltr'><strong>duas</strong></span> <span class='ocrx_word' id='word_1_406' title='bbox 1536 4595 1718 4677; x_wconf 87' lang='lat' dir='ltr'><strong>marchas</strong></span> <span class='ocrx_word' id='word_1_407' title='bbox 1743 4592 1839 4676; x_wconf 88' lang='lat' dir='ltr'><strong>den.</strong></span> <span class='ocrx_word' id='word_1_408' title='bbox 1894 4591 2091 4675; x_wconf 82' lang='lat' dir='ltr'><strong>Sirithhe·</strong></span> 
     </span>
     <span class='ocr_line' id='line_1_40' title="bbox 314 4702 2090 4812; baseline -0.001 -31"><span class='ocrx_word' id='word_1_409' title='bbox 314 4731 434 4812; x_wconf 84' lang='lat' dir='ltr'><strong>peng.</strong></span> <span class='ocrx_word' id='word_1_410' title='bbox 470 4702 568 4784; x_wconf 90' lang='lat' dir='ltr'><strong>duas</strong></span> <span class='ocrx_word' id='word_1_411' title='bbox 597 4719 748 4785; x_wconf 85' lang='lat' dir='ltr'><strong>marcas</strong></span> <span class='ocrx_word' id='word_1_412' title='bbox 776 4704 864 4786; x_wconf 91' lang='lat' dir='ltr'><strong>den.</strong></span> <span class='ocrx_word' id='word_1_413' title='bbox 902 4706 1088 4784; x_wconf 88' lang='lat' dir='ltr'><strong>Claustro</strong></span> <span class='ocrx_word' id='word_1_414' title='bbox 1114 4733 1157 4783; x_wconf 92' lang='lat' dir='ltr'><strong>as</strong></span> <span class='ocrx_word' id='word_1_415' title='bbox 1184 4706 1226 4782; x_wconf 91' lang='lat' dir='ltr'><strong>in</strong></span> <span class='ocrx_word' id='word_1_416' title='bbox 1256 4702 1473 4786; x_wconf 81' lang='lat' dir='ltr'><strong>hallandia.</strong></span> <span class='ocrx_word' id='word_1_417' title='bbox 1501 4705 1602 4787; x_wconf 88' lang='lat' dir='ltr'><strong>duas</strong></span> <span class='ocrx_word' id='word_1_418' title='bbox 1629 4729 1780 4808; x_wconf 83' lang='lat' dir='ltr'><strong>marcas</strong></span> <span class='ocrx_word' id='word_1_419' title='bbox 1808 4703 1903 4784; x_wconf 88' lang='lat' dir='ltr'><strong>den.</strong></span> <span class='ocrx_word' id='word_1_420' title='bbox 1939 4705 1997 4783; x_wconf 90' lang='lat' dir='ltr'><strong>Vt</strong></span> <span class='ocrx_word' id='word_1_421' title='bbox 2031 4731 2090 4781; x_wconf 90' lang='lat' dir='ltr'><strong>er·</strong></span> 
     </span>
     <span class='ocr_line' id='line_1_41' title="bbox 314 4811 2092 4925; baseline -0.001 -34"><span class='ocrx_word' id='word_1_422' title='bbox 314 4839 367 4922; x_wconf 83' lang='lat' dir='ltr'><strong>go</strong></span> <span class='ocrx_word' id='word_1_423' title='bbox 394 4816 527 4893; x_wconf 91' lang='lat' dir='ltr'><strong>omnia</strong></span> <span class='ocrx_word' id='word_1_424' title='bbox 555 4815 774 4922; x_wconf 85' lang='lat' dir='ltr'><strong>&amp;singula</strong></span> <span class='ocrx_word' id='word_1_425' title='bbox 816 4817 896 4925; x_wconf 86' lang='lat' dir='ltr'><strong>que</strong></span> <span class='ocrx_word' id='word_1_426' title='bbox 924 4816 1112 4922; x_wconf 88' lang='lat' dir='ltr'><strong>premissa</strong></span> <span class='ocrx_word' id='word_1_427' title='bbox 1148 4826 1271 4913; x_wconf 59' lang='lat' dir='ltr'><strong>sunt„</strong></span> <span class='ocrx_word' id='word_1_428' title='bbox 1295 4811 1408 4893; x_wconf 87' lang='lat' dir='ltr'><strong>firma</strong></span> <span class='ocrx_word' id='word_1_429' title='bbox 1452 4831 1712 4922; x_wconf 89' lang='lat' dir='ltr'><strong>permaneant</strong></span> <span class='ocrx_word' id='word_1_430' title='bbox 1753 4829 1877 4922; x_wconf 89' lang='lat' dir='ltr'><strong>atque</strong></span> <span class='ocrx_word' id='word_1_431' title='bbox 1918 4827 2021 4918; x_wconf 84' lang='lat' dir='ltr'><strong>rata.</strong></span> <span class='ocrx_word' id='word_1_432' title='bbox 2051 4827 2092 4891; x_wconf 92' lang='lat' dir='ltr'><strong>et</strong></span> 
     </span>
     <span class='ocr_line' id='line_1_42' title="bbox 314 4921 2093 5033; baseline 0 -33"><span class='ocrx_word' id='word_1_433' title='bbox 314 4947 365 5000; x_wconf 89' lang='lat' dir='ltr'><strong>ne</strong></span> <span class='ocrx_word' id='word_1_434' title='bbox 393 4939 558 5030; x_wconf 89' lang='lat' dir='ltr'><strong>propter</strong></span> <span class='ocrx_word' id='word_1_435' title='bbox 586 4925 762 5031; x_wconf 86' lang='lat' dir='ltr'><strong>inopiam</strong></span> <span class='ocrx_word' id='word_1_436' title='bbox 792 4925 1079 5033; x_wconf 90' lang='lat' dir='ltr'><strong>probacionum</strong></span> <span class='ocrx_word' id='word_1_437' title='bbox 1109 4921 1335 5001; x_wconf 82' lang='lat' dir='ltr'><strong>&amp;testium</strong></span> <span class='ocrx_word' id='word_1_438' title='bbox 1383 4921 1478 5004; x_wconf 91' lang='lat' dir='ltr'><strong>dum</strong></span> <span class='ocrx_word' id='word_1_439' title='bbox 1507 4923 1722 5010; x_wconf 87' lang='lat' dir='ltr'><strong>discedunt</strong></span> <span class='ocrx_word' id='word_1_440' title='bbox 1756 4951 1881 5031; x_wconf 87' lang='lat' dir='ltr'><strong>super</strong></span> <span class='ocrx_word' id='word_1_441' title='bbox 1893 4923 2093 5032; x_wconf 81' lang='lat' dir='ltr'><strong>premissis</strong></span> 
     </span>
     <span class='ocr_line' id='line_1_43' title="bbox 314 5029 2092 5144; baseline 0.001 -30.995"><span class='ocrx_word' id='word_1_442' title='bbox 314 5031 542 5142; x_wconf 89' lang='lat' dir='ltr'><strong>calumpnia</strong></span> <span class='ocrx_word' id='word_1_443' title='bbox 569 5031 817 5140; x_wconf 78' lang='lat' dir='ltr'><strong>inposterum</strong></span> <span class='ocrx_word' id='word_1_444' title='bbox 843 5033 975 5113; x_wconf 89' lang='lat' dir='ltr'><strong>valeat</strong></span> <span class='ocrx_word' id='word_1_445' title='bbox 1002 5029 1188 5111; x_wconf 86' lang='lat' dir='ltr'><strong>suboriri.</strong></span> <span class='ocrx_word' id='word_1_446' title='bbox 1215 5057 1380 5142; x_wconf 90' lang='lat' dir='ltr'><strong>presens</strong></span> <span class='ocrx_word' id='word_1_447' title='bbox 1399 5059 1531 5113; x_wconf 90' lang='lat' dir='ltr'><strong>meum</strong></span> <span class='ocrx_word' id='word_1_448' title='bbox 1545 5049 1839 5130; x_wconf 82' lang='lat' dir='ltr'><strong>testamentum.</strong></span> <span class='ocrx_word' id='word_1_449' title='bbox 1852 5032 2092 5144; x_wconf 82' lang='lat' dir='ltr'><strong>sigilloluu·</strong></span> 
     </span>
    </p>
   </div>
   <div class='ocr_carea' id='block_1_8' title="bbox 0 0 2212 5956">
    <p class='ocr_par' dir='ltr' id='par_1_9' title="bbox 0 0 2212 5956">
     <span class='ocr_line' id='line_1_44' title="bbox 0 0 2212 5956; baseline 0 0"><span class='ocrx_word' id='word_1_450' title='bbox 0 0 2212 5956; x_wconf 95' lang='lat' dir='ltr'><strong> </strong></span> 
     </span>
    </p>
   </div>
  </div>
 </body>
</html>
