4368 5950
1572 271 1584 304 Ι

928 357 1036 456 ἱ-εε-
1137 378 1229 465 ,236
1343 423 1399 454 -ι-
1511 397 1516 406 ’

284 627 348 697 no
389 615 449 697 est
463 589 667 690 ;·Ecclesia
708 595 974 707 gubernande
995 599 1217 688 ‘commisse
1239 617 1368 710 snper
1394 600 1490 687 rita
1507 596 1614 686 fama
1641 614 1697 710 et·
1710 600 1922 688 miraculis·
1935 607 2056 715 prefui

289 713 379 792 Viri
394 712 469 792 Dei
483 735 561 820 pert
570 710 761 796 dilectum
775 709 903 796 filium
937 724 1123 792 nostrum
1137 711 1210 800 u.
1239 712 1377 795 Sancti
1406 710 1865 802 Theodori'Diaconum
1892 714 2059 804 Cardim.

2022 379 2025 384 ’
2148 407 2154 532 t

282 823 392 920 lem,
407 823 478 1018 gni
499 822 720 932 ¹legationis
747 819 927 906 officium
954 822 998 902 in
1027 816 1219 930 partibus·
1241 821 1320 904 illis
1348 825 1530 905 exercuit
1556 822 1747 910 certiores
1766 823 1920 922 'effecti
1933 855 1980 910 ne
1993 831 2060 914 rel.
2153 819 2154 872 l

287 933 328 1014 le
369 934 412 1028 vi
440 961 612 1033 eremur,
646 929 760 1043 quod
790 931 1128 1016 lateret-lucerna
1154 929 1409 1030 submodio,
1429 957 1509 1043 que
1535 934 1969 1040 supra'candelebrnm
1987 967 2062 1027 ,esse

286 1043 423 1143 debet,
451 1045 601 1155 sicque¹
617 1041 835 1126 intutiliter
862 1041 1014 1126 Christi
1043 1069 1217 1131 essemus
1247 1044 1408 1141 Vicarii,
1436 1045 1471 1132 si
1497 1067 1585 1136 uon
1609 1042 1831 1134 laceremus
1859 1062 1904 1128 ut
1918 1077 2064 1134 venera·

205 1212 208 1220 ·
278 1174 431 1254 rentur
448 1154 600 1256 ,fideles
635 1154 764 1252 illum,
799 1181 922 1265 quem
957 1150 1199 1264 Sanctorum
1229 1152 1421 1263 splendor
1436 1155 1638 1264 Dominus
1647 1170 1721 1252 tot,
1737 1172 1778 1236 et
1792 1159 1915 1241 tentis
1928 1157 2064 1270 fulgen·

280 1287 367 1353 tem
405 1266 612 1350 'miraculis
640 1264 852 1349 'ineffabili
894 1263 1096 1374 disposuit
1122 1343 1125 1351 ,
1137 1263 1396 1374 providentia
1435 1264 1720 1362 venerandum,
1749 1267 1882 1377 ipsum
1908 1267 1958 1352 de
1984 1273 2066 1360 Fra·

285 1397 399 1468 trum
417 1395 691 1476 ·.n0strorum,'
728 1393 769 1458 et
800 1375 1032 1458 ‘multorum
1066 1377 1317 1458 Prelatorum
1353 1373 1464 1484 apud
1492 1375 1636 1463 Sedem
1664 1380 1928 1484 apostol-icam
1954 1385 2066 1466 oonsi-

284 1490 479 1576 stentium
514 1491 799 1572 canonizarnus
831 1486 1013 1584 consilio,
1048 1505 1087 1570 et
1116 1489 1357 1578 Sanctorum
1384 1487 1598 1571 statuimus
1626 1488 1852 1600 Catbelogc
1884 1493 2068 1578 ascriben-

279 1603 399 1688 dum.
463 1600 666 1704 Quocirca
698 1599 964 1680 Vniversiteti
1002 1616 1133 1680 vestre
1161 1626 1237 1706 per
1266 1597 1501 1706 Apostolica
1529 1599 1682 1708 scripta
1710 1599 1958 1700 mandemus,
1984 1627 2069 1716 qus·

77 1753 81 1762 .
206 1757 208 1760 ·
287 1731 410 1796 tenus
454 1710 624 1794 sollicite
659 1707 914 1794 attendentes
941 1728 1140 1821 qnantum
1167 1709 1337 1790 Terram
1363 1727 1535 1800 vestram
1564 1709 1761 1792 Dominus
1788 1711 2069 1813 bonoravicet

285 1819 452 1934 speciali
493 1820 670 1934 quadam
690 1851 693 1858 ’
710 1821 970 1931 prerogativa
1010 1819 1169 1902 decoris
1197 1820 1382 1928 Regnum
1409 1820 1528 1914 Datin
1555 1821 1776 1930 insignivit,
1804 1822 1907 1909 dum
1934 1824 2072 1912 blundo

280 1936 423 2046 ,posito
463 1933 508 2014 in
549 1932 737 2043 maligne,
779 1948 821 2014 et
848 1931 1237 2020 malitiahominum
1263 1931 1678 2018 excrescenteuirum
1705 1931 1785 2020 sibi
1810 1932 1960 2016 exinde
1986 1937 2070 2023 Sm-

286 2063 416 2144 otum,
452 2045 524 2156 qui
566 2045 847 2157 propeccatis
877 2045 1059 2124 omnium
1090 2045 1332 2124 intercessor
1359 2043 1473 2124 lieret
1492 2041 1708 2150 preelegit,
1740 2071 1817 2138 tus
1841 2048 1888 2127 in
1916 2073 2073 2156 quorun

287 2157 473 2269 partibus
501 2173 584 2235 tam
611 2157 714 2236 sacri
742 2155 920 2236 muneris
947 2153 1161 2234 thesaurus
1189 2151 1366 2236 babetur
1394 2175 1486 2234 cum
1508 2179 1559 2234 ex
1586 2153 1664 2234 hnc
1690 2170 1779 2238 tota
1808 2158 1944 2264 patria
1957 2176 2071 2242 vestra

286 2286 479 2380 tanqvam
520 2264 598 2349 sihi
640 2265 858 2375 peculiaris·
895 2267 982 2346 eius
1015 2265 1067 2345 sit
1103 2262 1309 2372 suffragiis
1336 2265 1547 2373 specialius
1575 2264 1856 2360 commendata
1887 2272 2073 2376 prenomi-

285 2398 429 2464 natum
464 2379 657 2460 Sanctum
691 2377 854 2458 Domini
883 2373 1163 2458 Confessorem
1189 2391 1276 2457 tota
1303 2373 1531 2472 devotione,
1559 2389 1729 2488 totoque
1756 2377 1898 2462 studio
1926 2407 2073 2462 venere·
2153 2421 2154 2426 Ν

162 2503 172 2526 ‘
284 2493 326 2574 ri
353 2490 501 2584 curetis
528 2516 620 2570 eum
649 2485 781 2598 dignis
809 2502 924 2568 tanto
952 2485 1180 2568 confessore
1209 2482 1374 2568 laudum
1402 2485 1604 2596 preconiis
1632 2487 1886 2587 extollentes,
1903 2489 1961 2570 ita
1974 2489 2073 2601 quod

282 2603 377 2712 ipse
417 2600 556 2683 devoti
597 2597 676 2679 sibi
718 2597 862 2707 populi
903 2623 945 2678 se
987 2594 1162 2705 gaudeat
1198 2623 1296 2678 esse.
1311 2614 1547 2707 patronum,¹
1568 2613 1610 2678 et
1635 2625 1708 2680 vos
1734 2601 1822 2682 eius
1851 2603 2075 2684 mereamini

288 2710 401 2824 apud
433 2713 564 2793 Deum
591 2705 946 2792 intercessionibus
975 2705 1171 2789 adiuvari
1186 2707 1376 2790 docentes
1403 2709 1502 2790 alios
1529 2733 1604 2815 per
1631 2710 1862 2819 exemplum
1891 2729 2075 2822 quarum

286 2852 372 2908 esse
400 2822 548 2905 debeat
575 2819 744 2902 celebris
766 2817 878 2929 apud
904 2817 1005 2900 alios
1034 2818 1285 2901 Confessoris
1314 2820 1506 2916 memoria
1534 2815 1723 2924 gloriosa.
1781 2823 1834 2902 Et
1862 2822 2032 2932 quidem
2049 2825 2078 2904 si

276 2935 505 3046 diligenter
533 2929 739 3015 attenditis
767 2932 878 3013 bunc
904 2929 1103 3012 bonorem
1129 2933 1348 3041 gratiarum
1375 2929 1571 3013 exolvetis
1598 2930 1781 3022 assiduas
1810 2933 2001 3043 largitori
2014 2933 2076 3015 bo-

156 3070 164 3082 ·
284 3073 435 3130 norum
474 3045 656 3125 omnium
697 3043 887 3148 actiones,
930 3041 996 3122 cui
1038 3068 1089 3122 ex
1122 3045 1301 3154 impensa
1328 3043 1458 3151 patrie
1481 3053 1631 3140 ¹vestre
1647 3056 1760 3122 tante
1788 3043 2078 3133 benedictionis

286 3159 420 3264 gretia
461 3157 629 3264 potestis
671 3157 827 3252 merito,
869 3165 910 3232 et
952 3149 1106 3236 debetis
1146 3180 1227 3260 vos,
1242 3179 1485 3262 cognoscere
1500 3147 1721 3246 debitores.
1731 3154 1885 3242 Datum
1901 3155 2080 3244 Laterani

288 3267 382 3352 ΧΙΙ;
409 3267 500 3351 Kal.
530 3265 649 3350 Febr.
679 3267 801 3350 Asino
829 3267 1001 3348 Octevo.
1727 3273 1730 3277 ·

295 3678 429 3792 224.
748 3643 752 3650 ’
929 3681 1079 3792 1224
1126 3658 1173 3768 d.
1227 3703 1297 3810 29
1345 3664 1452 3770 Jen.
1552 3767 1556 3776 ,
1825 3663 2084 3786 hamran.

366 3817 459 3916 Pin.
492 3848 651 3916 Horonrus
684 3847 737 3913 111.
767 3849 818 3914 till
845 3851 1024 3914 Deuemark
1043 3851 1102 3912 och
1124 3851 1253 3932 sverige
1273 3872 1326 3912 om
1347 3851 1492 3916 Abboten
1515 3849 1685 3913 Wnemus
1700 3850 1906 3928 trudenues-ln,
1928 3853 2085 3914 monh·

388 3989 393 3995 .
420 3935 485 3995 tion
503 3932 563 3994 och
584 3933 725 4012 ikallan,
746 3932 819 3996 med
839 3931 879 4009 do
900 3934 922 3996 d
964 3955 1014 3996 ers
1034 3931 1113 3996 ellat
1131 3934 1181 3996 lb'r
1202 3933 1283 4012 dem,
1306 3953 1374 3994 scm
1393 3933 1437 4016 pi
1456 3933 1535 3995 hene
1558 3931 1791 4016 crsbegtngeus
1812 3933 1954 4002 besdkte
1975 3933 2087 4020 kyrlsn

419 4015 465 4080 St·
485 4014 632 4096 Thomas,
652 4015 710 4080 der
729 4015 793 4083 ban
812 4015 921 4081 blilvit
982 4016 1121 4101 grafven.
1530 4093 1562 4150 r·
1582 4107 1615 4150 Η
1633 4095 1675 4166 ⁷&
1693 4095 1752 4153 M
1769 4097 1795 4152 a
1812 4095 1871 4167 BP·
1894 4097 1960 4167 ²⁶4

450 4199 654 4316 nonnas
682 4231 764 4314 nr.
792 4231 942 4315 conr
964 4231 1157 4337 fineen
1184 4231 1322 4312 nura
1348 4248 1389 4312 o
1416 4229 1569 4312 suern
1602 4237 1768 4312 nanta
1802 4232 2089 4322 cnunseno-

479 4373 570 4426 nem
595 4343 646 4424 ab
672 4371 717 4424 eo
736 4359 949 4454 peractam
963 4345 1027 4424 W
1025 4402 1033 4421 .
1050 4345 1138 4442 (W
1129 4343 1296 4442 ilhelmi)
1311 4343 1403 4423 olim
1417 4341 1586 4427 Abbatis
1599 4341 1741 4424 Sancti
1753 4338 1795 4424 T
1788 4343 1929 4426 lromoe
1947 4347 2001 4428 de
2015 4346 2090 4428 Pc-

480 4457 791 4566 redimatque
818 4454 1108 4563 indulgentiam
1135 4455 1310 4536 concedit
1339 4455 1596 4535 enitentibus
1638 4451 1863 4538 Ecclesium
1910 4457 2089 4540 cuiusdam

449 4597 654 4682 Honores
682 4603 754 4680 &e
772 4569 969 4680 'Dinottr
986 4599 1095 4705 filiis
1122 4601 1330 4696 Vniversis
1372 4597 1525 4682 Christi
1549 4595 1744 4703 fidelrbm
1777 4627 1857 4710 per
1906 4604 2091 4711 Reginus

483 4714 629 4808 Docte,
656 4729 695 4792 er
722 4707 859 4790 Soetta
886 4716 1107 4792 contentis
1132 4708 1312 4792 Salutem
1339 4714 1411 4790 &c

445 4851 549 4932 Cum
575 4877 713 4936 sensus
745 4850 919 4932 bominis
945 4851 998 4935 ad
1026 4853 1175 4934 malum
1204 4852 1256 4934 ab
1285 4849 1556 4934 adolescentia
1582 4877 1656 4934 sua
1683 4851 1766 4933 sint
1805 4857 1965 4961 proni,
1993 4855 2093 4938 sicut

160 4969 166 4976 “
281 4991 333 5046 ex
360 4963 614 5049 sensualitate
642 4979 748 5050 caro
764 4965 899 5074 uergit
930 4961 975 5046 in
1017 4963 1196 5076 culpam,
1239 4963 1295 5045 ita
1330 4961 1470 5072 uigore
1511 4962 1690 5072 Spiritus
1731 4964 2016 5076 procedente,
2056 4980 2093 5048 et
