<?xml version="1.0" encoding="UTF-8"?>
<!DOCTYPE html PUBLIC "-//W3C//DTD XHTML 1.0 Transitional//EN"
    "http://www.w3.org/TR/xhtml1/DTD/xhtml1-transitional.dtd">
<html xmlns="http://www.w3.org/1999/xhtml" xml:lang="en" lang="en">
 <head>
  <title>
</title>
<meta http-equiv="Content-Type" content="text/html;charset=utf-8" />
  <meta name='ocr-system' content='tesseract 3.04.00' />
  <meta name='ocr-capabilities' content='ocr_page ocr_carea ocr_par ocr_line ocrx_word'/>
</head>
<body>
  <div class='ocr_page' id='page_1' title='image "./svensktdiplomat00swegoog_0734.png"; bbox 0 0 4406 5966; ppageno 0'>
   <div class='ocr_carea' id='block_1_1' title="bbox 1032 449 1451 596">
    <p class='ocr_par' dir='ltr' id='par_1_1' title="bbox 1032 433 1451 596">
     <span class='ocr_line' id='line_1_1' title="bbox 1032 449 1451 596; baseline 0.005 -42"><span class='ocrx_word' id='word_1_1' title='bbox 1032 533 1088 554; x_wconf 91' lang='lat'><strong>...</strong></span> <span class='ocrx_word' id='word_1_2' title='bbox 1198 449 1309 596; x_wconf 75' lang='grc' dir='ltr'><strong>696Ι</strong></span> <span class='ocrx_word' id='word_1_3' title='bbox 1391 529 1451 556; x_wconf 76' lang='grc'><strong>..-</strong></span> 
     </span>
    </p>
   </div>
   <div class='ocr_carea' id='block_1_2' title="bbox 107 703 2147 4487">
    <p class='ocr_par' dir='ltr' id='par_1_2' title="bbox 70 694 2147 1155">
     <span class='ocr_line' id='line_1_2' title="bbox 107 703 2065 820; baseline 0.002 -21.926"><span class='ocrx_word' id='word_1_4' title='bbox 107 791 113 802; x_wconf 84' lang='grc'><em>,</em></span> <span class='ocrx_word' id='word_1_5' title='bbox 345 735 409 799; x_wconf 91' lang='lat' dir='ltr'><strong>ter</strong></span> <span class='ocrx_word' id='word_1_6' title='bbox 434 710 555 792; x_wconf 85' lang='lat' dir='ltr'><strong>fuerit</strong></span> <span class='ocrx_word' id='word_1_7' title='bbox 584 706 832 790; x_wconf 81' lang='lat' dir='ltr'><strong>satisfactum</strong></span> <span class='ocrx_word' id='word_1_8' title='bbox 862 703 981 788; x_wconf 87' lang='lat' dir='ltr'>Vnde</span> <span class='ocrx_word' id='word_1_9' title='bbox 1012 710 1108 817; x_wconf 90' lang='lat' dir='ltr'><strong>quia</strong></span> <span class='ocrx_word' id='word_1_10' title='bbox 1139 737 1277 792; x_wconf 81' lang='lat' dir='ltr'><strong>causas</strong></span> <span class='ocrx_word' id='word_1_11' title='bbox 1306 717 1345 792; x_wconf 89' lang='grc'><strong>8(</strong></span> <span class='ocrx_word' id='word_1_12' title='bbox 1374 709 1543 817; x_wconf 86' lang='lat' dir='ltr'><strong>injurias</strong></span> <span class='ocrx_word' id='word_1_13' title='bbox 1571 737 1672 820; x_wconf 92' lang='lat' dir='ltr'><strong>quas</strong></span> <span class='ocrx_word' id='word_1_14' title='bbox 1700 712 1801 820; x_wconf 89' lang='lat' dir='ltr'><strong>passi</strong></span> <span class='ocrx_word' id='word_1_15' title='bbox 1829 715 1910 796; x_wconf 85' lang='lat' dir='ltr'><strong>estis</strong></span> <span class='ocrx_word' id='word_1_16' title='bbox 1933 713 1974 798; x_wconf 89' lang='lat' dir='ltr'><strong>ad</strong></span> <span class='ocrx_word' id='word_1_17' title='bbox 1994 717 2065 802; x_wconf 88' lang='lat' dir='ltr'><strong>iudi·</strong></span> 
     </span>
     <span class='ocr_line' id='line_1_3' title="bbox 344 818 2066 931; baseline 0.001 -23"><span class='ocrx_word' id='word_1_18' title='bbox 344 830 450 909; x_wconf 90' lang='lat' dir='ltr'><strong>cium</strong></span> <span class='ocrx_word' id='word_1_19' title='bbox 480 839 658 904; x_wconf 87' lang='lat' dir='ltr'><strong>vestrum</strong></span> <span class='ocrx_word' id='word_1_20' title='bbox 686 818 969 928; x_wconf 88' lang='lat' dir='ltr'><strong>cognoscendo</strong></span> <span class='ocrx_word' id='word_1_21' title='bbox 999 819 1265 911; x_wconf 86' lang='lat' dir='ltr'><strong>Vniuersitati</strong></span> <span class='ocrx_word' id='word_1_22' title='bbox 1295 839 1427 902; x_wconf 82' lang='lat' dir='ltr'><strong>vestre</strong></span> <span class='ocrx_word' id='word_1_23' title='bbox 1457 825 1672 931; x_wconf 86' lang='lat' dir='ltr'><strong>regraciari</strong></span> <span class='ocrx_word' id='word_1_24' title='bbox 1713 823 1888 906; x_wconf 89' lang='lat' dir='ltr'><strong>volumus</strong></span> <span class='ocrx_word' id='word_1_25' title='bbox 1911 855 1984 906; x_wconf 92' lang='lat' dir='ltr'><strong>cum</strong></span> <span class='ocrx_word' id='word_1_26' title='bbox 2003 829 2066 911; x_wconf 73' lang='lat' dir='ltr'><strong>elle</strong></span> 
     </span>
     <span class='ocr_line' id='line_1_4' title="bbox 344 928 2067 1046; baseline 0.001 -27"><span class='ocrx_word' id='word_1_27' title='bbox 344 954 413 1019; x_wconf 92' lang='lat' dir='ltr'><strong>ctu</strong></span> <span class='ocrx_word' id='word_1_28' title='bbox 441 933 624 1015; x_wconf 86' lang='lat' dir='ltr'><strong>volentes</strong></span> <span class='ocrx_word' id='word_1_29' title='bbox 651 931 768 1012; x_wconf 85' lang='lat' dir='ltr'><strong>vobis</strong></span> <span class='ocrx_word' id='word_1_30' title='bbox 793 928 824 1043; x_wconf 81' lang='grc' dir='ltr'><strong>ι)</strong></span> <span class='ocrx_word' id='word_1_31' title='bbox 853 931 1056 1038; x_wconf 77' lang='lat' dir='ltr'><strong>eo‘magis</strong></span> <span class='ocrx_word' id='word_1_32' title='bbox 1085 932 1284 1012; x_wconf 91' lang='lat' dir='ltr'><strong>iusticiam</strong></span> <span class='ocrx_word' id='word_1_33' title='bbox 1313 939 1352 1012; x_wconf 99' lang='grc'><strong>8(</strong></span> <span class='ocrx_word' id='word_1_34' title='bbox 1383 959 1520 1040; x_wconf 87' lang='lat' dir='ltr'><strong>pacem</strong></span> <span class='ocrx_word' id='word_1_35' title='bbox 1564 936 1625 1014; x_wconf 69' lang='lat' dir='ltr'><strong>in-</strong></span> <span class='ocrx_word' id='word_1_36' title='bbox 1648 935 1837 1016; x_wconf 86' lang='lat' dir='ltr'><strong>omnibus</strong></span> <span class='ocrx_word' id='word_1_37' title='bbox 1875 955 2067 1046; x_wconf 83' lang='lat' dir='ltr'><strong>augmentare</strong></span> 
     </span>
     <span class='ocr_line' id='line_1_5' title="bbox 342 1039 2147 1155; baseline -0.001 -29"><span class='ocrx_word' id='word_1_38' title='bbox 342 1047 504 1128; x_wconf 78' lang='lat' dir='ltr'><strong>idcirco</strong></span> <span class='ocrx_word' id='word_1_39' title='bbox 529 1073 622 1125; x_wconf 91' lang='lat' dir='ltr'><strong>cum</strong></span> <span class='ocrx_word' id='word_1_40' title='bbox 650 1071 772 1152; x_wconf 90' lang='lat' dir='ltr'><strong>super</strong></span> <span class='ocrx_word' id='word_1_41' title='bbox 794 1041 828 1155; x_wconf 86' lang='grc'>’)</span> <span class='ocrx_word' id='word_1_42' title='bbox 857 1041 1048 1123; x_wconf 88' lang='lat' dir='ltr'><strong>omnibus</strong></span> <span class='ocrx_word' id='word_1_43' title='bbox 1076 1039 1303 1124; x_wconf 84' lang='lat' dir='ltr'><strong>excessibus</strong></span> <span class='ocrx_word' id='word_1_44' title='bbox 1333 1071 1406 1150; x_wconf 88' lang='lat' dir='ltr'><strong>per</strong></span> <span class='ocrx_word' id='word_1_45' title='bbox 1438 1045 1614 1124; x_wconf 89' lang='lat' dir='ltr'><strong>scaniam</strong></span> <span class='ocrx_word' id='word_1_46' title='bbox 1657 1049 1892 1155; x_wconf 87' lang='lat' dir='ltr'><strong>perpetratis</strong></span> <span class='ocrx_word' id='word_1_47' title='bbox 1916 1055 1947 1127; x_wconf 91' lang='grc'><strong>8(</strong></span> <span class='ocrx_word' id='word_1_48' title='bbox 1969 1049 2069 1130; x_wconf 86' lang='lat' dir='ltr'><strong>eisdem</strong></span> <span class='ocrx_word' id='word_1_49' title='bbox 2146 1115 2147 1124; x_wconf 72' lang='grc'>,</span> 
     </span>
    </p>

    <p class='ocr_par' dir='ltr' id='par_1_3' title="bbox 254 1147 2147 2043">
     <span class='ocr_line' id='line_1_6' title="bbox 254 1147 2069 1268; baseline -0.001 -27"><span class='ocrx_word' id='word_1_50' title='bbox 254 1169 261 1185; x_wconf 85' lang='grc'>’</span> <span class='ocrx_word' id='word_1_51' title='bbox 341 1155 594 1266; x_wconf 84' lang='lat' dir='ltr'><strong>corrigendis</strong></span> <span class='ocrx_word' id='word_1_52' title='bbox 622 1156 740 1236; x_wconf 90' lang='lat' dir='ltr'><strong>nobis</strong></span> <span class='ocrx_word' id='word_1_53' title='bbox 770 1151 873 1234; x_wconf 90' lang='lat' dir='ltr'><strong>duos</strong></span> <span class='ocrx_word' id='word_1_54' title='bbox 907 1147 1117 1234; x_wconf 78' lang='lat' dir='ltr'><strong>b&#39;ondones</strong></span> <span class='ocrx_word' id='word_1_55' title='bbox 1136 1152 1187 1234; x_wconf 91' lang='lat' dir='ltr'><strong>de</strong></span> <span class='ocrx_word' id='word_1_56' title='bbox 1202 1154 1369 1260; x_wconf 88' lang='lat' dir='ltr'><strong>singulis</strong></span> <span class='ocrx_word' id='word_1_57' title='bbox 1385 1155 1513 1234; x_wconf 91' lang='lat' dir='ltr'><strong>herrit</strong></span> <span class='ocrx_word' id='word_1_58' title='bbox 1531 1153 1563 1268; x_wconf 79' lang='lat'><strong>³)</strong></span> <span class='ocrx_word' id='word_1_59' title='bbox 1579 1156 1749 1238; x_wconf 86' lang='lat' dir='ltr'><strong>duxistis</strong></span> <span class='ocrx_word' id='word_1_60' title='bbox 1764 1157 1993 1240; x_wconf 86' lang='lat' dir='ltr'><strong>destinandos</strong></span> <span class='ocrx_word' id='word_1_61' title='bbox 2013 1189 2069 1268; x_wconf 84' lang='lat' dir='ltr'><strong>prc-</strong></span> 
     </span>
     <span class='ocr_line' id='line_1_7' title="bbox 339 1263 2069 1377; baseline -0.001 -26"><span class='ocrx_word' id='word_1_62' title='bbox 339 1271 526 1364; x_wconf 82' lang='lat' dir='ltr'><strong>sentibus</strong></span> <span class='ocrx_word' id='word_1_63' title='bbox 554 1266 671 1347; x_wconf 85' lang='lat' dir='ltr'><strong>vobis</strong></span> <span class='ocrx_word' id='word_1_64' title='bbox 698 1265 966 1376; x_wconf 89' lang='lat' dir='ltr'><strong>significamus</strong></span> <span class='ocrx_word' id='word_1_65' title='bbox 1006 1281 1052 1342; x_wconf 86' lang='lat' dir='ltr'><strong>vt</strong></span> <span class='ocrx_word' id='word_1_66' title='bbox 1079 1263 1420 1374; x_wconf 81' lang='lat' dir='ltr'><strong>quemadmodum</strong></span> <span class='ocrx_word' id='word_1_67' title='bbox 1464 1295 1537 1374; x_wconf 91' lang='lat' dir='ltr'><strong>per</strong></span> <span class='ocrx_word' id='word_1_68' title='bbox 1580 1265 1947 1354; x_wconf 76' lang='lat' dir='ltr'><strong>dictosbomdomes</strong></span> <span class='ocrx_word' id='word_1_69' title='bbox 1970 1271 2069 1377; x_wconf 88' lang='lat' dir='ltr'><strong>petiui-</strong></span> 
     </span>
     <span class='ocr_line' id='line_1_8' title="bbox 343 1373 2074 1493; baseline -0.002 -30"><span class='ocrx_word' id='word_1_70' title='bbox 343 1379 415 1463; x_wconf 84' lang='lat' dir='ltr'><strong>stis</strong></span> <span class='ocrx_word' id='word_1_71' title='bbox 444 1381 629 1462; x_wconf 89' lang='lat' dir='ltr'><strong>dominos</strong></span> <span class='ocrx_word' id='word_1_72' title='bbox 653 1375 685 1492; x_wconf 76' lang='lat' dir='ltr'><strong>l)</strong></span> <span class='ocrx_word' id='word_1_73' title='bbox 713 1377 762 1460; x_wconf 91' lang='lat' dir='ltr'><strong>N.</strong></span> <span class='ocrx_word' id='word_1_74' title='bbox 792 1373 1029 1455; x_wconf 87' lang='lat' dir='ltr'><strong>lundensem</strong></span> <span class='ocrx_word' id='word_1_75' title='bbox 1058 1373 1284 1484; x_wconf 87' lang='lat' dir='ltr'><strong>prefectum</strong></span> <span class='ocrx_word' id='word_1_76' title='bbox 1304 1374 1336 1490; x_wconf 81' lang='grc'><strong>5)</strong></span> <span class='ocrx_word' id='word_1_77' title='bbox 1364 1378 1414 1458; x_wconf 91' lang='lat' dir='ltr'><strong>N.</strong></span> <span class='ocrx_word' id='word_1_78' title='bbox 1443 1377 1569 1458; x_wconf 85' lang='lat' dir='ltr'><strong>lilium</strong></span> <span class='ocrx_word' id='word_1_79' title='bbox 1596 1381 1756 1484; x_wconf 91' lang='lat' dir='ltr'><strong>tyconis</strong></span> <span class='ocrx_word' id='word_1_80' title='bbox 1780 1378 1814 1493; x_wconf 73' lang='grc'><strong>6)</strong></span> <span class='ocrx_word' id='word_1_81' title='bbox 1845 1381 1881 1460; x_wconf 89' lang='lat' dir='ltr'><strong>S.</strong></span> <span class='ocrx_word' id='word_1_82' title='bbox 1909 1379 2011 1459; x_wconf 89' lang='lat' dir='ltr'><strong>lilium</strong></span> <span class='ocrx_word' id='word_1_83' title='bbox 2032 1409 2074 1460; x_wconf 85' lang='lat' dir='ltr'><strong>aa·</strong></span> 
     </span>
     <span class='ocr_line' id='line_1_9' title="bbox 344 1485 2077 1600; baseline -0.002 -25"><span class='ocrx_word' id='word_1_84' title='bbox 344 1493 458 1589; x_wconf 87' lang='lat' dir='ltr'><strong>dree,</strong></span> <span class='ocrx_word' id='word_1_85' title='bbox 487 1493 565 1571; x_wconf 87' lang='lat' dir='ltr'><strong>Jon</strong></span> <span class='ocrx_word' id='word_1_86' title='bbox 593 1490 686 1570; x_wconf 89' lang='lat' dir='ltr'><strong>lillae</strong></span> <span class='ocrx_word' id='word_1_87' title='bbox 711 1487 743 1600; x_wconf 79' lang='lat'><strong>7)</strong></span> <span class='ocrx_word' id='word_1_88' title='bbox 774 1488 995 1568; x_wconf 90' lang='lat' dir='ltr'><strong>Johannem</strong></span> <span class='ocrx_word' id='word_1_89' title='bbox 1028 1485 1152 1570; x_wconf 88' lang='lat' dir='ltr'><strong>filium</strong></span> <span class='ocrx_word' id='word_1_90' title='bbox 1186 1487 1389 1572; x_wconf 83' lang='lat' dir='ltr'><strong>michaelis</strong></span> <span class='ocrx_word' id='word_1_91' title='bbox 1433 1488 1548 1570; x_wconf 88' lang='lat' dir='ltr'><strong>vobis</strong></span> <span class='ocrx_word' id='word_1_92' title='bbox 1590 1493 1831 1571; x_wconf 86' lang='lat' dir='ltr'><strong>remittimus</strong></span> <span class='ocrx_word' id='word_1_93' title='bbox 1875 1489 2077 1571; x_wconf 76' lang='lat' dir='ltr'><strong>concedentes</strong></span> 
     </span>
     <span class='ocr_line' id='line_1_10' title="bbox 342 1597 2077 1716; baseline -0.004 -29"><span class='ocrx_word' id='word_1_94' title='bbox 342 1604 493 1687; x_wconf 89' lang='lat' dir='ltr'><strong>eisdem</strong></span> <span class='ocrx_word' id='word_1_95' title='bbox 510 1601 543 1716; x_wconf 79' lang='lat'><strong>⁸.)</strong></span> <span class='ocrx_word' id='word_1_96' title='bbox 573 1629 631 1682; x_wconf 82' lang='lat' dir='ltr'><strong>ex·</strong></span> <span class='ocrx_word' id='word_1_97' title='bbox 652 1617 767 1711; x_wconf 88' lang='lat' dir='ltr'><strong>parte</strong></span> <span class='ocrx_word' id='word_1_98' title='bbox 795 1613 935 1678; x_wconf 89' lang='lat' dir='ltr'><strong>nostra</strong></span> <span class='ocrx_word' id='word_1_99' title='bbox 964 1599 1245 1686; x_wconf 87' lang='lat' dir='ltr'><strong>auctoritatem</strong></span> <span class='ocrx_word' id='word_1_100' title='bbox 1278 1625 1401 1707; x_wconf 93' lang='lat' dir='ltr'><strong>super</strong></span> <span class='ocrx_word' id='word_1_101' title='bbox 1429 1597 1576 1685; x_wconf 91' lang='lat' dir='ltr'><strong>diuites</strong></span> <span class='ocrx_word' id='word_1_102' title='bbox 1604 1607 1643 1682; x_wconf 92' lang='grc'><strong>8(</strong></span> <span class='ocrx_word' id='word_1_103' title='bbox 1673 1629 1868 1710; x_wconf 86' lang='lat' dir='ltr'><strong>pauperes</strong></span> <span class='ocrx_word' id='word_1_104' title='bbox 1887 1609 2077 1681; x_wconf 76' lang='lat' dir='ltr'><strong>rurenses&amp;</strong></span> 
     </span>
     <span class='ocr_line' id='line_1_11' title="bbox 341 1707 2076 1824; baseline -0.006 -25"><span class='ocrx_word' id='word_1_105' title='bbox 341 1718 450 1802; x_wconf 89' lang='lat' dir='ltr'><strong>ciues</strong></span> <span class='ocrx_word' id='word_1_106' title='bbox 478 1715 679 1824; x_wconf 83' lang='lat' dir='ltr'><strong>justiciam</strong></span> <span class='ocrx_word' id='word_1_107' title='bbox 707 1707 881 1797; x_wconf 85' lang='lat' dir='ltr'><strong>faciendi</strong></span> <span class='ocrx_word' id='word_1_108' title='bbox 910 1709 1098 1811; x_wconf 89' lang='lat' dir='ltr'><strong>Quorum</strong></span> <span class='ocrx_word' id='word_1_109' title='bbox 1112 1708 1261 1790; x_wconf 89' lang='lat' dir='ltr'><strong>iudicio</strong></span> <span class='ocrx_word' id='word_1_110' title='bbox 1279 1710 1312 1824; x_wconf 82' lang='lat'><strong>⁹)</strong></span> <span class='ocrx_word' id='word_1_111' title='bbox 1341 1711 1374 1790; x_wconf 89' lang='lat' dir='ltr'><strong>si</strong></span> <span class='ocrx_word' id='word_1_112' title='bbox 1401 1713 1472 1819; x_wconf 93' lang='lat' dir='ltr'><strong>qui</strong></span> <span class='ocrx_word' id='word_1_113' title='bbox 1499 1729 1606 1793; x_wconf 89' lang='lat' dir='ltr'><strong>stare</strong></span> <span class='ocrx_word' id='word_1_114' title='bbox 1628 1714 2076 1821; x_wconf 85' lang='lat' dir='ltr'><strong>contempserintNomim</strong></span> 
     </span>
     <span class='ocr_line' id='line_1_12' title="bbox 343 1819 2147 1942; baseline 0.001 -36"><span class='ocrx_word' id='word_1_115' title='bbox 343 1825 506 1912; x_wconf 84' lang='lat' dir='ltr'><strong>illorum</strong></span> <span class='ocrx_word' id='word_1_116' title='bbox 534 1824 653 1910; x_wconf 89' lang='lat' dir='ltr'><strong>nobis</strong></span> <span class='ocrx_word' id='word_1_117' title='bbox 681 1822 722 1904; x_wconf 91' lang='lat' dir='ltr'><strong>in</strong></span> <span class='ocrx_word' id='word_1_118' title='bbox 751 1821 903 1930; x_wconf 90' lang='lat' dir='ltr'><strong>scripto</strong></span> <span class='ocrx_word' id='word_1_119' title='bbox 936 1819 981 1942; x_wconf 85' lang='grc' dir='ltr'><strong>Ι’)</strong></span> <span class='ocrx_word' id='word_1_120' title='bbox 1011 1822 1171 1903; x_wconf 88' lang='lat' dir='ltr'><strong>redacta</strong></span> <span class='ocrx_word' id='word_1_121' title='bbox 1199 1825 1477 1901; x_wconf 90' lang='lat' dir='ltr'><strong>transmittant</strong></span> <span class='ocrx_word' id='word_1_122' title='bbox 1508 1820 1557 1935; x_wconf 85' lang='grc' dir='ltr'><strong>ι’)</strong></span> <span class='ocrx_word' id='word_1_123' title='bbox 1586 1829 1626 1902; x_wconf 93' lang='grc'><strong>8(</strong></span> <span class='ocrx_word' id='word_1_124' title='bbox 1654 1851 1727 1903; x_wconf 87' lang='lat' dir='ltr'><strong>vos</strong></span> <span class='ocrx_word' id='word_1_125' title='bbox 1757 1823 1806 1937; x_wconf 86' lang='grc'>”)</span> <span class='ocrx_word' id='word_1_126' title='bbox 1834 1825 1936 1931; x_wconf 81' lang='lat' dir='ltr'><strong>ipsos</strong></span> <span class='ocrx_word' id='word_1_127' title='bbox 1965 1823 1999 1901; x_wconf 94' lang='lat' dir='ltr'><strong>in</strong></span> <span class='ocrx_word' id='word_1_128' title='bbox 2021 1849 2078 1929; x_wconf 80' lang='lat' dir='ltr'><strong>pu·</strong></span> <span class='ocrx_word' id='word_1_129' title='bbox 2145 1851 2147 1908; x_wconf 67' lang='grc' dir='ltr'>ι</span> 
     </span>
     <span class='ocr_line' id='line_1_13' title="bbox 342 1929 2080 2043; baseline -0.005 -24"><span class='ocrx_word' id='word_1_130' title='bbox 342 1939 452 2020; x_wconf 92' lang='lat' dir='ltr'><strong>sonis</strong></span> <span class='ocrx_word' id='word_1_131' title='bbox 481 1935 625 2022; x_wconf 89' lang='lat' dir='ltr'><strong>merito</strong></span> <span class='ocrx_word' id='word_1_132' title='bbox 654 1933 895 2040; x_wconf 78' lang='lat' dir='ltr'><strong>castigantes</strong></span> <span class='ocrx_word' id='word_1_133' title='bbox 923 1929 973 2024; x_wconf 91' lang='lat' dir='ltr'><strong>de</strong></span> <span class='ocrx_word' id='word_1_134' title='bbox 1003 1931 1120 2012; x_wconf 92' lang='lat' dir='ltr'><strong>bonis</strong></span> <span class='ocrx_word' id='word_1_135' title='bbox 1152 1934 1331 2039; x_wconf 89' lang='lat' dir='ltr'><strong>ipsorum</strong></span> <span class='ocrx_word' id='word_1_136' title='bbox 1368 1933 1536 2042; x_wconf 87' lang='lat' dir='ltr'><strong>singulis</strong></span> <span class='ocrx_word' id='word_1_137' title='bbox 1565 1933 1619 2016; x_wconf 91' lang='lat' dir='ltr'><strong>ab</strong></span> <span class='ocrx_word' id='word_1_138' title='bbox 1660 1935 1757 2043; x_wconf 90' lang='lat' dir='ltr'><strong>ipsis</strong></span> <span class='ocrx_word' id='word_1_139' title='bbox 1799 1935 1975 2015; x_wconf 89' lang='lat' dir='ltr'><strong>iniuriam</strong></span> <span class='ocrx_word' id='word_1_140' title='bbox 1998 1934 2080 2040; x_wconf 81' lang='lat' dir='ltr'><strong>pauit</strong></span> 
     </span>
    </p>

    <p class='ocr_par' dir='ltr' id='par_1_4' title="bbox 268 2042 2147 3594">
     <span class='ocr_line' id='line_1_14' title="bbox 268 2042 2083 2156; baseline -0.007 -24"><span class='ocrx_word' id='word_1_141' title='bbox 268 2053 288 2077; x_wconf 83' lang='grc'><strong>’“</strong></span> <span class='ocrx_word' id='word_1_142' title='bbox 343 2042 571 2132; x_wconf 78' lang='lat' dir='ltr'><strong>satisfacere</strong></span> <span class='ocrx_word' id='word_1_143' title='bbox 593 2044 779 2125; x_wconf 87' lang='lat' dir='ltr'><strong>volumus</strong></span> <span class='ocrx_word' id='word_1_144' title='bbox 795 2059 1072 2153; x_wconf 85' lang='lat' dir='ltr'><strong>competenter</strong></span> <span class='ocrx_word' id='word_1_145' title='bbox 1087 2046 1261 2154; x_wconf 87' lang='lat' dir='ltr'><strong>Jnsupcr</strong></span> <span class='ocrx_word' id='word_1_146' title='bbox 1292 2046 1487 2124; x_wconf 90' lang='lat' dir='ltr'><strong>noueritis</strong></span> <span class='ocrx_word' id='word_1_147' title='bbox 1502 2043 1614 2155; x_wconf 91' lang='lat' dir='ltr'><strong>quod</strong></span> <span class='ocrx_word' id='word_1_148' title='bbox 1627 2042 1766 2156; x_wconf 62' lang='lat' dir='ltr'><strong>nosfl)</strong></span> <span class='ocrx_word' id='word_1_149' title='bbox 1795 2072 1929 2126; x_wconf 89' lang='lat' dir='ltr'><strong>omnes</strong></span> <span class='ocrx_word' id='word_1_150' title='bbox 1942 2044 2040 2124; x_wconf 89' lang='lat' dir='ltr'><strong>bonas</strong></span> <span class='ocrx_word' id='word_1_151' title='bbox 2057 2047 2083 2120; x_wconf 88' lang='grc'><strong>8(</strong></span> 
     </span>
     <span class='ocr_line' id='line_1_15' title="bbox 342 2153 2147 2268; baseline -0.006 -27"><span class='ocrx_word' id='word_1_152' title='bbox 342 2158 590 2244; x_wconf 88' lang='lat' dir='ltr'><strong>tollerabiles</strong></span> <span class='ocrx_word' id='word_1_153' title='bbox 621 2153 668 2268; x_wconf 72' lang='grc'><strong>’4)</strong></span> <span class='ocrx_word' id='word_1_154' title='bbox 698 2153 804 2264; x_wconf 88' lang='lat' dir='ltr'><strong>leges</strong></span> <span class='ocrx_word' id='word_1_155' title='bbox 832 2184 879 2236; x_wconf 89' lang='lat' dir='ltr'><strong>ac</strong></span> <span class='ocrx_word' id='word_1_156' title='bbox 908 2155 1222 2248; x_wconf 87' lang='lat' dir='ltr'><strong>consuetudines</strong></span> <span class='ocrx_word' id='word_1_157' title='bbox 1251 2184 1353 2266; x_wconf 81' lang='lat' dir='ltr'><strong>quas</strong></span> <span class='ocrx_word' id='word_1_158' title='bbox 1382 2158 1634 2265; x_wconf 90' lang='lat' dir='ltr'><strong>temporibus</strong></span> <span class='ocrx_word' id='word_1_159' title='bbox 1681 2156 1829 2236; x_wconf 90' lang='lat' dir='ltr'><strong>illustri</strong></span> <span class='ocrx_word' id='word_1_160' title='bbox 1860 2157 1973 2264; x_wconf 90' lang='lat' dir='ltr'><strong>patris</strong></span> <span class='ocrx_word' id='word_1_161' title='bbox 1996 2155 2083 2234; x_wconf 89' lang='lat' dir='ltr'><strong>nostri</strong></span> <span class='ocrx_word' id='word_1_162' title='bbox 2145 2183 2147 2246; x_wconf 67' lang='lat' dir='ltr'>g</span> 
     </span>
     <span class='ocr_line' id='line_1_16' title="bbox 343 2259 2085 2375; baseline -0.005 -22"><span class='ocrx_word' id='word_1_163' title='bbox 343 2271 532 2354; x_wconf 88' lang='lat' dir='ltr'><strong>habuisse</strong></span> <span class='ocrx_word' id='word_1_164' title='bbox 560 2267 821 2349; x_wconf 74' lang='lat' dir='ltr'><strong>&#39;dinoscimini</strong></span> <span class='ocrx_word' id='word_1_165' title='bbox 848 2265 965 2346; x_wconf 86' lang='lat' dir='ltr'><strong>vobis</strong></span> <span class='ocrx_word' id='word_1_166' title='bbox 994 2267 1123 2356; x_wconf 84' lang='lat' dir='ltr'><strong>illesas</strong></span> <span class='ocrx_word' id='word_1_167' title='bbox 1153 2267 1340 2356; x_wconf 80' lang='lat' dir='ltr'><strong>volumus</strong></span> <span class='ocrx_word' id='word_1_168' title='bbox 1369 2293 1608 2354; x_wconf 86' lang='lat' dir='ltr'><strong>conseruare</strong></span> <span class='ocrx_word' id='word_1_169' title='bbox 1635 2268 1679 2347; x_wconf 92' lang='lat' dir='ltr'><strong>in</strong></span> <span class='ocrx_word' id='word_1_170' title='bbox 1693 2267 1771 2348; x_wconf 89' lang='lat' dir='ltr'><strong>biis</strong></span> <span class='ocrx_word' id='word_1_171' title='bbox 1784 2267 1934 2348; x_wconf 89' lang='lat' dir='ltr'><strong>scilicet</strong></span> <span class='ocrx_word' id='word_1_172' title='bbox 1959 2261 2042 2375; x_wconf 90' lang='lat' dir='ltr'><strong>quod</strong></span> <span class='ocrx_word' id='word_1_173' title='bbox 2054 2259 2085 2372; x_wconf 78' lang='grc'><strong>15)</strong></span> 
     </span>
     <span class='ocr_line' id='line_1_17' title="bbox 342 2378 2084 2488; baseline -0.006 -25"><span class='ocrx_word' id='word_1_174' title='bbox 342 2382 501 2483; x_wconf 84' lang='lat' dir='ltr'><strong>modius</strong></span> <span class='ocrx_word' id='word_1_175' title='bbox 530 2378 582 2461; x_wconf 93' lang='lat' dir='ltr'><strong>ad</strong></span> <span class='ocrx_word' id='word_1_176' title='bbox 611 2378 764 2488; x_wconf 86' lang='lat' dir='ltr'><strong>ferrum</strong></span> <span class='ocrx_word' id='word_1_177' title='bbox 792 2393 1051 2486; x_wconf 84' lang='lat' dir='ltr'><strong>perpetrem</strong></span> <span class='ocrx_word' id='word_1_178' title='bbox 1080 2397 1261 2468; x_wconf 87' lang='lat' dir='ltr'><strong>nostrum</strong></span> <span class='ocrx_word' id='word_1_179' title='bbox 1291 2378 1522 2466; x_wconf 91' lang='lat' dir='ltr'><strong>institutum</strong></span> <span class='ocrx_word' id='word_1_180' title='bbox 1551 2379 1790 2464; x_wconf 88' lang='lat' dir='ltr'><strong>mensuratis</strong></span> <span class='ocrx_word' id='word_1_181' title='bbox 1814 2407 1889 2488; x_wconf 88' lang='lat' dir='ltr'><strong>per</strong></span> <span class='ocrx_word' id='word_1_182' title='bbox 1902 2394 2009 2458; x_wconf 89' lang='lat' dir='ltr'><strong>totam</strong></span> <span class='ocrx_word' id='word_1_183' title='bbox 2030 2401 2084 2453; x_wconf 81' lang='lat' dir='ltr'><strong>sca</strong></span> 
     </span>
     <span class='ocr_line' id='line_1_18' title="bbox 342 2485 2147 2682; baseline -0.007 -107"><span class='ocrx_word' id='word_1_184' title='bbox 342 2496 453 2576; x_wconf 92' lang='lat' dir='ltr'><strong>niam</strong></span> <span class='ocrx_word' id='word_1_185' title='bbox 480 2507 619 2582; x_wconf 83' lang='lat' dir='ltr'><strong>currat</strong></span> <span class='ocrx_word' id='word_1_186' title='bbox 648 2495 687 2578; x_wconf 90' lang='grc'><strong>8(</strong></span> <span class='ocrx_word' id='word_1_187' title='bbox 715 2505 899 2571; x_wconf 86' lang='lat' dir='ltr'><strong>seruetur</strong></span> <span class='ocrx_word' id='word_1_188' title='bbox 930 2487 978 2602; x_wconf 80' lang='lat'><strong>¹⁶)</strong></span> <span class='ocrx_word' id='word_1_189' title='bbox 1006 2490 1131 2682; x_wconf 52' lang='lat' dir='ltr'><strong>(ssuod</strong></span> <span class='ocrx_word' id='word_1_190' title='bbox 1160 2505 1345 2584; x_wconf 83' lang='lat' dir='ltr'><strong>nostrum</strong></span> <span class='ocrx_word' id='word_1_191' title='bbox 1386 2487 1511 2578; x_wconf 89' lang='lat' dir='ltr'><strong>studh</strong></span> <span class='ocrx_word' id='word_1_192' title='bbox 1541 2489 1590 2604; x_wconf 80' lang='lat'><strong>¹⁷)</strong></span> <span class='ocrx_word' id='word_1_193' title='bbox 1633 2488 1737 2570; x_wconf 82' lang='lat' dir='ltr'><strong>vltra</strong></span> <span class='ocrx_word' id='word_1_194' title='bbox 1772 2489 1915 2571; x_wconf 88' lang='lat' dir='ltr'><strong>festum</strong></span> <span class='ocrx_word' id='word_1_195' title='bbox 1950 2485 2087 2596; x_wconf 83' lang='lat' dir='ltr'><strong>purifica·</strong></span> <span class='ocrx_word' id='word_1_196' title='bbox 2145 2511 2147 2544; x_wconf 77' lang='lat'><strong>¹</strong></span> 
     </span>
     <span class='ocr_line' id='line_1_19' title="bbox 345 2555 2147 2742; baseline -0.009 -54"><span class='ocrx_word' id='word_1_197' title='bbox 345 2605 472 2688; x_wconf 91' lang='lat' dir='ltr'><strong>cionis</strong></span> <span class='ocrx_word' id='word_1_198' title='bbox 499 2602 731 2690; x_wconf 83' lang='lat' dir='ltr'><strong>nullatenus</strong></span> <span class='ocrx_word' id='word_1_199' title='bbox 748 2596 941 2690; x_wconf 74' lang='lat' dir='ltr'><strong>‚detinere</strong></span> <span class='ocrx_word' id='word_1_200' title='bbox 969 2600 1019 2689; x_wconf 88' lang='lat' dir='ltr'><strong>de</strong></span> <span class='ocrx_word' id='word_1_201' title='bbox 1049 2603 1147 2680; x_wconf 86' lang='lat' dir='ltr'><strong>catis</strong></span> <span class='ocrx_word' id='word_1_202' title='bbox 1176 2603 1280 2680; x_wconf 87' lang='lat' dir='ltr'><strong>Jtem</strong></span> <span class='ocrx_word' id='word_1_203' title='bbox 1309 2599 1421 2709; x_wconf 93' lang='lat' dir='ltr'><strong>quod</strong></span> <span class='ocrx_word' id='word_1_204' title='bbox 1438 2597 1769 2719; x_wconf 82' lang='lat' dir='ltr'><strong>quelibethaffna</strong></span> <span class='ocrx_word' id='word_1_205' title='bbox 1786 2599 1836 2714; x_wconf 80' lang='lat'><strong>¹⁸)</strong></span> <span class='ocrx_word' id='word_1_206' title='bbox 1866 2627 1936 2710; x_wconf 89' lang='lat' dir='ltr'><strong>per</strong></span> <span class='ocrx_word' id='word_1_207' title='bbox 1954 2600 2089 2704; x_wconf 84' lang='lat' dir='ltr'><strong>seipsam</strong></span> <span class='ocrx_word' id='word_1_208' title='bbox 2143 2555 2147 2742; x_wconf 87' lang='grc'>)</span> 
     </span>
     <span class='ocr_line' id='line_1_20' title="bbox 345 2709 2146 2820; baseline -0.008 -23"><span class='ocrx_word' id='word_1_209' title='bbox 345 2717 548 2798; x_wconf 88' lang='lat' dir='ltr'><strong>hominem</strong></span> <span class='ocrx_word' id='word_1_210' title='bbox 577 2715 619 2798; x_wconf 92' lang='lat' dir='ltr'><strong>in</strong></span> <span class='ocrx_word' id='word_1_211' title='bbox 647 2709 951 2820; x_wconf 75' lang='lat' dir='ltr'><strong>expedicionem</strong></span> <span class='ocrx_word' id='word_1_212' title='bbox 979 2711 1131 2806; x_wconf 83' lang='lat' dir='ltr'><strong>iturum</strong></span> <span class='ocrx_word' id='word_1_213' title='bbox 1161 2709 1365 2816; x_wconf 61' lang='lat' dir='ltr'><strong>idoneum</strong></span> <span class='ocrx_word' id='word_1_214' title='bbox 1411 2729 1569 2802; x_wconf 82' lang='lat' dir='ltr'><strong>tantum</strong></span> <span class='ocrx_word' id='word_1_215' title='bbox 1614 2710 1758 2793; x_wconf 86' lang='lat' dir='ltr'><strong>debeat</strong></span> <span class='ocrx_word' id='word_1_216' title='bbox 1799 2712 1998 2791; x_wconf 89' lang='lat' dir='ltr'><strong>nominare</strong></span> <span class='ocrx_word' id='word_1_217' title='bbox 2020 2710 2090 2785; x_wconf 87' lang='lat' dir='ltr'><strong>lten</strong></span> <span class='ocrx_word' id='word_1_218' title='bbox 2145 2743 2146 2804; x_wconf 70' lang='lat' dir='ltr'><strong>l</strong></span> 
     </span>
     <span class='ocr_line' id='line_1_21' title="bbox 345 2809 2092 2938; baseline -0.006 -31"><span class='ocrx_word' id='word_1_219' title='bbox 345 2819 458 2938; x_wconf 91' lang='lat' dir='ltr'><strong>quod</strong></span> <span class='ocrx_word' id='word_1_220' title='bbox 487 2823 658 2904; x_wconf 84' lang='lat' dir='ltr'><strong>famulus</strong></span> <span class='ocrx_word' id='word_1_221' title='bbox 687 2819 955 2902; x_wconf 91' lang='lat' dir='ltr'><strong>conductiuus</strong></span> <span class='ocrx_word' id='word_1_222' title='bbox 983 2851 1074 2902; x_wconf 92' lang='lat' dir='ltr'><strong>cum</strong></span> <span class='ocrx_word' id='word_1_223' title='bbox 1104 2817 1233 2904; x_wconf 86' lang='lat' dir='ltr'><strong>solido</strong></span> <span class='ocrx_word' id='word_1_224' title='bbox 1261 2824 1416 2932; x_wconf 80' lang='lat' dir='ltr'><strong>argenti</strong></span> <span class='ocrx_word' id='word_1_225' title='bbox 1432 2821 1605 2904; x_wconf 91' lang='lat' dir='ltr'><strong>conduci</strong></span> <span class='ocrx_word' id='word_1_226' title='bbox 1633 2809 1787 2905; x_wconf 74' lang='lat' dir='ltr'><strong>debeat.</strong></span> <span class='ocrx_word' id='word_1_227' title='bbox 1819 2823 1923 2902; x_wconf 85' lang='lat' dir='ltr'><strong>Jtem</strong></span> <span class='ocrx_word' id='word_1_228' title='bbox 1937 2815 2030 2932; x_wconf 91' lang='lat' dir='ltr'><strong>quod</strong></span> <span class='ocrx_word' id='word_1_229' title='bbox 2041 2843 2092 2925; x_wconf 87' lang='lat' dir='ltr'><strong>pm</strong></span> 
     </span>
     <span class='ocr_line' id='line_1_22' title="bbox 344 2927 2093 3045; baseline -0.01 -27"><span class='ocrx_word' id='word_1_230' title='bbox 344 2934 548 3044; x_wconf 63' lang='lat' dir='ltr'><strong>hesteleic</strong></span> <span class='ocrx_word' id='word_1_231' title='bbox 592 2940 631 3015; x_wconf 88' lang='grc'><strong>8(</strong></span> <span class='ocrx_word' id='word_1_232' title='bbox 672 2931 896 3045; x_wconf 53' lang='lat' dir='ltr'><strong>bruniam)</strong></span> <span class='ocrx_word' id='word_1_233' title='bbox 938 2961 1160 3043; x_wconf 91' lang='lat' dir='ltr'><strong>numquam</strong></span> <span class='ocrx_word' id='word_1_234' title='bbox 1202 2936 1279 3014; x_wconf 91' lang='lat' dir='ltr'><strong>nisi</strong></span> <span class='ocrx_word' id='word_1_235' title='bbox 1323 2961 1395 3015; x_wconf 87' lang='lat' dir='ltr'><strong>ora</strong></span> <span class='ocrx_word' id='word_1_236' title='bbox 1415 2931 1474 3044; x_wconf 77' lang='grc'>”’)</span> <span class='ocrx_word' id='word_1_237' title='bbox 1518 2935 1675 3041; x_wconf 84' lang='lat' dir='ltr'><strong>argenti</strong></span> <span class='ocrx_word' id='word_1_238' title='bbox 1719 2933 1869 3014; x_wconf 88' lang='lat' dir='ltr'><strong>debeat</strong></span> <span class='ocrx_word' id='word_1_239' title='bbox 1910 2927 2093 3038; x_wconf 85' lang='lat' dir='ltr'><strong>extorqueri</strong></span> 
     </span>
     <span class='ocr_line' id='line_1_23' title="bbox 344 3037 2095 3154; baseline -0.007 -26"><span class='ocrx_word' id='word_1_240' title='bbox 344 3053 447 3130; x_wconf 86' lang='lat' dir='ltr'><strong>Jtem</strong></span> <span class='ocrx_word' id='word_1_241' title='bbox 492 3045 677 3150; x_wconf 81' lang='lat' dir='ltr'><strong>volumus</strong></span> <span class='ocrx_word' id='word_1_242' title='bbox 707 3049 745 3123; x_wconf 89' lang='grc'><strong>8(</strong></span> <span class='ocrx_word' id='word_1_243' title='bbox 781 3041 1019 3125; x_wconf 87' lang='lat' dir='ltr'><strong>mandamus</strong></span> <span class='ocrx_word' id='word_1_244' title='bbox 1061 3046 1257 3125; x_wconf 80' lang='lat' dir='ltr'><strong>uniuersis</strong></span> <span class='ocrx_word' id='word_1_245' title='bbox 1300 3044 1443 3125; x_wconf 86' lang='lat' dir='ltr'><strong>villicis</strong></span> <span class='ocrx_word' id='word_1_246' title='bbox 1474 3049 1518 3124; x_wconf 87' lang='grc'><strong>8(</strong></span> <span class='ocrx_word' id='word_1_247' title='bbox 1546 3043 1702 3125; x_wconf 88' lang='lat' dir='ltr'><strong>colonis</strong></span> <span class='ocrx_word' id='word_1_248' title='bbox 1744 3063 1827 3124; x_wconf 92' lang='lat' dir='ltr'><strong>tam</strong></span> <span class='ocrx_word' id='word_1_249' title='bbox 1874 3037 2095 3154; x_wconf 81' lang='lat' dir='ltr'><strong>preuilegiat&#39;u</strong></span> 
     </span>
     <span class='ocr_line' id='line_1_24' title="bbox 345 3147 2094 3270; baseline -0.007 -32"><span class='ocrx_word' id='word_1_250' title='bbox 345 3185 467 3270; x_wconf 91' lang='lat' dir='ltr'><strong>quam</strong></span> <span class='ocrx_word' id='word_1_251' title='bbox 495 3155 582 3235; x_wconf 86' lang='lat' dir='ltr'><strong>aliis</strong></span> <span class='ocrx_word' id='word_1_252' title='bbox 609 3150 950 3264; x_wconf 87' lang='lat' dir='ltr'><strong>quandocumque</strong></span> <span class='ocrx_word' id='word_1_253' title='bbox 980 3156 1123 3237; x_wconf 82' lang='lat' dir='ltr'><strong>insidia</strong></span> <span class='ocrx_word' id='word_1_254' title='bbox 1151 3154 1201 3266; x_wconf 83' lang='grc'>”)</span> <span class='ocrx_word' id='word_1_255' title='bbox 1229 3157 1486 3246; x_wconf 85' lang='lat' dir='ltr'><strong>inimicorum</strong></span> <span class='ocrx_word' id='word_1_256' title='bbox 1523 3159 1640 3264; x_wconf 88' lang='lat' dir='ltr'><strong>regni</strong></span> <span class='ocrx_word' id='word_1_257' title='bbox 1664 3157 1898 3262; x_wconf 90' lang='lat' dir='ltr'><strong>ingruerint</strong></span> <span class='ocrx_word' id='word_1_258' title='bbox 1924 3173 1963 3234; x_wconf 83' lang='lat' dir='ltr'><strong>rt</strong></span> <span class='ocrx_word' id='word_1_259' title='bbox 1988 3149 2029 3231; x_wconf 89' lang='lat' dir='ltr'><strong>ad</strong></span> <span class='ocrx_word' id='word_1_260' title='bbox 2048 3147 2094 3227; x_wconf 86' lang='lat' dir='ltr'><strong>de·</strong></span> 
     </span>
     <span class='ocr_line' id='line_1_25' title="bbox 343 3260 2094 3375; baseline -0.01 -23"><span class='ocrx_word' id='word_1_261' title='bbox 343 3271 565 3352; x_wconf 83' lang='lat' dir='ltr'><strong>sensionem</strong></span> <span class='ocrx_word' id='word_1_262' title='bbox 592 3267 642 3374; x_wconf 83' lang='lat'><strong>²²)</strong></span> <span class='ocrx_word' id='word_1_263' title='bbox 671 3266 821 3372; x_wconf 88' lang='lat' dir='ltr'><strong>patrie,</strong></span> <span class='ocrx_word' id='word_1_264' title='bbox 859 3269 963 3345; x_wconf 92' lang='lat' dir='ltr'><strong>sicut</strong></span> <span class='ocrx_word' id='word_1_265' title='bbox 992 3268 1143 3348; x_wconf 91' lang='lat' dir='ltr'><strong>iustum</strong></span> <span class='ocrx_word' id='word_1_266' title='bbox 1170 3285 1230 3348; x_wconf 90' lang='lat' dir='ltr'><strong>cst</strong></span> <span class='ocrx_word' id='word_1_267' title='bbox 1257 3268 1336 3356; x_wconf 90' lang='lat' dir='ltr'><strong>sint</strong></span> <span class='ocrx_word' id='word_1_268' title='bbox 1364 3267 1497 3375; x_wconf 88' lang='lat' dir='ltr'><strong>parati</strong></span> <span class='ocrx_word' id='word_1_269' title='bbox 1524 3267 1629 3346; x_wconf 86' lang='lat' dir='ltr'><strong>Jtem</strong></span> <span class='ocrx_word' id='word_1_270' title='bbox 1665 3266 1858 3348; x_wconf 89' lang='lat' dir='ltr'><strong>omnibus</strong></span> <span class='ocrx_word' id='word_1_271' title='bbox 1887 3260 2094 3349; x_wconf 84' lang='lat' dir='ltr'><strong>bondonibns</strong></span> 
     </span>
     <span class='ocr_line' id='line_1_26' title="bbox 343 3365 2094 3490; baseline -0.005 -30"><span class='ocrx_word' id='word_1_272' title='bbox 343 3379 520 3486; x_wconf 85' lang='lat' dir='ltr'><strong>exceptis</strong></span> <span class='ocrx_word' id='word_1_273' title='bbox 549 3375 695 3456; x_wconf 91' lang='lat' dir='ltr'><strong>nostris</strong></span> <span class='ocrx_word' id='word_1_274' title='bbox 724 3378 901 3484; x_wconf 89' lang='lat' dir='ltr'><strong>antiquis</strong></span> <span class='ocrx_word' id='word_1_275' title='bbox 929 3405 1000 3459; x_wconf 90' lang='lat' dir='ltr'><strong>ora</strong></span> <span class='ocrx_word' id='word_1_276' title='bbox 1029 3373 1080 3490; x_wconf 68' lang='lat'><strong>2³)</strong></span> <span class='ocrx_word' id='word_1_277' title='bbox 1108 3380 1151 3459; x_wconf 95' lang='lat' dir='ltr'><strong>in</strong></span> <span class='ocrx_word' id='word_1_278' title='bbox 1179 3377 1290 3458; x_wconf 89' lang='lat' dir='ltr'><strong>siluis</strong></span> <span class='ocrx_word' id='word_1_279' title='bbox 1322 3405 1403 3487; x_wconf 91' lang='lat' dir='ltr'><strong>que</strong></span> <span class='ocrx_word' id='word_1_280' title='bbox 1433 3373 1626 3458; x_wconf 89' lang='lat' dir='ltr'><strong>dicuntur</strong></span> <span class='ocrx_word' id='word_1_281' title='bbox 1649 3376 1889 3486; x_wconf 86' lang='lat' dir='ltr'><strong>almeningh</strong></span> <span class='ocrx_word' id='word_1_282' title='bbox 1917 3381 1957 3456; x_wconf 90' lang='grc'><strong>8(</strong></span> <span class='ocrx_word' id='word_1_283' title='bbox 1980 3399 2041 3484; x_wconf 91' lang='lat' dir='ltr'><strong>quc</strong></span> <span class='ocrx_word' id='word_1_284' title='bbox 2060 3365 2094 3448; x_wconf 85' lang='lat' dir='ltr'><strong>ad</strong></span> 
     </span>
     <span class='ocr_line' id='line_1_27' title="bbox 344 3485 2093 3594; baseline -0.001 -24"><span class='ocrx_word' id='word_1_285' title='bbox 344 3486 578 3594; x_wconf 87' lang='lat' dir='ltr'><strong>almeningh</strong></span> <span class='ocrx_word' id='word_1_286' title='bbox 604 3485 736 3594; x_wconf 87' lang='lat' dir='ltr'><strong>jurate</strong></span> <span class='ocrx_word' id='word_1_287' title='bbox 764 3503 858 3566; x_wconf 91' lang='lat' dir='ltr'><strong>sunt</strong></span> <span class='ocrx_word' id='word_1_288' title='bbox 888 3486 1092 3569; x_wconf 88' lang='lat' dir='ltr'><strong>licenciam</strong></span> <span class='ocrx_word' id='word_1_289' title='bbox 1121 3486 1379 3569; x_wconf 86' lang='lat' dir='ltr'><strong>concedimus</strong></span> <span class='ocrx_word' id='word_1_290' title='bbox 1407 3485 1645 3570; x_wconf 90' lang='lat' dir='ltr'><strong>succidendi</strong></span> <span class='ocrx_word' id='word_1_291' title='bbox 1660 3489 1764 3569; x_wconf 86' lang='lat' dir='ltr'><strong>Jtem</strong></span> <span class='ocrx_word' id='word_1_292' title='bbox 1779 3488 1982 3584; x_wconf 86' lang='lat' dir='ltr'><strong>Nolumus</strong></span> <span class='ocrx_word' id='word_1_293' title='bbox 2001 3505 2093 3593; x_wconf 74' lang='lat' dir='ltr'><strong>yumss</strong></span> 
     </span>
    </p>

    <p class='ocr_par' dir='ltr' id='par_1_5' title="bbox 315 3589 2094 3712">
     <span class='ocr_line' id='line_1_28' title="bbox 315 3589 2094 3712; baseline -0.004 -31"><span class='ocrx_word' id='word_1_294' title='bbox 315 3601 605 3712; x_wconf 68' lang='lat' dir='ltr'><strong>⁴prohibemus</strong></span> <span class='ocrx_word' id='word_1_295' title='bbox 634 3624 685 3676; x_wconf 91' lang='lat' dir='ltr'><strong>ne</strong></span> <span class='ocrx_word' id='word_1_296' title='bbox 713 3591 764 3708; x_wconf 76' lang='lat'><strong>²⁴)</strong></span> <span class='ocrx_word' id='word_1_297' title='bbox 793 3599 883 3704; x_wconf 88' lang='lat' dir='ltr'><strong>quis</strong></span> <span class='ocrx_word' id='word_1_298' title='bbox 912 3625 1069 3708; x_wconf 89' lang='lat' dir='ltr'><strong>pauper</strong></span> <span class='ocrx_word' id='word_1_299' title='bbox 1095 3598 1250 3684; x_wconf 86' lang='lat' dir='ltr'><strong>habeus</strong></span> <span class='ocrx_word' id='word_1_300' title='bbox 1297 3598 1375 3681; x_wconf 83' lang='lat' dir='ltr'><strong>nisi</strong></span> <span class='ocrx_word' id='word_1_301' title='bbox 1402 3623 1522 3678; x_wconf 77' lang='lat' dir='ltr'><strong>uuam</strong></span> <span class='ocrx_word' id='word_1_302' title='bbox 1551 3597 1600 3710; x_wconf 83' lang='lat'><strong>²⁵)</strong></span> <span class='ocrx_word' id='word_1_303' title='bbox 1629 3626 1793 3680; x_wconf 86' lang='lat' dir='ltr'><strong>vaccam</strong></span> <span class='ocrx_word' id='word_1_304' title='bbox 1823 3599 1879 3682; x_wconf 91' lang='lat' dir='ltr'><strong>ad</strong></span> <span class='ocrx_word' id='word_1_305' title='bbox 1907 3589 2094 3680; x_wconf 83' lang='lat' dir='ltr'><strong>soluendum</strong></span> 
     </span>
    </p>

    <p class='ocr_par' dir='ltr' id='par_1_6' title="bbox 238 3707 2103 3934">
     <span class='ocr_line' id='line_1_29' title="bbox 238 3707 2098 3824; baseline -0.004 -27"><span class='ocrx_word' id='word_1_306' title='bbox 238 3777 248 3797; x_wconf 88' lang='lat'><strong>.</strong></span> <span class='ocrx_word' id='word_1_307' title='bbox 344 3717 433 3802; x_wconf 89' lang='lat' dir='ltr'><strong>iura</strong></span> <span class='ocrx_word' id='word_1_308' title='bbox 460 3707 735 3824; x_wconf 75' lang='lat' dir='ltr'><strong>expeditionis</strong></span> <span class='ocrx_word' id='word_1_309' title='bbox 762 3731 840 3814; x_wconf 91' lang='lat' dir='ltr'><strong>pro</strong></span> <span class='ocrx_word' id='word_1_310' title='bbox 869 3709 955 3816; x_wconf 88' lang='lat' dir='ltr'><strong>ipsa</strong></span> <span class='ocrx_word' id='word_1_311' title='bbox 985 3711 1076 3820; x_wconf 87' lang='lat' dir='ltr'><strong>cogi</strong></span> <span class='ocrx_word' id='word_1_312' title='bbox 1105 3707 1250 3791; x_wconf 87' lang='lat' dir='ltr'><strong>debeat</strong></span> <span class='ocrx_word' id='word_1_313' title='bbox 1279 3728 1350 3790; x_wconf 89' lang='lat' dir='ltr'><strong>aut</strong></span> <span class='ocrx_word' id='word_1_314' title='bbox 1390 3707 1590 3816; x_wconf 85' lang='lat' dir='ltr'><strong>compelli.</strong></span> <span class='ocrx_word' id='word_1_315' title='bbox 1646 3712 1751 3790; x_wconf 83' lang='lat' dir='ltr'><strong>ltem</strong></span> <span class='ocrx_word' id='word_1_316' title='bbox 1790 3710 2015 3794; x_wconf 87' lang='lat' dir='ltr'><strong>mandando</strong></span> <span class='ocrx_word' id='word_1_317' title='bbox 2043 3717 2098 3782; x_wconf 77' lang='lat' dir='ltr'><strong>stt·</strong></span> 
     </span>
     <span class='ocr_line' id='line_1_30' title="bbox 342 3810 2103 3934; baseline -0.007 -28"><span class='ocrx_word' id='word_1_318' title='bbox 342 3825 493 3915; x_wconf 84' lang='lat' dir='ltr'><strong>tuimus</strong></span> <span class='ocrx_word' id='word_1_319' title='bbox 520 3819 634 3931; x_wconf 88' lang='lat' dir='ltr'><strong>quod</strong></span> <span class='ocrx_word' id='word_1_320' title='bbox 662 3816 713 3934; x_wconf 80' lang='lat'><strong>²⁶)</strong></span> <span class='ocrx_word' id='word_1_321' title='bbox 742 3815 877 3898; x_wconf 90' lang='lat' dir='ltr'><strong>nullus</strong></span> <span class='ocrx_word' id='word_1_322' title='bbox 905 3817 1103 3922; x_wconf 73' lang='lat' dir='ltr'><strong>habeatur</strong></span> <span class='ocrx_word' id='word_1_323' title='bbox 1131 3836 1212 3928; x_wconf 57' lang='lat' dir='ltr'><strong>pro*</strong></span> <span class='ocrx_word' id='word_1_324' title='bbox 1237 3847 1335 3928; x_wconf 89' lang='lat' dir='ltr'><strong>pace</strong></span> <span class='ocrx_word' id='word_1_325' title='bbox 1363 3819 1526 3926; x_wconf 88' lang='lat' dir='ltr'><strong>priuato</strong></span> <span class='ocrx_word' id='word_1_326' title='bbox 1554 3810 1621 3910; x_wconf 83' lang='lat' dir='ltr'><strong>uel</strong></span> <span class='ocrx_word' id='word_1_327' title='bbox 1650 3822 1846 3910; x_wconf 83' lang='lat' dir='ltr'><strong>conuicto</strong></span> <span class='ocrx_word' id='word_1_328' title='bbox 1893 3823 1968 3904; x_wconf 90' lang='lat' dir='ltr'><strong>misi</strong></span> <span class='ocrx_word' id='word_1_329' title='bbox 1999 3842 2103 3899; x_wconf 86' lang='lat' dir='ltr'><strong>secuu-</strong></span> 
     </span>
    </p>

    <p class='ocr_par' dir='ltr' id='par_1_7' title="bbox 218 3925 2147 4154">
     <span class='ocr_line' id='line_1_31' title="bbox 218 3925 2106 4056; baseline -0.008 -38"><span class='ocrx_word' id='word_1_330' title='bbox 218 3953 225 3960; x_wconf 82' lang='grc'><em>“</em></span> <span class='ocrx_word' id='word_1_331' title='bbox 341 3935 440 4018; x_wconf 92' lang='lat' dir='ltr'><strong>dum</strong></span> <span class='ocrx_word' id='word_1_332' title='bbox 469 3935 575 4056; x_wconf 87' lang='lat' dir='ltr'><strong>leges</strong></span> <span class='ocrx_word' id='word_1_333' title='bbox 604 3932 735 4040; x_wconf 90' lang='lat' dir='ltr'><strong>patric</strong></span> <span class='ocrx_word' id='word_1_334' title='bbox 762 3931 975 4010; x_wconf 89' lang='lat' dir='ltr'><strong>conuictus</strong></span> <span class='ocrx_word' id='word_1_335' title='bbox 1004 3928 1197 4041; x_wconf 88' lang='lat' dir='ltr'><strong>legittime</strong></span> <span class='ocrx_word' id='word_1_336' title='bbox 1226 3929 1449 4014; x_wconf 89' lang='lat' dir='ltr'><strong>dinoscitur</strong></span> <span class='ocrx_word' id='word_1_337' title='bbox 1469 3927 1519 4039; x_wconf 71' lang='lat'><strong>⁰7)</strong></span> <span class='ocrx_word' id='word_1_338' title='bbox 1548 3931 1786 4024; x_wconf 79' lang='lat' dir='ltr'><strong>Mandemus</strong></span> <span class='ocrx_word' id='word_1_339' title='bbox 1815 3937 1983 4044; x_wconf 90' lang='lat' dir='ltr'><strong>insuper</strong></span> <span class='ocrx_word' id='word_1_340' title='bbox 2005 3925 2106 4010; x_wconf 89' lang='lat' dir='ltr'><strong>distri·</strong></span> 
     </span>
     <span class='ocr_line' id='line_1_32' title="bbox 342 4039 2147 4154; baseline -0.002 -27"><span class='ocrx_word' id='word_1_341' title='bbox 342 4064 407 4128; x_wconf 86' lang='lat' dir='ltr'><strong>etc</strong></span> <span class='ocrx_word' id='word_1_342' title='bbox 435 4043 698 4154; x_wconf 86' lang='lat' dir='ltr'><strong>precipiendo</strong></span> <span class='ocrx_word' id='word_1_343' title='bbox 726 4058 770 4120; x_wconf 91' lang='lat' dir='ltr'><strong>vt</strong></span> <span class='ocrx_word' id='word_1_344' title='bbox 799 4041 974 4151; x_wconf 85' lang='lat' dir='ltr'><strong>quilibet</strong></span> <span class='ocrx_word' id='word_1_345' title='bbox 1000 4043 1044 4122; x_wconf 92' lang='lat' dir='ltr'><strong>in</strong></span> <span class='ocrx_word' id='word_1_346' title='bbox 1073 4041 1238 4123; x_wconf 87' lang='lat' dir='ltr'><strong>ecclesia</strong></span> <span class='ocrx_word' id='word_1_347' title='bbox 1263 4049 1303 4121; x_wconf 89' lang='grc'><strong>8(</strong></span> <span class='ocrx_word' id='word_1_348' title='bbox 1331 4040 1452 4122; x_wconf 90' lang='lat' dir='ltr'><strong>domo</strong></span> <span class='ocrx_word' id='word_1_349' title='bbox 1480 4045 1647 4150; x_wconf 89' lang='lat' dir='ltr'><strong>propria</strong></span> <span class='ocrx_word' id='word_1_350' title='bbox 1677 4047 1721 4125; x_wconf 91' lang='lat' dir='ltr'><strong>in</strong></span> <span class='ocrx_word' id='word_1_351' title='bbox 1750 4045 1909 4152; x_wconf 89' lang='lat' dir='ltr'><strong>placito</strong></span> <span class='ocrx_word' id='word_1_352' title='bbox 1938 4051 1975 4124; x_wconf 90' lang='grc'><strong>8(</strong></span> <span class='ocrx_word' id='word_1_353' title='bbox 1999 4041 2040 4154; x_wconf 64' lang='grc'>’8)</span> <span class='ocrx_word' id='word_1_354' title='bbox 2062 4039 2107 4116; x_wconf 78' lang='lat' dir='ltr'><strong>vit</strong></span> <span class='ocrx_word' id='word_1_355' title='bbox 2146 4077 2147 4080; x_wconf 40' lang='lat'>¹</span> 
     </span>
    </p>

    <p class='ocr_par' dir='ltr' id='par_1_8' title="bbox 198 4147 2111 4487">
     <span class='ocr_line' id='line_1_33' title="bbox 198 4147 2110 4269; baseline -0.003 -31"><span class='ocrx_word' id='word_1_356' title='bbox 198 4235 201 4242; x_wconf 83' lang='grc'>,</span> <span class='ocrx_word' id='word_1_357' title='bbox 259 4172 262 4178; x_wconf 85' lang='grc'>’</span> <span class='ocrx_word' id='word_1_358' title='bbox 342 4156 483 4269; x_wconf 85' lang='lat' dir='ltr'><strong>placiti</strong></span> <span class='ocrx_word' id='word_1_359' title='bbox 511 4156 725 4235; x_wconf 87' lang='lat' dir='ltr'><strong>securitate</strong></span> <span class='ocrx_word' id='word_1_360' title='bbox 755 4153 864 4260; x_wconf 84' lang='lat' dir='ltr'><strong>pacis</strong></span> <span class='ocrx_word' id='word_1_361' title='bbox 893 4151 1068 4260; x_wconf 88' lang='lat' dir='ltr'><strong>gaudeat</strong></span> <span class='ocrx_word' id='word_1_362' title='bbox 1096 4157 1137 4232; x_wconf 89' lang='grc'><strong>8(</strong></span> <span class='ocrx_word' id='word_1_363' title='bbox 1164 4152 1322 4234; x_wconf 83' lang='lat' dir='ltr'><strong>fruatur</strong></span> <span class='ocrx_word' id='word_1_364' title='bbox 1349 4147 1475 4253; x_wconf 89' lang='lat' dir='ltr'><strong>Quod</strong></span> <span class='ocrx_word' id='word_1_365' title='bbox 1506 4153 1633 4263; x_wconf 90' lang='lat' dir='ltr'><strong>siquis</strong></span> <span class='ocrx_word' id='word_1_366' title='bbox 1654 4153 1879 4265; x_wconf 85' lang='lat' dir='ltr'><strong>infringere</strong></span> <span class='ocrx_word' id='word_1_367' title='bbox 1897 4155 2110 4267; x_wconf 69' lang='lat' dir='ltr'><strong>presumpsi⁴</strong></span> 
     </span>
     <span class='ocr_line' id='line_1_34' title="bbox 342 4261 2111 4395; baseline -0.002 -46"><span class='ocrx_word' id='word_1_368' title='bbox 342 4272 396 4349; x_wconf 93' lang='lat' dir='ltr'><strong>rit</strong></span> <span class='ocrx_word' id='word_1_369' title='bbox 421 4267 527 4356; x_wconf 77' lang='lat' dir='ltr'><strong>‚scire</strong></span> <span class='ocrx_word' id='word_1_370' title='bbox 556 4261 678 4344; x_wconf 87' lang='lat' dir='ltr'><strong>debet</strong></span> <span class='ocrx_word' id='word_1_371' title='bbox 706 4289 748 4342; x_wconf 87' lang='lat' dir='ltr'><strong>se</strong></span> <span class='ocrx_word' id='word_1_372' title='bbox 771 4266 1016 4356; x_wconf 85' lang='lat' dir='ltr'><strong>sentenciam</strong></span> <span class='ocrx_word' id='word_1_373' title='bbox 1044 4265 1323 4395; x_wconf 66' lang='lat' dir='ltr'><strong>capitalem&amp;</strong></span> <span class='ocrx_word' id='word_1_374' title='bbox 1352 4261 1602 4368; x_wconf 71' lang='lat' dir='ltr'><strong>amissionem</strong></span> <span class='ocrx_word' id='word_1_375' title='bbox 1613 4267 1800 4370; x_wconf 75' lang='lat' dir='ltr'><strong>omnium</strong></span> <span class='ocrx_word' id='word_1_376' title='bbox 1830 4268 2111 4360; x_wconf 71' lang='lat' dir='ltr'><strong>bonorumsuc</strong></span> 
     </span>
     <span class='ocr_line' id='line_1_35' title="bbox 341 4373 916 4487; baseline -0.012 -28"><span class='ocrx_word' id='word_1_377' title='bbox 341 4407 432 4459; x_wconf 88' lang='lat' dir='ltr'><strong>rum</strong></span> <span class='ocrx_word' id='word_1_378' title='bbox 462 4377 605 4458; x_wconf 87' lang='lat' dir='ltr'><strong>merito</strong></span> <span class='ocrx_word' id='word_1_379' title='bbox 634 4375 837 4475; x_wconf 64' lang='lat' dir='ltr'><strong>incurissg.</strong></span> <span class='ocrx_word' id='word_1_380' title='bbox 867 4373 916 4487; x_wconf 80' lang='grc'>’9)</span> 
     </span>
    </p>
   </div>
   <div class='ocr_carea' id='block_1_3' title="bbox 340 4493 2067 4622">
    <p class='ocr_par' dir='ltr' id='par_1_9' title="bbox 340 4493 2067 4622">
     <span class='ocr_line' id='line_1_36' title="bbox 340 4493 2067 4622; baseline 0.004 -55"><span class='ocrx_word' id='word_1_381' title='bbox 340 4601 613 4622; x_wconf 49' lang='grc' dir='ltr'><strong>Μ</strong></span> <span class='ocrx_word' id='word_1_382' title='bbox 1724 4527 1742 4574; x_wconf 84' lang='lat'><strong>.·</strong></span> <span class='ocrx_word' id='word_1_383' title='bbox 1850 4493 1949 4587; x_wconf 69' lang='lat'><strong>842.</strong></span> <span class='ocrx_word' id='word_1_384' title='bbox 2066 4511 2067 4514; x_wconf 67' lang='lat'>‘</span> 
     </span>
    </p>
   </div>
   <div class='ocr_carea' id='block_1_4' title="bbox 349 4659 2115 4916">
    <p class='ocr_par' dir='ltr' id='par_1_10' title="bbox 349 4659 2115 4916">
     <span class='ocr_line' id='line_1_37' title="bbox 387 4659 2112 4747; baseline 0.005 -26"><span class='ocrx_word' id='word_1_385' title='bbox 387 4665 414 4736; x_wconf 88' lang='lat'><strong>1)</strong></span> <span class='ocrx_word' id='word_1_386' title='bbox 435 4659 523 4734; x_wconf 85' lang='lat' dir='ltr'><strong>vobis</strong></span> <span class='ocrx_word' id='word_1_387' title='bbox 544 4659 631 4742; x_wconf 77' lang='lat' dir='ltr'><strong>uteri.</strong></span> <span class='ocrx_word' id='word_1_388' title='bbox 653 4660 701 4740; x_wconf 87' lang='lat'><strong>73.</strong></span> <span class='ocrx_word' id='word_1_389' title='bbox 724 4665 753 4738; x_wconf 86' lang='lat'><strong>2)</strong></span> <span class='ocrx_word' id='word_1_390' title='bbox 776 4661 834 4724; x_wconf 90' lang='lat' dir='ltr'><strong>hiis</strong></span> <span class='ocrx_word' id='word_1_391' title='bbox 849 4663 929 4746; x_wconf 68' lang='lat' dir='ltr'><strong>tilla.</strong></span> <span class='ocrx_word' id='word_1_392' title='bbox 950 4662 998 4744; x_wconf 84' lang='grc'><strong>73.</strong></span> <span class='ocrx_word' id='word_1_393' title='bbox 1020 4662 1050 4742; x_wconf 87' lang='grc'><strong>3)</strong></span> <span class='ocrx_word' id='word_1_394' title='bbox 1070 4661 1167 4736; x_wconf 82' lang='lat' dir='ltr'><strong>haeret</strong></span> <span class='ocrx_word' id='word_1_395' title='bbox 1186 4663 1236 4740; x_wconf 87' lang='grc'><strong>44.</strong></span> <span class='ocrx_word' id='word_1_396' title='bbox 1256 4663 1288 4740; x_wconf 92' lang='grc'><strong>4)</strong></span> <span class='ocrx_word' id='word_1_397' title='bbox 1308 4662 1450 4728; x_wconf 79' lang='lat' dir='ltr'><strong>dominos</strong></span> <span class='ocrx_word' id='word_1_398' title='bbox 1466 4663 1559 4740; x_wconf 63' lang='lat' dir='ltr'><strong>creet</strong></span> <span class='ocrx_word' id='word_1_399' title='bbox 1580 4662 1630 4745; x_wconf 74' lang='lat'><strong>73,</strong></span> <span class='ocrx_word' id='word_1_400' title='bbox 1651 4661 1703 4740; x_wconf 90' lang='grc'><strong>44.</strong></span> <span class='ocrx_word' id='word_1_401' title='bbox 1723 4661 1755 4741; x_wconf 83' lang='grc'>5)</span> <span class='ocrx_word' id='word_1_402' title='bbox 1776 4665 1963 4747; x_wconf 83' lang='lat' dir='ltr'><strong>prel&#39;ectum</strong></span> <span class='ocrx_word' id='word_1_403' title='bbox 1982 4664 2061 4728; x_wconf 76' lang='lat' dir='ltr'><strong>mest</strong></span> <span class='ocrx_word' id='word_1_404' title='bbox 2078 4659 2112 4741; x_wconf 69' lang='lat'><strong>731</strong></span> 
     </span>
     <span class='ocr_line' id='line_1_38' title="bbox 349 4737 2115 4838; baseline 0.005 -39"><span class='ocrx_word' id='word_1_405' title='bbox 349 4811 351 4816; x_wconf 18' lang='grc' dir='ltr'><strong><em>ι</em></strong></span> <span class='ocrx_word' id='word_1_406' title='bbox 423 4741 472 4820; x_wconf 86' lang='grc'><strong>44</strong></span> <span class='ocrx_word' id='word_1_407' title='bbox 492 4737 523 4816; x_wconf 91' lang='grc'>6)</span> <span class='ocrx_word' id='word_1_408' title='bbox 533 4741 666 4838; x_wconf 65' lang='lat' dir='ltr'><strong>mulctris,</strong></span> <span class='ocrx_word' id='word_1_409' title='bbox 688 4741 737 4818; x_wconf 84' lang='grc'><strong>44.</strong></span> <span class='ocrx_word' id='word_1_410' title='bbox 765 4749 794 4826; x_wconf 93' lang='grc'><strong>7)</strong></span> <span class='ocrx_word' id='word_1_411' title='bbox 817 4743 889 4803; x_wconf 83' lang='lat' dir='ltr'><strong>litlae</strong></span> <span class='ocrx_word' id='word_1_412' title='bbox 911 4743 960 4828; x_wconf 87' lang='grc'><strong>73.</strong></span> <span class='ocrx_word' id='word_1_413' title='bbox 980 4743 1039 4804; x_wconf 90' lang='lat' dir='ltr'><strong>litll</strong></span> <span class='ocrx_word' id='word_1_414' title='bbox 1059 4745 1109 4820; x_wconf 88' lang='grc'><strong>44</strong></span> <span class='ocrx_word' id='word_1_415' title='bbox 1138 4744 1170 4824; x_wconf 84' lang='grc'><strong>8)</strong></span> <span class='ocrx_word' id='word_1_416' title='bbox 1191 4747 1317 4829; x_wconf 75' lang='lat' dir='ltr'><strong>plen&#39;am</strong></span> <span class='ocrx_word' id='word_1_417' title='bbox 1337 4751 1413 4811; x_wconf 77' lang='lat' dir='ltr'><strong>tilis.</strong></span> <span class='ocrx_word' id='word_1_418' title='bbox 1435 4747 1486 4828; x_wconf 84' lang='grc'><strong>73,</strong></span> <span class='ocrx_word' id='word_1_419' title='bbox 1505 4745 1556 4823; x_wconf 87' lang='grc'><strong>44</strong></span> <span class='ocrx_word' id='word_1_420' title='bbox 1597 4745 1768 4825; x_wconf 76' lang='grc' dir='ltr'><strong>)ἰιι(1ἰοίιι(((</strong></span> <span class='ocrx_word' id='word_1_421' title='bbox 1791 4749 1841 4828; x_wconf 90' lang='grc'><strong>73.</strong></span> <span class='ocrx_word' id='word_1_422' title='bbox 1871 4741 2115 4832; x_wconf 69' lang='lat' dir='ltr'><strong>to)insctiptt5l</strong></span> 
     </span>
     <span class='ocr_line' id='line_1_39' title="bbox 431 4765 2114 4916; baseline 0.003 -32"><span class='ocrx_word' id='word_1_423' title='bbox 431 4827 698 4900; x_wconf 80' lang='lat' dir='ltr'><strong>11)transnnttunt</strong></span> <span class='ocrx_word' id='word_1_424' title='bbox 718 4823 767 4905; x_wconf 86' lang='lat'><strong>73.</strong></span> <span class='ocrx_word' id='word_1_425' title='bbox 793 4830 839 4902; x_wconf 86' lang='lat'><strong>12)</strong></span> <span class='ocrx_word' id='word_1_426' title='bbox 851 4845 905 4884; x_wconf 84' lang='lat' dir='ltr'><strong>nos</strong></span> <span class='ocrx_word' id='word_1_427' title='bbox 948 4825 975 4886; x_wconf 91' lang='grc'><strong>3.</strong></span> <span class='ocrx_word' id='word_1_428' title='bbox 1000 4825 1049 4908; x_wconf 87' lang='grc'><strong>(3)</strong></span> <span class='ocrx_word' id='word_1_429' title='bbox 1058 4845 1113 4896; x_wconf 80' lang='lat' dir='ltr'><strong>nos</strong></span> <span class='ocrx_word' id='word_1_430' title='bbox 1133 4831 1222 4890; x_wconf 84' lang='lat' dir='ltr'><strong>utesl.</strong></span> <span class='ocrx_word' id='word_1_431' title='bbox 1243 4829 1292 4910; x_wconf 69' lang='grc'><strong>78.</strong></span> <span class='ocrx_word' id='word_1_432' title='bbox 1314 4829 1364 4910; x_wconf 85' lang='grc'><strong>(4)</strong></span> <span class='ocrx_word' id='word_1_433' title='bbox 1373 4827 1552 4900; x_wconf 77' lang='lat' dir='ltr'><strong>tolerabiles</strong></span> <span class='ocrx_word' id='word_1_434' title='bbox 1571 4765 1622 4906; x_wconf 73' lang='grc'><strong>44</strong></span> <span class='ocrx_word' id='word_1_435' title='bbox 1647 4827 1694 4908; x_wconf 83' lang='grc'><strong>(5)</strong></span> <span class='ocrx_word' id='word_1_436' title='bbox 1705 4825 1793 4912; x_wconf 90' lang='lat' dir='ltr'><strong>quod</strong></span> <span class='ocrx_word' id='word_1_437' title='bbox 1813 4836 1911 4896; x_wconf 81' lang='lat' dir='ltr'><strong>utesl.</strong></span> <span class='ocrx_word' id='word_1_438' title='bbox 1935 4834 1985 4916; x_wconf 95' lang='grc'><strong>73.</strong></span> <span class='ocrx_word' id='word_1_439' title='bbox 2009 4828 2114 4908; x_wconf 65' lang='lat' dir='ltr'><strong>rffllttu</strong></span> 
     </span>
    </p>
   </div>
   <div class='ocr_carea' id='block_1_5' title="bbox 335 4845 2116 5176">
    <p class='ocr_par' dir='ltr' id='par_1_11' title="bbox 335 4845 2116 5176">
     <span class='ocr_line' id='line_1_40' title="bbox 393 4845 2114 5004; baseline 0.005 -38"><span class='ocrx_word' id='word_1_440' title='bbox 393 4896 398 4903; x_wconf 74' lang='grc'><strong>’</strong></span> <span class='ocrx_word' id='word_1_441' title='bbox 424 4907 502 4966; x_wconf 75' lang='lat' dir='ltr'><strong>tilla.</strong></span> <span class='ocrx_word' id='word_1_442' title='bbox 521 4901 571 4980; x_wconf 88' lang='grc'><strong>44</strong></span> <span class='ocrx_word' id='word_1_443' title='bbox 596 4907 644 4984; x_wconf 85' lang='grc'><strong>(7)</strong></span> <span class='ocrx_word' id='word_1_444' title='bbox 666 4904 754 4984; x_wconf 74' lang='lat' dir='ltr'><strong>scuth</strong></span> <span class='ocrx_word' id='word_1_445' title='bbox 774 4905 823 4982; x_wconf 90' lang='grc'><strong>44</strong></span> <span class='ocrx_word' id='word_1_446' title='bbox 849 4903 895 4984; x_wconf 83' lang='grc'><strong>(8)</strong></span> <span class='ocrx_word' id='word_1_447' title='bbox 915 4845 1025 5004; x_wconf 54' lang='lat' dir='ltr'><strong>dulice</strong></span> <span class='ocrx_word' id='word_1_448' title='bbox 1045 4908 1095 4990; x_wconf 61' lang='lat'><strong>73„</strong></span> <span class='ocrx_word' id='word_1_449' title='bbox 1119 4914 1166 4992; x_wconf 83' lang='lat'><strong>¹9)</strong></span> <span class='ocrx_word' id='word_1_450' title='bbox 1185 4903 1377 5000; x_wconf 71' lang='lat' dir='ltr'><strong>bestele&#39;gg&#39;ea</strong></span> <span class='ocrx_word' id='word_1_451' title='bbox 1395 4906 1431 4982; x_wconf 68' lang='grc' dir='ltr'><strong>,ἃ</strong></span> <span class='ocrx_word' id='word_1_452' title='bbox 1452 4909 1654 4994; x_wconf 77' lang='lat' dir='ltr'><strong>bryuielcgye</strong></span> <span class='ocrx_word' id='word_1_453' title='bbox 1673 4911 1728 4994; x_wconf 87' lang='grc'><strong>73,</strong></span> <span class='ocrx_word' id='word_1_454' title='bbox 1748 4907 1940 4995; x_wconf 80' lang='lat' dir='ltr'><strong>laestalegba</strong></span> <span class='ocrx_word' id='word_1_455' title='bbox 1960 4911 1995 4980; x_wconf 75' lang='lat' dir='ltr'><strong>Gt</strong></span> <span class='ocrx_word' id='word_1_456' title='bbox 2015 4914 2045 4977; x_wconf 89' lang='lat' dir='ltr'><strong>br</strong></span> <span class='ocrx_word' id='word_1_457' title='bbox 2085 4911 2114 4968; x_wconf 81' lang='lat' dir='ltr'><strong>&#39;t-</strong></span> 
     </span>
     <span class='ocr_line' id='line_1_41' title="bbox 335 4930 2116 5084; baseline 0.006 -41"><span class='ocrx_word' id='word_1_458' title='bbox 335 5029 338 5043; x_wconf 77' lang='grc'><strong>,</strong></span> <span class='ocrx_word' id='word_1_459' title='bbox 425 4985 518 5066; x_wconf 85' lang='lat' dir='ltr'><strong>legba</strong></span> <span class='ocrx_word' id='word_1_460' title='bbox 538 4980 588 5061; x_wconf 88' lang='grc'><strong>44.</strong></span> <span class='ocrx_word' id='word_1_461' title='bbox 609 4989 659 5062; x_wconf 88' lang='lat'><strong>20)</strong></span> <span class='ocrx_word' id='word_1_462' title='bbox 681 4985 759 5046; x_wconf 86' lang='lat' dir='ltr'><strong>bora</strong></span> <span class='ocrx_word' id='word_1_463' title='bbox 779 4987 829 5063; x_wconf 85' lang='grc'><strong>44</strong></span> <span class='ocrx_word' id='word_1_464' title='bbox 850 4989 1025 5080; x_wconf 52' lang='lat' dir='ltr'><strong>aymardus</strong></span> <span class='ocrx_word' id='word_1_465' title='bbox 1047 4989 1096 5072; x_wconf 88' lang='grc'><strong>73.</strong></span> <span class='ocrx_word' id='word_1_466' title='bbox 1118 4991 1386 5067; x_wconf 66' lang='lat' dir='ltr'><strong>eudaemonem</strong></span> <span class='ocrx_word' id='word_1_467' title='bbox 1405 4996 1467 5058; x_wconf 76' lang='lat' dir='ltr'><strong>har</strong></span> <span class='ocrx_word' id='word_1_468' title='bbox 1487 4990 1536 5076; x_wconf 85' lang='grc'><strong>78.</strong></span> <span class='ocrx_word' id='word_1_469' title='bbox 1557 4993 1681 5073; x_wconf 70' lang='grc' dir='ltr'>23)οη</span> <span class='ocrx_word' id='word_1_470' title='bbox 1701 4993 1754 5070; x_wconf 87' lang='grc'><strong>44.</strong></span> <span class='ocrx_word' id='word_1_471' title='bbox 1774 4993 1827 5078; x_wconf 70' lang='grc'><strong>(4)</strong></span> <span class='ocrx_word' id='word_1_472' title='bbox 1850 5007 1889 5062; x_wconf 84' lang='lat' dir='ltr'><strong>vt</strong></span> <span class='ocrx_word' id='word_1_473' title='bbox 1911 5003 1928 5062; x_wconf 77' lang='lat' dir='ltr'><strong>a·</strong></span> <span class='ocrx_word' id='word_1_474' title='bbox 1948 4998 1999 5084; x_wconf 86' lang='grc'><strong>78.</strong></span> <span class='ocrx_word' id='word_1_475' title='bbox 2036 4930 2116 5079; x_wconf 57' lang='lat' dir='ltr'><strong>ilbi·</strong></span> 
     </span>
     <span class='ocr_line' id='line_1_42' title="bbox 425 5065 1754 5176; baseline 0.011 -48"><span class='ocrx_word' id='word_1_476' title='bbox 425 5087 493 5132; x_wconf 86' lang='lat' dir='ltr'><strong>cum</strong></span> <span class='ocrx_word' id='word_1_477' title='bbox 515 5066 563 5142; x_wconf 88' lang='grc'><strong>44.</strong></span> <span class='ocrx_word' id='word_1_478' title='bbox 585 5065 635 5147; x_wconf 61' lang='lat' dir='ltr'><strong>affl</strong></span> <span class='ocrx_word' id='word_1_479' title='bbox 657 5077 691 5128; x_wconf 83' lang='lat' dir='ltr'><strong>vt</strong></span> <span class='ocrx_word' id='word_1_480' title='bbox 710 5068 760 5158; x_wconf 88' lang='grc'><strong>44</strong></span> <span class='ocrx_word' id='word_1_481' title='bbox 782 5073 833 5156; x_wconf 84' lang='lat'><strong>27)</strong></span> <span class='ocrx_word' id='word_1_482' title='bbox 849 5065 1026 5158; x_wconf 74' lang='lat' dir='ltr'><strong>dinoscatur</strong></span> <span class='ocrx_word' id='word_1_483' title='bbox 1045 5069 1096 5162; x_wconf 89' lang='grc'><strong>44</strong></span> <span class='ocrx_word' id='word_1_484' title='bbox 1117 5070 1167 5151; x_wconf 76' lang='grc'><strong>(8)</strong></span> <span class='ocrx_word' id='word_1_485' title='bbox 1189 5073 1221 5134; x_wconf 86' lang='lat' dir='ltr'><strong>in</strong></span> <span class='ocrx_word' id='word_1_486' title='bbox 1240 5077 1319 5142; x_wconf 69' lang='lat' dir='ltr'><strong>title.</strong></span> <span class='ocrx_word' id='word_1_487' title='bbox 1340 5079 1389 5160; x_wconf 91' lang='grc'><strong>73.</strong></span> <span class='ocrx_word' id='word_1_488' title='bbox 1411 5080 1462 5162; x_wconf 72' lang='grc'><strong>(9)</strong></span> <span class='ocrx_word' id='word_1_489' title='bbox 1483 5077 1584 5176; x_wconf 80' lang='lat' dir='ltr'><strong>Amcu</strong></span> <span class='ocrx_word' id='word_1_490' title='bbox 1600 5079 1681 5162; x_wconf 72' lang='lat' dir='ltr'><strong>tilla.</strong></span> <span class='ocrx_word' id='word_1_491' title='bbox 1703 5076 1754 5164; x_wconf 73' lang='grc'><strong>73.</strong></span> 
     </span>
    </p>
   </div>
   <div class='ocr_carea' id='block_1_6' title="bbox 0 0 2208 5956">
    <p class='ocr_par' dir='ltr' id='par_1_12' title="bbox 0 0 2208 5956">
     <span class='ocr_line' id='line_1_43' title="bbox 0 0 2208 5956; baseline 0 0"><span class='ocrx_word' id='word_1_492' title='bbox 0 0 2208 5956; x_wconf 95' lang='lat' dir='ltr'><strong> </strong></span> 
     </span>
    </p>
   </div>
  </div>
 </body>
</html>
