4384 5946
896 389 1194 511 -'-xas
1305 437 1363 476 -ι-

276 635 436 718 soribus
464 633 505 713 in
534 649 782 741 perpetuum.
841 629 1041 714 Convenit
1071 634 1291 746 apostolico
1321 633 1580 716 moderamini
1610 633 1676 742 pia
1690 631 1882 740 religione
1896 635 2055 741 petenti·
2144 711 2148 720 ,

274 750 352 829 bus
382 743 578 825 benevola
616 744 890 851 compassione
926 772 1159 828 succurrere
1194 765 1235 828 et
1262 747 1512 856 poscentium
1539 747 1679 825 animis
1707 744 1826 825 alacri
1855 743 2057 830 devotione

275 857 470 965 impertiri
499 881 708 935 assensum.
767 856 828 933 Ex
854 853 933 934 hoc
960 861 1067 937 enim
1097 859 1198 938 lucri
1227 859 1476 965 potissimum
1504 859 1711 964 praemium
1738 852 1848 962 apud
1861 855 2058 939 dominum

274 967 416 1076 procul
446 966 571 1047 dubio
602 993 879 1073 promeremur
907 966 1003 1047 dum
1033 968 1274 1049 venerabilia
1303 969 1390 1048 loca
1419 985 1649 1076 opportune
1677 966 1861 1049 ordinata
1897 964 1947 1046 ad
1981 995 2056 1048 me·

273 1079 412 1158 liorem
442 1077 591 1156 fuerint
619 1104 692 1184 per
721 1105 794 1155 nos
824 1095 968 1158 statum
997 1081 1202 1188 perducta.
1228 1181 1230 1186 ι
1259 1080 1388 1185 Igitur
1416 1082 1511 1188 quia
1539 1075 1750 1186 postulasti
1779 1075 1951 1172 alnobis,
1967 1105 2060 1186 qua·

273 1208 389 1270 tenus
418 1187 818 1296 Archiepisoopatum
848 1189 1191 1298 Hamburgensem
1220 1208 1350 1271 totum
1380 1191 1422 1269 in
1451 1192 1650 1296 integrum
1679 1191 1754 1270 tibi
1781 1190 1941 1298 tuisque
1975 1215 2059 1268 sue·

272 1299 497 1380 sessoribus
537 1300 880 1396 confirmaremus,
910 1303 1013 1381 sicut
1042 1331 1065 1380 a
1094 1300 1454 1409 praedecessoribus
1483 1302 1630 1382 nostris
1657 1298 1842 1395 Nicolao,
1872 1299 2060 1406 Agapito'‚

102 1464 140 1506 -,
272 1410 507 1506 BenedietO,
545 1409 682 1490 Leone
718 1408 839 1515 hujus
882 1411 994 1490 almae
1022 1414 1275 1520 Apostolicae'
1295 1411 1398 1492 sedis
1427 1412 1631 1492 decretum
1659 1430 1738 1508 est,
1768 1410 1946 1490 inclinati
1975 1436 2061 1517 pre·

271 1522 386 1602 cibus
414 1520 493 1599 tuis
523 1525 561 1598 &
591 1549 665 1601 nos
695 1522 929 1601 auctoritate
958 1524 1213 1604 concedimus
1242 1523 1462 1631 apostolica
1491 1528 1529 1602 δι
1558 1521 1847 1617 confirmamus,
1877 1547 1969 1600 cum
1983 1543 2062 1599 om·

129 1705 133 1712 .
271 1633 390 1712 nibus
427 1631 665 1738 generaliter
702 1660 747 1710 ac
777 1632 1000 1739 specialiter
1029 1634 1080 1714 ad
1110 1634 1278 1714 eundem
1309 1633 1518 1740 praefatum
1533 1633 1807 1741 ·Arohiepisco
1839 1649 1948 1711 atum
1975 1657 2067 1739 per·-

172 1743 181 1768 '
270 1742 508 1839 fluentibus,
551 1744 701 1824 seilicet
737 1744 889 1839 omnia,
919 1773 1010 1852 quae
1040 1747 1099 1824 tui
1129 1763 1396 1825 antecessores
1426 1745 1507 1823 suis
1535 1745 1742 1826 laboribus
1772 1661 2063 1852 adquisierunt,
2088 1815 2091 1826 .

271 1854 335 1932 vel
362 1856 479 1932 etiam
509 1882 600 1962 quae
630 1855 684 1933 ob
712 1881 888 1934 amorem
917 1874 1073 1934 aeternae
1103 1856 1242 1963 patriae
1272 1855 1328 1935 ibi
1357 1883 1380 1932 a
1410 1855 1558 1935 Christi
1587 1855 1777 1936 fidelibus*
1801 1853 2064 1960 largitasunt,

209 1962 222 1986 “
270 1964 334 2043 vel
363 1965 493 2044 adhuc
523 1965 767 2072 largiuntur,
797 1994 887 2044 cum
915 1964 1159 2060 illisetiam,
1191 1966 1262 2074 qui
1291 1964 1368 2044 hoc
1397 1984 1578 2072 tempore
1607 1965 1658 2046 ad
1672 1965 1821 2044 Christi
1837 1963 1957 2044 fidem
1972 1983 2063 2044 con·

270 2077 376 2154 versi
405 2092 499 2154 sunt
528 2092 774 2183 provocante
804 2077 1106 2183 &protegente
1135 2078 1262 2183 gratia
1292 2077 1385 2173 Dei,
1415 2075 1599 2156 videlicet
1627 2077 1838 2184 episcopos
1865 2077 1910 2155 in
1938 2074 2062 2155 omni-

269 2187 345 2266 bus
374 2187 560 2292 gentibus
596 2186 799 2266 Sueonum
837 2213 907 2266 seu
950 2187 1175 2282 Danorum‚
1218 2187 1530 2293 Norwegorum‚
1558 2186 1723 2284 island,
1768 2186 2064 2282 Scrideuinum‚

271 2296 556 2394 Gronlandon,
582 2303 622 2376 8<
650 2297 925 2376 universarum
954 2297 1335 2407 septentrionalium
1363 2299 1590 2393 nationum,
1628 2323 1703 2378 nec
1736 2325 1821 2378 non
1863 2298 1985 2379 etiam
2027 2298 2066 2376 in

271 2407 347 2488 illis
377 2410 569 2516 partibus¹
588 2403 801 2488 Slauorum
830 2437 920 2519 quae
948 2427 1042 2490 suut
1071 2438 1093 2487 a
1122 2407 1285 2488 flumine
1315 2411 1421 2488 Pene
1450 2436 1579 2518 usque
1608 2409 1659 2489 ad
1687 2405 1856 2489 fluvium
1881 2407 2065 2514 Egidors.

270 2520 346 2614 lta,
377 2536 422 2598 ut
450 2521 526 2600 sub
555 2538 625 2599 tua
652 2538 896 2628 tuorumque
925 2547 1199 2620 successorum
1237 2519 1616 2626 Hammaburgensis
1637 2519 1824 2604 Ecclesiae
1851 2519 2066 2627 arehiepis-

270 2658 466 2737 soporum
510 2649 695 2710 maneant
736 2646 953 2737 potestate,
991 2631 1055 2711 vel
1085 2630 1281 2742 quicquid
1310 2659 1333 2708 a
1361 2631 1476 2712 vobis
1505 2629 1644 2711 diuina
1671 2629 1829 2710 fauente
1859 2632 1990 2737 gratia
2012 2629 2060 2724 ab

269 2767 407 2820 errore
441 2740 618 2848 perfidiae
647 2744 730 2821 sive
759 2741 967 2822 hominum
996 2745 1078 2822 sive
1109 2743 1291 2822 locorum
1312 2741 1362 2822 ad
1378 2743 1611 2850 religionem
1627 2741 1892 2821 Christianam
1907 2741 2065 2850 adquiri

268 2869 403 2959 potest
429 2853 505 2933 tibi
532 2853 692 2962 tuisque
722 2854 1019 2934 suecessoribus
1043 2853 1332 2961 perpetualiter
1359 2851 1596 2948 tenendum,
1620 2847 2067 2961 inviolabiliterque're·

268 2961 480 3044 tinendum
519 2990 734 3074 censemus.
806 2964 857 3043 Et
891 2965 1058 3073 insuper
1092 2964 1345 3057 decernimus
1373 2965 1528 3044 nullum
1557 2963 1978 3071 archiepiscoporum,
2006 2961 2067 3042 vel

269 3073 551 3154 Coloniensem
587 3073 651 3153 vel
680 3074 800 3154 alium
817 3075 1052 3183 ¹quemlibet
1080 3075 1121 3153 in
1149 3095 1219 3156 tua
1246 3074 1397 3156 diocesi
1425 3076 1548 3156 ullam
1575 3074 1788 3156 vendicare
1817 3092 2069 3181 potestatem.

207 3239 210 3258 1
269 3184 402 3292 Caput
430 3210 594 3294 quoque
623 3200 738 3264 tuum
767 3186 903 3282 mitra,
933 3185 1046 3294 quod
1075 3203 1135 3274 est
1163 3185 1318 3291 insigne
1348 3187 1619 3267 Romanorum
1648 3187 1917 3292 permittimus
1947 3186 2070 3291 insig-

180 3313 187 3344 “
252 3295 358 3375 miri.
425 3295 548 3396 Quod
584 3299 618 3377 si
653 3297 745 3406 quis
771 3297 866 3375 huic
890 3316 1037 3377 nostrae
1064 3297 1312 3378 auctoritatis
1340 3297 1553 3403 privilegio
1567 3299 1797 3392 «contraire,
1826 3295 1891 3376 vel
1922 3297 1967 3378 in
2001 3296 2069 3374 ali·

269 3433 355 3514 quo
388 3404 488 3486 illud
516 3407 774 3515 temptauerit
802 3424 1017 3503 temerare,
1047 3408 1254 3488 anathema
1284 3407 1344 3487 sit.
1413 3409 1497 3510 Qui
1526 3435 1627 3492 vero
1653 3407 1950 3504 observaverit,
1981 3433 2070 3515 gra·

269 3517 364 3595 tiam
396 3521 445 3613 g&
488 3517 809 3599 benedictionem
851 3535 1121 3628 consequatur
1150 3547 1172 3597 a
1201 3519 1375 3597 Domino
1403 3519 1499 3599 Jesu
1526 3517 1697 3599 Christo.
1756 3520 1860 3597 Data
1889 3517 2068 3598 llllKl.

270 3625 511 3727 nouembris
536 3655 610 3736 per
644 3656 785 3710 manus
821 3629 1016 3710 Friderici
1055 3647 1200 3710 sanctae
1238 3629 1425 3710 Romanae
1456 3629 1643 3712 Ecclesiae
1671 3627 1931 3726 Cancellarii,
1962 3654 2070 3708 anno

271 3736 423 3822 domini
449 3737 625 3821 Victoris
653 3739 703 3820 ΙΙ.
733 3767 846 3849 papae
875 3743 1031 3854 primo,
1060 3739 1283 3825 Indictione
1313 3758 1465 3826 octava,
1965 3745 1968 3750 '

276 4170 363 4236 22.
1095 4101 1246 4241 Odas

353 4349 741 4517 irie-Bisbsdgpmmrs
773 4353 851 4418 Bref
871 4355 922 4418 till
948 4356 1020 4420 stu
1046 4355 1201 4422 Wnrsuu
1227 4360 1239 4420 i
1261 4354 1389 4421 Roslild
1409 4376 1461 4420 om
1481 4357 1579 4418 mitet
1599 4353 1825 4438 iSleswigoch
1836 4351 1953 4438 Bislop
1965 4355 2084 4452 Antip.

404 4457 516 4500 vsaor
562 4459 572 4496 l
629 4457 677 4497 naa
1216 4480 1219 4485 -
1327 4487 1329 4496 .

1693 4587 1696 4595 -
1814 4550 1932 4626 sm-

437 4688 699 4797 Ausussn'rus
741 4706 885 4768 sanctae
921 4688 1110 4769 Romanae
1147 4694 1187 4770 8<
1222 4692 1464 4799 Apostolicae
1504 4689 1618 4771 Sedis
1645 4691 1839 4796 Legatus,
1869 4719 1946 4772 nee
1989 4722 2074 4775 non

270 4792 545 4876 universarum
566 4798 953 4906 septentrionalium
967 4802 1179 4883 nationum
1193 4802 1551 4911 Archiepiscopus‚
1566 4798 1952 4911 llammaburgensis
1970 4833 2077 4915 quo-

272 4935 351 5016 que
380 4905 566 4985 Ecclesiae
594 4911 781 5015 provisor
809 4908 1013 5018 indignus.
1057 4913 1125 4990 W.
1156 4911 1418 4992 Rochildensi
1446 4915 1649 5022 Episcopo
1670 4910 1852 4993 salutem.
1891 4914 1982 4997 ,Ad
1999 4917 2077 5022 Sy·

273 5017 444 5116 nodum,
478 5045 602 5128 quam
637 5016 748 5128 apud
782 5021 953 5131 Sleswig
980 5020 1265 5104 celebrandam
1293 5025 1487 5105 constitui
1513 5051 1586 5105 vos
1614 5024 1788 5120 venisse,
1816 5040 1888 5105 aut
1918 5028 2077 5108 wnunci-
