4382 5964
1027 459 1275 542 -·6ec
1385 503 1509 545 -,.
1834 473 1837 480 ’
2138 449 2140 602 i

334 682 600 871 infrascrigtae
629 673 681 756 ad
711 693 925 786 argentum
951 693 993 758 et
1020 650 1227 788 Turenen.
1255 707 1330 788 per
1364 669 1530 762 medum
1574 675 1892 789 infrascriptum,
1920 684 2068 792 ,inprimis

181 891 187 898 ι
331 794 520 875 demere
552 789 585 870 is
614 785 874 870 denariorum
902 815 1146 900 cupreorum
1175 791 1361 872 cambitae
1387 807 1485 872 sunt
1513 788 1568 891 ad
1595 807 1808 903 argentum
1834 791 1993 881 XXJVII.
2014 800 2070 880 CC.

327 904 523 985 LXXXV
551 901 724 982 marehae
752 897 1016 984 denariorum
1042 927 1306 1010 capreorum,
1336 929 1414 1010 pro
1441 903 1592 1014 quihus
1620 901 1771 985 habitae
1786 921 1878 990 sunt
1902 906 1942 986 in
1964 921 2071 1013 argen-¹

312 1031 375 1095 ‘to
404 1013 456 1095 ad
486 1009 648 1123 pondus
676 1014 716 1092 T
711 1042 835 1094 recen.
864 1009 968 1092 [VM.
997 1013 1238 1094 CCLXXIII
1281 1015 1452 1094 marchae
1481 1016 1640 1123 argenti
1668 1016 1722 1094 in
1740 1012 1914 1124 pondere
1951 1017 2070 1100 Treccn

329 1143 370 1208 et
399 1127 443 1206 C.
474 1126 553 1205 XX
580 1121 752 1206 marchae
781 1125 941 1232 argenti
968 1125 1012 1203 in
1040 1125 1222 1232 pondere
1258 1127 1420 1221 Daciae,
1464 1120 1517 1207 de
1558 1124 1710 1236 quibus
1750 1125 1895 1206 habitae
1931 1142 2011 1206 srmt
2036 1125 2072 1210 ad

324 1233 499 1346 ‚pondua
521 1238 684 1316 Trecen.
714 1236 759 1315 G.
787 1235 846 1314 VI
875 1232 1045 1315 marchae
1074 1235 1113 1312 V
1140 1235 1270 1316 unciae
1298 1251 1339 1315 et
1367 1237 1387 1314 I
1414 1252 1549 1345 quart.
1566 1237 1724 1346 argenti
1752 1235 1928 1345 pondere
1952 1239 2072 1318 Trecen.

495 1348 594 1427 Item
623 1343 674 1427 de
703 1344 907 1453 praedietis
934 1344 1107 1428 marchis
1151 1347 1309 1455 argenti
1351 1349 1486 1428 Dacia
1528 1347 1572 1426 in
1614 1345 1796 1456 pondere
1832 1349 1974 1428 Danico
1996 1375 2074 1430 con·

283 1481 287 1490 ’
328 1466 491 1540 mutatae
521 1471 616 1536 sunt
644 1454 698 1538 ad
726 1473 940 1565 argentum
956 1453 1089 1538 .VIIC.
1119 1455 1252 1538 XCIV
1281 1457 1452 1538 marchae
1478 1473 1521 1538 et
1554 1458 1592 1537 V
1627 1457 1757 1540 unciae
1783 1459 1935 1566 argenti
1959 1457 2075 1542 deDa·

327 1578 392 1652 cia
420 1573 464 1650 in
492 1564 673 1676 pondere
703 1571 867 1666 Dacica,
906 1595 983 1676 pro
1011 1566 1162 1678 quibus
1190 1568 1339 1648 habitae
1380 1584 1476 1649 sunt
1518 1570 1562 1650 in
1590 1568 1774 1680 pondere
1817 1572 1857 1652 T
1851 1599 1966 1651 recen
2002 1565 2075 1651 vlt

306 1681 422 1767 ¹LXI
451 1678 622 1762 marchae
652 1693 693 1758 et
722 1677 801 1759 VII
829 1679 957 1758 unciae
985 1678 1037 1760 ad
1067 1677 1229 1787 pondus
1258 1682 1298 1760 T
1293 1709 1459 1760 recen..

491 1794 591 1871 Item
619 1788 670 1870 de
699 1790 744 1869 C.
773 1791 819 1868 L.
863 1789 1034 1870 marchis
1065 1791 1236 1897 'argenti
1281 1793 1438 1887 Παρία,
1468 1789 1582 1900 quod
1623 1789 1774 1873 dieitur
1801 1789 1854 1874 de
1881 1789 2075 1872 enatat

327 1901 510 2014 pondere
540 1900 689 1992 Suetiae
717 1897 868 1991 habitae
896 1916 992 1984 sunt
1020 1900 1232 1981 CXXVIII
1262 1900 1434 1984 marehae
1463 1920 1504 1982 et
1529 1901 1570 1982 X
1599 1902 1715 1983 Sterl.
1752 1903 1910 2011 argenti
1934 1899 1980 1983 ad
2003 1927 2076 2008 pan·
2139 1957 2140 1962 Ν

324 2017 403 2097 dus
432 2019 593 2098 trecen.

492 2127 593 2214 Item
622 2120 673 2202 de
702 2122 874 2210 marchis
901 2120 1163 2211 denariorum
1204 2118 1255 2206 de
1295 2122 1435 2206 Stratie
1477 2122 1660 2205 cambitae
1694 2139 1791 2205 sunt
1829 2120 1882 2203 ad
1907 2137 2077 2230 argentm

327 2234 430 2340 VIM.
460 2230 541 2316 VC.
572 2235 751 2314 XXVIII
800 2233 972 2313 marchae
1015 2249 1056 2313 et
1084 2231 1216 2314 media
1257 2233 1520 2316 denariorum
1549 2225 1717 2334 Snettae,
1763 2260 1844 2344 pro
1871 2233 2006 2343 quibus
2026 2231 2077 2310 ha·

126 2431 133 2441 ,
220 2391 225 2396 ·
325 2351 420 2434 bitae
449 2361 545 2430 sunt
573 2345 629 2426 Μ.
656 2345 736 2432 CC.
761 2345 844 2428 XX
873 2341 1064 2441 marchae,
1092 2343 1131 2422 V
1159 2347 1289 2454 unciar
1317 2361 1359 2428 et
1385 2346 1425 2434 X
1458 2345 1637 2456 Sterling
1678 2346 1839 2457 argenti
1866 2341 2074 2453 inpendere

325 2466 592 2656 Trecenstffl
620 2570 665 2650 C.
693 2568 848 2658 LXVII
875 2567 1047 2648 marchae
1075 2568 1234 2676 argenti
1261 2569 1304 2648 in
1332 2555 1523 2676 pondere
1557 2568 1704 2652 Sacrae
1744 2580 1989 2648 commutata
2010 2578 2076 2642 sunt

325 2711 403 2794 pro
432 2683 476 2765 C.
506 2681 621 2762 XLII
647 2679 838 2775 marchia,
867 2694 908 2759 et
936 2679 995 2759 IV
1024 2679 1154 2758 unciis
1183 2679 1340 2788 argenti
1364 2678 1416 2760 ad
1446 2677 1607 2788 pondua
1635 2681 1676 2762 T
1671 2708 1798 2762 recen.

489 2795 594 2894 Item
628 2788 680 2898 de
721 2789 895 2882 marchis
937 2789 1200 2880 denariorum
1236 2792 1378 2873 Daotae
1419 2789 1604 2874 cambitae
1644 2789 1823 2872 suntad
1865 2787 2076 2870 Turonenses

323 2899 485 2986 XXVII.
534 2897 667 2984 LXV‘
700 2901 871 2983 marchae
920 2899 1182 2982 denariorum
1230 2928 1308 3011 pro
1356 2900 1505 3022 quibua
1553 2900 1703 2984 habitae
1748 2916 1847 2982 sunt
1895 2893 1988 2978 xlss.
2019 2887 2075 2970 Vc.

110 3038 116 3048 ‘
159 3003 163 3008 ⁵
323 3018 498 3110 LXXIV
526 3013 618 3094 libr.
648 3029 691 3094 et
707 3012 817 3093 XVI
845 3011 884 3094 fl.
914 3011 1070 3093 Turon.

490 3127 591 3206 Item
619 3122 671 3203 de
700 3121 874 3206 marchia
900 3121 1162 3205 denariorum
1190 3121 1340 3205 Suetire
1382 3124 1567 3213 cambitae
1601 3140 1699 3204 aurit
1739 3121 1791 3204 ad
1836 3120 1983 3203 Taren.
2017 3101 2074 3191 tt

324 3233 426 3338 VIG.
455 3235 688 3330 LXXXXV
718 3233 890 3332 marchae
918 3233 1198 3332 denariorum,
1239 3260 1318 3348 pro
1345 3237 1495 3345 quibus
1523 3233 1625 3324 hab.¹
1654 3229 1738 3324 IIII.
1766 3231 1882 3338 vic.
1900 3231 2004 3316 XXII
2028 3221 2074 3305 lib.

59 3340 62 3440 [
122 3307 126 3315 ‹
219 3396 246 3418 -·
324 3368 365 3431 et
392 3349 491 3460 XVI
518 3345 590 3427 eol.
617 3346 827 3428 'I'uronem
901 3371 907 3380 ’
1188 3447 1191 3454 Ι

151 3515 152 3520 ¹
320 3537 322 3543 Α
489 3461 590 3542 Item
618 3457 664 3538 C.
696 3457 889 3538 LXXVII
917 3453 1090 3540 marchae
1115 3453 1376 3538 denariorum
1406 3453 1458 3538 de
1487 3459 1581 3540 Rea
1608 3474 1649 3540 et
1676 3457 1812 3542 Dacia
1827 3453 2000 3538 cambita
2010 3462 2076 3578 sant

324 3569 377 3664 ad
405 3571 559 3664 Traron.
587 3596 665 3678 pro
691 3569 842 3678 quibus
871 3567 1021 3650 habitae
1048 3584 1142 3648 sunt
1169 3570 1214 3650 C.
1244 3568 1334 3650 XX.
1364 3567 1433 3649 lib.
1461 3571 1501 3651 T
1496 3597 1609 3660 aaron

491 3684 594 3763 Item
623 3681 682 3760 III
709 3679 881 3760 marchae
909 3679 1010 3760 XIV
1038 3679 1156 3760 Sterl.
1185 3678 1237 3761 de
1265 3706 1367 3760 auro
1410 3680 1615 3768 cambita·
1635 3688 1732 3772 sunt
1761 3677 1814 3762 ad
1846 3678 1992 3772 Turon.
2024 3695 2076 3780 pto

323 3792 473 3904 quihus
500 3791 650 3874 habitae
677 3807 773 3874 eunt
800 3789 952 3876 LXXV
980 3789 1093 3872 Libr.
1106 3839 1109 3845 -
1123 3790 1281 3873 Turon.

488 3901 652 3986 Summa
679 3902 860 3982 omnium
887 3900 1143 3983 marcharum
1171 3899 1431 3982 denariorum
1459 3903 1604 3984 Daciae
1631 3917 1673 3983 et
1700 3900 1851 3984 Suetioe
1865 3913 2078 4009 receptarum

487 4043 538 4097 ex
568 4012 742 4111 decima,
770 4039 862 4124 quae
889 4027 1142 4096 commutatae
1169 4027 1283 4110 eunt,
1311 4029 1437 4121 prout
1464 4039 1589 4121 supra
1615 4013 1877 4122 exprimitur,
1893 4009 1946 4098 ad
1971 4031 2079 4116 argen-

429 4166 432 4176 ·
488 4141 648 4208 tumet
678 4125 838 4212 aaron.
880 4118 1019 4204 thtt
1051 4122 1133 4206 VC.
1175 4124 1351 4214 LXVIII
1393 4125 1565 4206 marchae
1592 4139 1634 4216 et
1662 4124 1793 4216 media
1837 4122 2078 4208 denariorum,

486 4263 565 4346 pro
593 4236 743 4346 quibus
771 4235 921 4318 habitae
947 4250 1043 4317 aunt
1070 4231 1151 4318 VM.
1181 4231 1297 4319 VIC..
1327 4234 1500 4318 marchae
1534 4236 1573 4315 II
1615 4236 1744 4318 unciae
1792 4250 1834 4315 et
1876 4234 1954 4315 XV
1991 4223 2078 4312 Sterl.

484 4347 647 4543 gggenti
680 4345 734 4441 ad
762 4345 926 4456 pondua
970 4349 1129 4446 Trecen.
1173 4360 1219 4447 ,et
1260 4343 1405 4428 xlta.
1447 4345 1754 4444 CLXXXXVII
1798 4345 1871 4432 lib.
1900 4361 1944 4434 et
1966 4331 2078 4434 Xsst

520 4489 632 4543 eron.
2005 4475 2010 4490 '

480 4563 586 4670 ‘Item
614 4595 770 4666 summe
796 4565 1052 4676 marcharum
1079 4569 1239 4680 argenti
1266 4572 1408 4662 Daciae
1435 4585 1477 4667 et
1501 4568 1656 4668 ‚Suetice
1682 4568 1727 4668 in
1755 4565 1928 4662 diuersis
1959 4555 2079 4674 ponde

142 4711 147 4728 ·
320 4675 435 4761 ribus
462 4697 799 4764 commutatarum
826 4679 880 4760 M.
907 4679 1001 4761 LXI
1029 4681 1203 4764 marchae
1229 4695 1271 4762 et
1299 4679 1350 4761 V.
1381 4681 1510 4762 uneiae
1539 4707 1586 4760 ar
1613 4681 1714 4781 enti,
1749 4707 1837 4789 pro.
1857 4675 2003 4790 quibus
2029 4669 2085 4756 ha·-

319 4790 417 4873 bitae
452 4809 548 4875 sunt
589 4789 733 4876 VIVC.
763 4790 921 4874 XXXII
962 4793 1135 4875 marchae
1167 4793 1229 4894 III
1271 4791 1400 4875 rmeiae
1424 4808 1469 4882 et
1510 4709 1642 4891 maiia
1684 4790 1844 4902 argenti
1872 4787 1926 4882 ad
1952 4775 2080 4898 ponte

321 4903 482 5001 Trecen,

1626 5097 1630 5106 .
1745 5011 1915 5108 sumna
