4398 5958
980 525 1037 549 ...
1145 483 1252 593 492*
1337 491 1423 552 ..2

318 727 436 792 terre·
452 722 590 786 sancte
615 703 797 788 subsidio
824 701 1030 816 deputate,
1060 704 1110 786 ad
1145 732 1250 815 quos
1279 706 1413 788 littere
1441 707 1516 788 iste
1542 709 1823 818 peruenerint.
1855 710 2002 792 Salutem
2018 711 2074 798 u*

312 818 578 930 ‚apostolicam
606 816 941 900 benedictionem.
969 818 1122 898 'Peticio
1152 817 1392 899 dilectorum
1421 819 1596 900 filiorum
1638 820 2055 905 abbatis.'‘Cisterciensis

316 934 483 1040 eiusque
511 929 757 1034 coabbatum
788 932 827 1008 &
855 945 1131 1008 conuentuum
1161 931 1459 1026 uniuersorum,
1490 932 1764 1012 Cisterciensis
1790 931 1944 1026 ordinis,
1968 935 2057 1016 nobis

316 1044 494 1124 exhibita
521 1041 758 1122 continebat
772 1041 884 1150 quod
900 1067 993 1134 nos,
1023 1041 1065 1118 in
1093 1039 1269 1145 generali
1293 1041 1474 1125 concilio
1490 1041 1763 1152 Lugdunensi.
1777 1042 1955 1124 'molentes
1976 1051 2062 1126 tene·

316 1169 451 1236 sancte
480 1179 559 1262 que
589 1151 640 1232 ab
671 1152 839 1232 inimicis
867 1152 1042 1236 nominis
1077 1151 1284 1232 christiani
1325 1151 1531 1238 detinetur
1571 1153 1846 1235 miserabiliter
1885 1157 2079 1262 occupata,

179 1369 182 1378 Ι
318 1293 540 1376 procurare
575 1263 768 1356 remedia,
813 1291 994 1372 perque
1024 1278 1158 1370 posset
1196 1261 1247 1342 de
1274 1263 1437 1348 illorum
1472 1266 1660 1346 manibus
1707 1265 1884 1359 liberari,
1910 1265 2059 1346 decimam

212 1449 214 1456 .
318 1379 496 1460 omnium
526 1393 795 1484 prouentuum
826 1373 1186 1464 ecclesiasticorum
1201 1377 1326 1481 ipsius
1341 1390 1614 1457 terre'sancte
1628 1375 1809 1458 subsidio
1823 1377 1989 1464 duximus
2011 1376 2060 1456 de·

295 1486 559 1599 putandam,
589 1513 636 1566 ac
666 1484 922 1594 postmodum
951 1484 1205 1566 intendentes
1233 1485 1423 1568 ordinare
1452 1514 1522 1566 sem
1551 1503 1688 1568 taxare
1714 1503 1904 1598 quantum
1930 1515 2061 1596 persone

317 1602 447 1710 ipsius
476 1598 631 1679 ordinis
659 1597 716 1690 de,
740 1598 821 1675 suis
849 1596 1118 1704 promentibus
1147 1595 1342 1678 deberent
1369 1596 1538 1693 soluere,
1568 1601 1624 1677 eis
1652 1626 1725 1707 per
1752 1614 1899 1679 uestras
1925 1599 2061 1680 indulxi-

318 1740 406 1818 mus
435 1711 607 1803 litteras,
637 1727 682 1788 ut
712 1707 763 1789 de
791 1709 971 1815 ipsorum
1000 1708 1269 1816 promentibus
1298 1705 1421 1816 nichil
1450 1711 1661 1791 occasione
1696 1710 1920 1815 huiusmodi
1946 1707 2063 1789 decime

316 1823 473 1904 soluere
502 1839 754 1914 tenerentur,
784 1845 997 1928 quousque
1026 1829 1227 1929 quantum
1256 1846 1426 1928 percos
1455 1819 1560 1927 solmj
1585 1820 1750 1903 deberet
1780 1850 1852 1930 per
1866 1848 1932 1902 nos
1956 1825 2064 1900 existe·

317 1953 380 2016 ret
408 1930 640 2013 ordinatum
670 1931 899 2010 Districtius
929 1929 1178 2025 inhibentes,
1208 1959 1258 2011 ne
1287 1929 1521 2012 collectores
1562 1933 1688 2040 ipsius
1731 1930 1881 2012 decime
1918 1932 1962 2012 dc
1985 1932 2065 2038 ipso·

317 2073 408 2127 rum
437 2043 703 2153 promentibus
732 2040 887 2150 aliquid
918 2043 969 2122 ab
999 2043 1055 2122 eis
1083 2045 1291 2124 occasione
1308 2041 1488 2150 predicta
1502 2044 1662 2152 exigere
1677 2058 1965 2152 attemptarent.
1990 2043 2064 2120 Cum

316 2149 451 2238 autem
479 2172 677 2266 quantum
707 2151 757 2233 de
787 2181 925 2233 eorum
956 2151 1246 2261 promentibus,
1276 2153 1493 2250 fructibmS,
1524 2158 1563 2232 8(
1591 2150 2064 2251 redditibus„soluered·

316 2272 440 2352 beant
469 2266 702 2348 duxerimus
732 2261 1016 2359 ordinandum,
1045 2293 1091 2344 ae
1120 2265 1301 2346 molentes
1330 2281 1376 2343 ut
1405 2263 1554 2345 eisdem
1598 2265 1827 2362 abbatibus,
1856 2273 1892 2346 8(
1928 2291 2064 2345 conuen·

316 2381 444 2475 tibus,
475 2377 524 2466 de
553 2374 784 2458 huiusmodi
814 2376 1068 2456 concessione
1097 2396 1254 2472 nostra,
1284 2377 1448 2456 motinus
1476 2376 1723 2484 perducatur
1766 2375 1945 2474 effectus,
1980 2373 2066 2454 robis

316 2498 356 2573 8(
384 2489 552 2599 singulis
586 2504 764 2568 uestrum
794 2514 868 2594 per
897 2487 1116 2595 apostolica
1145 2489 1296 2596 scripta
1335 2485 1587 2583 mandamus,
1632 2490 1825 2597 quatinus
1867 2489 1917 2567 ab
1953 2483 2064 2566 eisdem

316 2601 550 2697 abbatibus,
580 2607 619 2680 8(
653 2596 942 2693 conuentibus,
972 2615 1044 2677 aut
1071 2625 1210 2679 eornm
1241 2598 1512 2705 monasteriis,
1543 2598 1651 2696 locis,
1681 2627 1748 2679 seu
1781 2597 1964 2704 ecclesijs,
1987 2594 2065 2676 deci

315 2742 419 2794 mam
447 2709 700 2819 huiusmodj,
730 2737 804 2818 per
832 2705 921 2805 vo's,
955 2708 1019 2788 vel
1048 2708 1190 2805 alium,
1218 2737 1289 2789 sem
1318 2709 1437 2804 alios,
1466 2708 1698 2789 nullatenus
1720 2712 1888 2818 exigatis
1914 2705 2064 2788 Non-ob
2143 2741 2144 2754 r

316 2826 517 2906 stantibus
545 2822 887 2932 quibuscumque
929 2818 1073 2899 litteris
1109 2821 1357 2929 apostolicis,
1401 2819 1518 2901 uobis
1553 2837 1622 2900 ant
1666 2821 1874 2931 aliquibus
1913 2834 2064 2907 vestrum,

316 2933 392 3016 sub
421 2955 677 3045 quacumque
699 2930 853 3028 forma,
884 2927 952 3012 aut
981 2933 1237 3038 expressione
1266 2930 1486 3011 uerborum
1511 2931 1674 3012 directis
1703 2933 1916 3028 hactenus,
1943 2955 2019 3035 cop
2050 2968 2062 2983 ·

315 3065 441 3128 textu.
471 3043 585 3152 quod
614 3044 844 3124 continetur
872 3045 914 3122 in
943 3044 1000 3122 eis
1028 3042 1140 3150 quod
1169 3043 1220 3124 ab
1249 3042 1443 3150 exemptis
1471 3047 1623 3122 &non
1648 3046 1859 3152 exemptis
1888 3045 2064 3122 cuiuscum-

316 3185 396 3267 que
425 3154 596 3251 ordinis,
625 3153 876 3236 condicionis
904 3152 967 3234 uel
997 3153 1203 3262 dignitatis
1246 3155 1407 3247 existat,
1451 3153 1674 3262 predictam
1703 3154 1902 3236 decimam
1929 3148 2066 3258 exigatis.

314 3295 384 3348 seu
415 3269 456 3346 in
486 3283 691 3374 posterum
722 3262 964 3371 dirigendis,
994 3268 1070 3345 nisi
1098 3264 1327 3346 huiusmodi
1365 3264 1500 3345 littere
1541 3264 1752 3370 dirigende
1798 3266 2013 3346 nominatim
2033 3255 2067 3338 de

316 3378 459 3460 ordine
487 3377 689 3485 predicto,
719 3382 756 3455 8(
787 3377 1043 3455 concessione
1071 3374 1301 3456 huiusmodi
1345 3373 1395 3454 de
1439 3373 1567 3455 uerbo
1610 3374 1662 3455 ad
1708 3377 1900 3474 uerbum,
1938 3370 2066 3454 iecerint

228 3555 232 3563 .
312 3490 560 3570 mentionem
589 3491 673 3568 Nos
701 3489 807 3565 enim
838 3487 1120 3566 nichilominus
1161 3488 1602 3581 excommunicacionis,
1654 3488 1881 3586 interdicti,
1922 3503 1983 3564 aut
2005 3507 2065 3558 sus·

316 3601 519 3709 pensionis
548 3601 789 3690 sententias„
810 3599 938 3706 sique
967 3600 1008 3677 in
1028 3625 1220 3706 personas
1240 3596 1441 3677 dictorum
1471 3597 1664 3678 abbatum
1693 3601 1779 3679 siue
1812 3601 1854 3679 in
1884 3608 2065 3679 conuentus

314 3715 435 3820 ipsos,
464 3709 527 3791 vel
557 3709 725 3790 alicuius
740 3706 917 3788 eiusdem
946 3709 1098 3791 ordinis
1116 3711 1367 3804 monasteria,
1388 3709 1583 3806 ecclesias,
1612 3708 1766 3804 domos,
1797 3711 1997 3817 Grangias,
2018 3727 2065 3781 scu

314 3822 403 3903 loca
432 3851 604 3917 eorum,
621 3849 694 3929 per
723 3845 806 3898 vos.
836 3819 901 3898 uel
931 3820 1050 3900 alium
1069 3837 1139 3899 aut
1167 3817 1266 3899 alios
1295 3820 1409 3899 vobis
1439 3817 1723 3900 mandantibus
1739 3824 1947 3902 occasione
1967 3816 2069 3895 huius·

313 3933 422 4016 modi
451 3935 645 4014 hactenus
686 3932 766 4010 sint
795 3929 1049 4037 prolatemel
1091 3932 1340 4038 inposterum
1384 3930 1637 4038 promulgarj¹
1669 3933 1888 4038 contigerit
1921 3957 1967 4009 ex
1991 3949 2071 4006 nunc

215 4041 217 4046 ’
313 4047 446 4126 irritas
477 4043 725 4126 decernimus
755 4045 795 4119 8(
824 4041 974 4121 inanes.
1006 4044 1153 4128 Datum
1183 4041 1386 4149 Lugduni.
1418 4041 1508 4120 Kal.
1538 4042 1700 4150 Aprilis.
1737 4044 2070 4124 Pontifiltatusmo·

312 4158 396 4238 stri.
416 4181 535 4235 anno
563 4173 720 4265 quarto.

247 4371 258 4398 '
318 4378 449 4539 591.
513 4443 518 4450 ·
965 4391 1113 4533 1275
1161 4385 1210 4493 d.
1259 4393 1292 4494 5
1338 4389 1464 4536 Ape.
1590 4527 1593 4534 ⁴
1754 4496 1762 4504 ,
1943 4389 2070 4532 Lyon.

395 4575 485 4636 Ptsv.
506 4578 682 4639 Gmnooarus
703 4577 758 4636 th
779 4575 856 4635 Bref
872 4573 919 4634 till
941 4573 1294 4637 cistercienses-Ordens
1315 4575 1471 4654 Abboter‚
1490 4573 1679 4638 Abbedissor
1689 4575 1750 4639 och
1772 4579 1915 4640 Convent
1935 4596 1983 4636 om
2002 4568 2073 4634 belii·

446 4659 506 4738 else
526 4659 596 4740 suain
618 4660 728 4740 Heliga
749 4655 969 4738 landshjelpcn.
1527 4661 1529 4666 ’
1734 4743 1771 4796 A·
1791 4757 1814 4794 ι.
1836 4739 1864 4794 d·
1885 4756 1926 4810 72.
1944 4737 1974 4807 r)

478 4839 709 4920 Gnncoruus
738 4839 951 4947 episcopus
979 4865 1119 4920 seruus
1148 4865 1359 4948 seruorum
1387 4839 1467 4949 dej.
1499 4844 1664 4926 Dilectis
1693 4846 1784 4925 filiis
1813 4843 2004 4925 uniuersis
2022 4835 2072 4914 ab·
2143 4813 2144 4820 .

312 4953 476 5034 batibus
504 4975 558 5029 ao
579 4947 789 5031 abbatissis
817 4955 857 5029 8(
885 4951 1151 5031 conuentibus
1194 4949 1349 5030 ordinis
1393 4952 1683 5052 Cisterciensis
1725 4971 1807 5036 tam
1853 4948 2073 5064 presentibus
2143 5031 2144 5067 ,

308 5098 581 5128 ..unqu——

353 5159 379 5238 *)
399 5157 490 5220 Eitea·
510 5156 608 5268 en‘as
625 5155 706 5218 Bisl.
728 5158 954 5221 Bonauunruns
975 5151 1190 5240 oeh'Csipitlet
1211 5157 1221 5216 i
1242 5157 1418 5244 Liuln'r'ping
1438 5161 1467 5221 d.
1490 5181 1528 5243 27
1551 5163 1633 5250 Sept.
1660 5185 1735 5249 rapa
1758 5165 1847 5248 gjoud
1870 5162 1994 5227 assiliit.
