4406 5966
1020 433 1434 518 —686-

332 681 496 778 gentum
525 679 642 740 suum
671 680 753 735 non
780 652 922 750 habet,
951 653 1026 733 nisi
1053 668 1253 764 quantum
1278 651 1446 736 conflari
1473 653 1624 764 poterit
1650 679 1700 733 ex
1727 657 1977 766 septingentis
1993 686 2072 742 mar·

330 780 387 860 cis
415 770 672 852 denariorum
700 766 976 848 Scaniensium
1003 766 1148 844 veteris
1181 781 1371 863 monetae,
1399 771 1438 847 8(
1467 794 1515 848 ex
1545 763 1689 845 eudem
1729 785 1894 874 argento
1921 775 2074 880 pracepit
2150 847 2151 864 ,

331 884 505 968 Domino
534 877 783 973 Alexandro,
815 893 862 956 ut
892 875 1001 956 XVI.
1030 902 1184 954 marcas
1212 876 1323 957 Sorae
1351 877 1527 957 mitteret
1555 873 1800 988 quibusdam
1825 880 2072 987 persolvendas

298 1035 304 1054 ·
330 1002 554 1103 Argentum
583 986 696 1098 quod
723 987 891 1069 Hericus
920 985 1024 1066 lilius
1053 986 1231 1082 Harinae,
1260 992 1300 1067 8(
1328 987 1463 1068 Sueno
1492 987 1620 1067 frater
1641 987 1749 1094 ejus,
1777 993 1817 1068 8(
1843 991 2074 1072 Conradusde

329 1103 583 1210 Tumethorp
611 1101 648 1179 ei
676 1114 838 1180 tenetur
868 1097 1113 1206 persolvere,
1143 1096 1257 1203 cujus
1284 1095 1411 1178 debiti
1426 1125 1619 1179 summam
1647 1097 1959 1181 Archidiaconus
1983 1103 2074 1197 norit,

331 1214 524 1327 praecepit
551 1210 761 1293 reservari.
819 1209 1022 1302 Debitum,
1051 1233 1134 1314 quo
1163 1204 1304 1287 Bondo
1331 1205 1437 1288 filius
1465 1207 1696 1289 Gamalielis
1724 1211 1762 1289 ei
1794 1237 1870 1317 pro
1898 1210 2074 1291 donatione

290 1415 294 1424 ,
330 1329 583 1409 exactionum
616 1321 847 1415 tenebatur,
875 1316 1091 1398 heredibus
1120 1317 1245 1424 ipsius
1275 1316 1479 1400 Bondonis
1512 1335 1643 1401 totum
1679 1345 1757 1426 pro
1798 1321 1928 1400 anima
1952 1350 2014 1402 sua
2036 1349 2078 1400 re

330 1441 447 1520 misit.
511 1433 658 1514 Herico
686 1433 792 1510 Batti
821 1455 989 1537 cappam
1021 1425 1214 1508 forratam
1245 1426 1297 1508 de
1324 1428 1498 1538 pellibus
1527 1445 1751 1510 marturum
1778 1429 1902 1511 dedit.
1930 1431 2079 1540 Magistro

330 1553 451 1630 Petro
480 1543 701 1652 Capeliano
729 1539 1031 1647 Archiepiscopi
1060 1535 1329 1619 Nidrosiensis
1357 1568 1527 1649 cappam
1558 1541 1751 1621 forratam
1772 1539 1823 1620 de
1837 1539 1999 1649 pellibus
2022 1543 2080 1647 gri

330 1660 407 1741 seis
435 1655 559 1738 dedit.
617 1655 780 1732 Decano
809 1647 1015 1730 Lundcnsi
1045 1648 1210 1756 pallium
1234 1669 1456 1732 marturum
1486 1650 1609 1733 dedit.
1638 1650 1852 1732 Thordoni
1872 1651 2080 1760 Cappellano

331 1799 405 1852 suo
433 1763 757 1878 superpellicium
786 1787 877 1840 cum
906 1759 1068 1868 pellicio
1098 1757 1148 1839 de
1177 1760 1440 1856 marturibus,
1471 1767 1510 1842 8(
1538 1790 1708 1872 cappam
1736 1762 1850 1842 vario
1875 1762 2081 1842 forratam&

331 1885 502 1992 juppam
529 1875 643 1955 vario
677 1872 869 1952 forratam
898 1869 1021 1952 dedit.
1076 1871 1228 1950 Simoni
1257 1873 1454 1952 minorem
1482 1873 1652 1982 juppam
1681 1870 1732 1952 de
1761 1876 1893 1979 griseo
1921 1872 2081 1952 forratam:

330 1998 453 2076 Petro
481 1989 654 2068 Stamma
682 1983 857 2090 griseum
891 1981 1058 2090 pallium
1095 1981 1390 2092 quotidianum.
1448 1983 1625 2064 Marsilio
1660 2009 1779 2078 coco,
1823 1984 2080 2091 coopertorium

331 2100 546 2211 vulpinum
575 2092 699 2176 dedit.
742 2097 861 2175 Petro
891 2090 1122 2174 Stabulario
1150 2118 1319 2202 equum,
1348 2121 1467 2204 quem
1496 2093 1601 2174 filius
1627 2093 1751 2174 Bidru
1778 2095 1815 2172 ei
1845 2093 2009 2186 donarit,
2032 2091 2080 2170 de

331 2214 403 2296 dit.
459 2207 592 2291 Fratri
620 2203 707 2311 ejus
735 2204 846 2286 Wlli
869 2203 1053 2298 loricam,
1114 2231 1204 2282 uam
1234 2203 1438 2285 Esbernns
1467 2205 1573 2286 Mule
1602 2205 1640 2284 ei
1668 2202 1800 2300 dedit,
1828 2201 1997 2285 donarit
2021 2203 2080 2280 Ha·

333 2326 461 2436 quino
490 2317 720 2402 Camerario
749 2341 822 2394 suo
851 2341 1001 2424 equum
1029 2231 1218 2408 dederat,
1248 2341 1369 2423 quem
1397 2313 1539 2396 Bondo
1567 2316 1603 2394 ei
1632 2311 1758 2394 dedit.
1784 2316 1947 2423 Equum
1972 2313 2080 2392 brunei

333 2434 480 2517 coloris
508 2428 697 2538 Haquino
727 2426 962 2507 Normanno
991 2421 1115 2503 dedit.
1145 2425 1314 2532 Nigrum
1329 2454 1498 2535 equum,
1527 2453 1648 2536 quem
1670 2425 1780 2504 Sorae
1808 2424 1961 2520 habuit,
1985 2421 2080 2501 eidem

333 2543 575 2628 monasterio
604 2537 778 2646 reliquit.
807 2539 968 2645 Eq11um
996 2535 1222 2616 blaccatum
1251 2537 1425 2616 Domino
1439 2537 1755 2644 Archiepiscopo
1769 2531 2081 2615 Nidrosiensidari

334 2655 535 2768 praecepit.
567 2648 784 2730 Eschillum
812 2645 1011 2726 Bathsven
1040 2644 1223 2726 libertate
1238 2645 1415 2727 donavit.
1446 2647 1650 2743 Mulieres,
1678 2673 1778 2755 quas
1793 2645 1977 2726 Nicolaus
1995 2644 2081 2722 Stab

334 2765 525 2849 bellasius
557 2757 608 2839 de
636 2757 822 2839 libertate
849 2760 891 2837 in
933 2755 1164 2836 servitutem
1206 2759 1400 2866 suscepit,
1444 2758 1679 2867 ubicunque
1718 2758 1982 2864 reperiantur,
2017 2779 2082 2830 cun

333 2879 424 2958 filiis
453 2873 534 2953 suis
562 2869 747 2950 libertate
775 2867 990 2950 donentur.
1040 2865 1246 2950 Mulierem
1276 2884 1481 2976 acceptam
1510 2868 1560 2950 dc
1589 2866 1882 2976 Biargaherred
1909 2867 1950 2945 in
1974 2866 2082 2945 Scania

334 3016 425 3070 cum
453 2983 544 3064 filiis
573 2980 654 3061 suis
682 2979 861 3064 libertati
894 2975 1070 3058 donavit.
1120 2977 1271 3057 Saxoni
1301 2980 1458 3066 Clerico
1487 3004 1561 3058 suo
1590 2976 1688 3058 duas
1717 3005 1873 3058 marcas
1901 2975 2081 3085 argenti&

333 3085 538 3182 dimidiam
566 3091 782 3183 concessit,
810 3115 913 3198 quos
940 3086 1018 3170 sibi
1046 3085 1225 3172 donavit,
1283 3089 1389 3170 Saxo
1415 3084 1539 3193 debet
1579 3087 1682 3168 duos
1724 3086 1872 3183 libros,
1917 3115 2008 3196 quos
2030 3087 2082 3161 Ar·

334 3206 614 3314 chiepiscopus
643 3203 677 3280 ei
707 3212 975 3294 concesserat,
1005 3195 1056 3277 ad
1085 3201 1368 3278 monasterium
1402 3197 1581 3280 deSora
1618 3197 1778 3282 referre.
1837 3199 2016 3306 Magistro
2037 3194 2081 3271 lo

224 3309 230 3316 ’
333 3315 459 3399 hanni
487 3310 706 3392 biccarium
736 3311 893 3418 argenti
922 3306 1045 3388 dedit.
1101 3307 1153 3390 M.
1181 3309 1395 3389 Walthero
1430 3308 1599 3417 pallium
1633 3310 1829 3418 griseum,
1875 3336 1956 3418 quo
1981 3309 2014 3386 in
2035 3327 2081 3380 na·

332 3429 488 3509 tivitate
518 3422 680 3500 Domini
709 3420 973 3515 vestiebatur,
1002 3416 1124 3499 dedit.
1153 3418 1336 3501 Annulos
1364 3447 1507 3500 aureos
1534 3419 1765 3529 quindecim
1786 3446 1884 3500 eum
1912 3414 2079 3528 lapidibus,

334 3544 374 3618 8(
408 3531 648 3619 sedecimum
683 3533 787 3625 sine,
830 3526 964 3638 lapide
993 3531 1235 3609 monasterio
1265 3529 1306 3610 Β.
1335 3531 1541 3610 Laurentii
1570 3527 1682 3610 dedit
1716 3527 1768 3610 ad
1812 3531 2018 3637 plenarium
2038 3523 2054 3600 l
2065 3563 2094 3631 ··

336 3644 531 3730 ciendum.
589 3641 810 3748 Praeposito
839 3640 996 3720 Achoni
1025 3642 1219 3719 minorem
1248 3638 1382 3720 cilium
1414 3657 1669 3749 argenteum,
1698 3667 1818 3749 quem
1841 3641 1942 3720 Sora
1972 3634 2081 3724 habui,

333 3756 455 3840 dedit.
511 3758 735 3860 Argentum
764 3747 877 3859 quod
906 3749 1016 3856 apud
1044 3749 1282 3840 Cluniacum
1310 3749 1472 3848 habuit,
1515 3747 1726 3832 dimidium
1754 3749 1887 3830 eidem
1928 3759 2083 3830 monaste·

334 3871 396 3950 rio
422 3864 616 3960 contulit,
644 3861 896 3944 medietatem
924 3886 1022 3940 vero
1037 3856 1089 3938 ad
1102 3861 1262 3940 Claram
1291 3861 1446 3941 Vallem
1474 3861 1692 3940 transmitti
1707 3864 1913 3968 praecepit.
1942 3855 2085 3940 Ecclesia

336 3979 386 4060 de
415 3974 618 4082 Wellinge
646 3972 861 4055 tenebatur
888 3984 1100 4078 argentum
1130 3968 1318 4067 reddere,
1347 3971 1462 4078 cujus
1489 3993 1684 4051 summam
1712 3969 2020 4052 Archidiaconus
2034 3989 2086 4044 no

333 4090 405 4171 vit.
434 4085 619 4167 Ecclesiae
648 4081 699 4163 de
727 4081 910 4193 Stangby
939 4078 1154 4161 tenebatur
1181 4107 1361 4208 mansum
1389 4109 1515 4162 unum
1544 4079 1726 4179 reddere,
1757 4107 1880 4190 quem
1908 4079 2012 4162 dedit
2033 4101 2088 4184 pro

336 4224 475 4282 manso
504 4199 547 4276 in
574 4192 788 4301 Kopingh,
817 4199 857 4274 8r
884 4191 1000 4300 jussit
1028 4206 1074 4269 ut
1108 4191 1283 4272 Ecclesia
1313 4193 1355 4270 in
1385 4192 1567 4302 Stangby
1594 4192 1740 4293 habeat
1769 4219 1952 4282 mansum
1971 4192 2010 4274 in
2027 4189 2088 4266 Ilii

334 4309 480 4419 pingh‚
510 4303 638 4386 donec
653 4301 703 4384 de
720 4304 968 4412 Episcopatu
994 4301 1199 4384 reddatur.
1227 4300 1457 4383 Praebendae
1478 4301 1637 4384 cuidam
1667 4303 1885 4383 tenebatur
1913 4296 2089 4382 dimidium

335 4446 516 4499 mansum
544 4417 587 4494 in
615 4409 878 4521 Huphackre,
914 4419 954 4492 8(
982 4412 1100 4522 jussit
1127 4429 1174 4494 ut
1201 4412 1243 4491 in
1285 4411 1422 4492 Arleff
1457 4411 1626 4494 haberet
1669 4411 1880 4493 dimidium
1923 4433 2090 4496 mansum,
2147 4457 2148 4464 κ

334 4525 463 4607 donec
491 4523 542 4606 de
570 4525 817 4632 Episcopatu
845 4521 1050 4604 reddatur.
1107 4518 1337 4602 Praebendae
1363 4523 1520 4603 Nicolai
1548 4523 1732 4604 Monialis
1773 4521 1984 4607 dimidium
2008 4543 2090 4600 mau-

297 4631 422 4718 ‘sum
450 4637 493 4712 in
520 4631 866 4741 asmundathorp,
895 4635 936 4712 8(
964 4631 1079 4740 jussit
1106 4649 1153 4711 ut
1182 4634 1224 4713 in
1266 4631 1427 4739 Nybyle
1461 4633 1627 4715 haberet
1655 4635 1698 4714 in
1734 4633 1931 4742 parochia
1973 4628 2018 4714 dc
2041 4627 2089 4706 Sa·
2146 4693 2147 4738 ,

335 4746 537 4850 xulstorp,
566 4742 696 4834 donec
725 4743 903 4823 solvetur
930 4738 981 4822 de
1010 4743 1266 4850 Episcopatu.
1324 4743 1510 4850 Magister
1538 4744 1660 4852 Hugo
1700 4745 1912 4854 proprium
1941 4737 2090 4851 praeben
2146 4789 2147 4792 κ

337 4856 397 4937 dae
423 4881 504 4936 suae
532 4851 697 4948 habeat,
724 4851 855 4934 donec
884 4849 934 4940 de
963 4852 1211 4959 Episcopatu
1236 4853 1502 4959 persolvatur.
1560 4854 1857 4937 Archidiacono
1896 4850 2005 4945 dedit
2027 4843 2089 4956 pal·

336 4966 431 5046 lium
460 4990 650 5073 magnum
678 4962 728 5044 de
755 4961 930 5058 Laekatt,
957 4961 991 5040 si
1019 4962 1070 5042 sit
1099 4959 1174 5056 ibi,
1204 4967 1242 5042 8(
1267 4962 1303 5056 si
1318 4962 1375 5058 ibi
1396 4991 1479 5045 non
1507 4965 1576 5061 sit,
1605 4965 1893 5061 lectisternium
1923 4962 2087 5046 forratum
