4384 5946
718 462 906 512 ,q-
1024 403 1079 491 15.
1183 450 1248 500 -ε

140 623 289 714 sinu
346 625 492 718 samu
519 620 697 710 uuita
724 621 1010 708 fraterniatem
1038 643 1216 712 nostram
1243 627 1381 736 gratia
1400 653 1486 716 suae
1505 625 1755 737 protemmuc
1768 621 1943 738 obsum

142 735 233 838 det,
260 754 395 846 atqua.
416 741 471 820 ita
497 737 542 818 in
567 736 721 820 timoris
749 735 812 818 sui
839 735 905 816 via
930 763 1006 818 nos
1033 735 1199 846 dirigat,
1233 755 1281 822 ut
1307 756 1399 847 post
1426 739 1517 834 ritae
1552 739 1673 850 hujus
1708 737 1940 827 amnicus

102 859 216 936 'nes
244 847 296 929 ad
327 867 514 930 aeternam
541 849 658 930 simul
687 846 896 956 pervenire
924 845 1176 933 dulcedinem
1203 877 1435 932 mercamur.
1498 851 1700 961 Scriptum
1742 879 1816 962 per
1855 877 1940 934 mn·

136 959 474 1162 fflbciffiiff
502 959 708 1044 scriniarii
735 974 882 1044 sanctae
909 957 1097 1044 Romanae
1125 960 1331 1060 Ecclesiae,
1359 961 1403 1044 iu
1429 988 1564 1050 mense
1590 963 1813 1049 Decembri.
1869 961 1949 1048 111⁴·

2 1091 3 1150 Γ
271 1097 325 1154 ne
473 1130 484 1156 .
1335 1105 1340 1122 .

144 1502 194 1611 9.
870 1461 982 1608 872
1031 1468 1062 1574 i·
1092 1461 1140 1570 N
1142 1505 1222 1576 ov.

223 1683 784 1759 Ptrv.snsnrns11nsradtate1se
866 1683 1051 1768 ttadgnnd'ct
1070 1687 1121 1752 fo'r
1139 1684 1274 1752 true-s.
1295 1687 1434 1753 limatur
1455 1699 1502 1752 att
1529 1688 1568 1752 de
1599 1687 1752 1753 Nordisla
1783 1685 1932 1770 solitis&

133 1899 141 1912 ι
208 1875 215 1886 “
273 1795 357 1922 gups·
361 1774 446 1922 1anfl
444 1767 629 1936 prppptppdep
628 1771 790 1918 lldddiuly
814 1789 834 1830 a
853 1769 953 1886 under
972 1769 1049 1833 bans
1069 1767 1403 1920 bke-lepffimef
1423 1773 1484 1836 och
1503 1773 1652 1870 fu'llmalt
1672 1773 1722 1898 stir
1748 1771 1863 1834 bonom
1884 1781 1932 1834 att

313 2011 520 2092 nonanus
550 2003 786 2112 Episcopus,
814 2031 951 2090 servus
979 2031 1186 2086 servorum
1215 2005 1301 2104 Dei,
1329 2005 1561 2090 beatissimo¹
1583 2007 1825 2116 Reymberto
1841 2029 1936 2086 sau·

1 2115 2 2118 Ὺ
58 2175 64 2182 -
142 2139 214 2203 ctae
242 2114 620 2226 Hammaburgensis
650 2117 835 2198 Ecclesiae
871 2103 1186 2225 Arcbiepiscopo
1206 2135 1392 2199 aeternam
1407 2119 1735 2202 benedictionem.
1791 2117 1931 2220 Quunr

1 2307 2 2314 Ν
141 2231 388 2342 Apostolicae
416 2227 621 2335 dignitatis
656 2244 733 2324 est,
770 2257 853 2308 non
896 2227 1025 2309 solum
1067 2229 1282 2310 Ecclesiam
1324 2228 1513 2329 fundare,
1556 2231 1628 2313 sed
1668 2235 1708 2310 8(
1749 2229 1800 2310 ab
1843 2226 1930 2306 aliis

137 2343 409 2446 Ecclesiarum
451 2337 675 2420 architectis
717 2337 990 2448 spiritualibus
1032 2336 1216 2419 fundatas
1259 2341 1494 2440 sublimare,
1537 2343 1703 2451 dignum
1732 2338 1957 2434 (lunicius,-

1 2541 2 2554 ,
73 2509 76 2520 ·
142 2453 266 2535 frater
294 2451 558 2544 Charissime,
586 2475 663 2557 pro
690 2451 896 2560 petitionis
924 2467 1002 2530 tuae
1031 2469 1127 2532 voto
1155 2477 1271 2531 aures
1299 2450 1455 2533 debitas
1483 2455 1740 2562 benignitatis
1767 2467 1855 2531 tuae·
1870 2449 1933 2527 in‘·

1 2666 2 2669 g
134 2565 306 2656 clinare,
364 2558 631 2642 Concedimus
659 2562 783 2666 igitur
810 2562 905 2657 tibi,
934 2560 1036 2640 sicut
1063 2589 1086 2640 a
1114 2560 1473 2670 praedecessoribus
1500 2567 1652 2647 nostris
1690 2565 1737 2643 B.
1774 2560 1939 2667 Grego-

1 2731 6 2742 ·
134 2677 203 2758 rio
232 2683 273 2756 8(
300 2671 468 2754 Nicolao
498 2697 729 2751 concessum
757 2689 835 2768 est,
864 2672 1013 2753 scilicet
1037 2689 1085 2752 ut
1115 2688 1251 2779 gentes
1266 2673 1586 2773 Wimodiorum,
1602 2673 1932 2779 Norblingorum,
1969 2763 1975 2771 ,
2077 2643 2088 2688 ”

1 2833 2 2882 ;
135 2789 373 2881 Danorum,
399 2783 701 2880 Norvenorum,
718 2783 961 2880 Suenorum,
976 2781 1039 2862 vel
1055 2809 1315 2893 quascunque
1330 2785 1709 2894 septentrionalium
1723 2786 1932 2864 nationum
1980 2865 1982 2872 ,

1 2949 2 2960 κ
117 2898 240 3008 fjugo
268 2895 360 2978 lidei
387 2892 676 3003 praedicatione
701 2910 771 2975 tua
798 2893 1023 2976 subdideris
1051 2894 1101 2974 ad
1130 2894 1262 2974 sedem
1291 2896 1696 3006 Hammaburgensem
1732 2892 1933 3004 spirituali¹

1 3051 2 3072 ι
142 3007 358 3090 devotione
386 3004 602 3114 possideas,
631 3009 670 3085 8(
698 3005 884 3086 omnibus
911 3004 1204 3087 successoribus
1232 3006 1322 3102 tuis,
1351 3006 1402 3088 ad
1431 3009 1596 3090 eandem
1623 3007 1766 3088 sedem.
1784 3019 1935 3112 perpe*

1 3127 2 3218 J
137 3137 213 3201 tuo
246 3115 510 3230 possidendas
528 3115 745 3224 relinquas.
808 3115 1001 3224 Legatum
1030 3143 1194 3224 quoque
1222 3134 1403 3198 nostrum
1431 3134 1470 3197 te
1498 3148 1572 3228 per
1599 3121 1733 3198 omnia
1760 3117 1928 3223 Septen·

1 3233 2 3292 ἐ
134 3231 328 3312 'trionalia
355 3255 481 3337 regna
507 3226 785 3329 constituimus
813 3227 1080 3336 omnibusque
1116 3225 1435 3332 supradictarum
1463 3233 1671 3311 nationum
1712 3229 1925 3336 episcopos

166 3357 355 3422 raesentes
383 3346 424 3420 8(
451 3339 622 3447 amplius
649 3336 908 3447 profuturos,
932 3365 1023 3418 cum
1052 3335 1239 3443 subjectis
1266 3339 1342 3418 sibi
1371 3339 1556 3447 plebibus
1582 3341 1675 3436 tibi,
1717 3345 1758 3420 8(
1799 3340 1935 3418 omni-·

1 3513 2 3534 1
130 3371 212 3536 bus
242 3451 542 3533 successoribus
567 3450 648 3530 tuis
676 3449 727 3532 ad
755 3449 887 3530 sedem
915 3447 1324 3555 Hammaburgensem
1349 3477 1466 3530 usum
1498 3449 1609 3560 pallii
1636 3448 1864 3530 habendum
1885 3452 1928 3530 in

1 3567 2 3634 l
128 3563 248 3646 ¹lestis
277 3571 317 3644 8(
345 3563 596 3671 temporibus
623 3587 651 3640 a
674 3559 970 3670 praedecessone·
992 3558 1133 3641 nostr'o
1161 3560 1238 3641 tibi
1264 3559 1549 3661 denominatis,
1577 3562 1727 3643 scilicet
1754 3561 1797 3640 in
1835 3587 1925 3667 pas·

1 3665 2 3746 3
128 3679 196 3773 ca,
226 3677 273 3756 in
300 3689 551 3784 pentecoste,
580 3672 623 3751 in
649 3670 775 3752 natali
800 3671 982 3768 Domini,
1009 3673 1052 3750 in
1079 3673 1373 3780 assumptione,
1397 3674 1444 3752 in
1466 3675 1692 3770 nativitate,
1728 3674 1771 3754 in
1813 3673 1925 3779 puri·
2057 3665 2064 3686 “

127 3787 321 3892 licatione
349 3793 494 3866 sanctae
522 3781 677 3879 Mariae,
706 3781 749 3862 in
776 3777 963 3862 natalitiis
991 3781 1305 3890 Apostolorum,
1329 3785 1372 3863 in
1399 3781 1609 3866 dominicis
1637 3783 1800 3877 diebus,
1828 3787 1868 3860 8(
1881 3783 1926 3860 in

1 3961 2 3964 κ
131 3897 326 3979 omnibus
353 3894 462 3978 lestis
490 3893 533 3973 in
562 3890 724 3973 dioecesi
751 3910 821 3974 tua
849 3892 1095 3990 celebribus,
1119 3893 1256 3974 ornari
1282 3921 1447 4002 quoque
1484 3914 1604 4005 caput
1637 3912 1753 3976 tuum
1788 3893 1923 3986 mitra,

128 4015 301 4118 'portare
327 4023 420 4087 ante
448 4022 487 4086 te
515 4029 691 4112 crucem,
715 4021 909 4111 practerea
935 4005 1011 4085 tibi
1039 4009 1078 4085 8(
1100 4021 1249 4084 sanctae
1277 4003 1644 4114 Hammaburgensi}
1671 4002 1855 4084 Ecclesiae
1883 4006 1922 4082 8(

131 4121 325 4202 omnibus
352 4114 648 4199 successoribus
676 4116 767 4212 tuis,
789 4115 1024 4198 auctoritate
1039 4115 1271 4223 Apostolica
1285 4115 1502 4214 firmamus,
1518 4142 1771 4228 quecunque
1786 4112 1923 4192 Eccle-

131 4233 199 4312 siae
228 4249 310 4312 tuoe
338 4227 418 4336 jam
446 4255 470 4307 a
498 4225 747 4307 Christicolis
775 4224 924 4308 tradita
950 4243 1065 4322 sunt,
1088 4225 1151 4305 vel
1180 4225 1349 4335 amplius
1377 4226 1558 4335 delegata
1585 4225 1751 4321 luerint,
1779 4222 1822 4301 in
1849 4239 1921 4330 pa-

129 4341 301 4437 rocbiis,
330 4340 373 4418 in
401 4337 582 4448 praediis,
610 4339 653 4416 in
680 4337 868 4418 omnibus
895 4337 1019 4444 rebus
1044 4336 1259 4418 mobilibus
1285 4343 1324 4418 8(
1356 4339 1650 4434 immobilibus,
1688 4337 1731 4416 in
1773 4334 1921 4413 manci·

126 4455 208 4567 piis
245 4452 459 4562 utriusque
487 4477 625 4545 sexus,
653 4465 700 4548 ut
728 4476 774 4529 ea
800 4447 978 4529 Ecclesia
1005 4447 1197 4556 praedicta
1231 4448 1453 4530 inviolabili
1486 4464 1681 4560 potestate
1722 4462 1920 4555 perpetuo

126 4562 348 4676 possideat.
405 4562 448 4643 Si
476 4555 567 4670 quis
595 4576 747 4655 auteur,
776 4577 919 4641 contra
943 4557 1063 4666 hujus
1103 4576 1251 4640 nostrae
1293 4557 1541 4643 auctoritatis
1582 4555 1834 4669 privilegium
1862 4558 1922 4636 ire

128 4677 409 4786 temptaverit,
444 4677 484 4752 8(
511 4699 680 4780 quoquo
708 4670 830 4753 modo
858 4673 901 4751 in
927 4686 1047 4780 parte
1066 4669 1136 4751 nel
1160 4685 1247 4752 toto
1275 4673 1318 4750 in
1345 4670 1529 4779 frangere
1555 4673 1666 4752 nisus
1693 4666 1830 4768 fuerit,
1851 4675 1928 4747 cu*

1 4885 2 4891 Ν
128 4787 360 4898 juscunque
387 4784 593 4892 potestatis
621 4781 694 4862 vel
714 4779 919 4890 dignitatis
946 4782 1008 4876 sit,
1036 4779 1182 4862 aeterna
1196 4784 1602 4865 excommunicatione
1616 4805 1709 4864 cum
1722 4779 1826 4863 Juda
1839 4797 1927 4859 tra*
1981 4791 1985 4802 “

124 4897 266 4983 'ditorc
310 4895 657 5009 Domi11i=percat,
684 4895 762 4977 nisi
788 4894 1006 5005 resipiscat,
1035 4893 1288 5014 &Ecclesiae
1314 4885 1673 5008 Hammaburgensi
1698 4892 1926 4978 satisfaciat
