4382 5964
1023 275 1107 404 “-’
1190 341 1266 424 582
1373 313 1435 408 ’-

72 629 75 636 .
205 520 217 726 ι’
335 615 466 728 217·
945 537 1527 720 1281d10April.
1820 579 2055 733 Ymseborg.

408 795 492 858 lion.
514 795 644 859 tuem
662 790 705 872 Its
726 787 922 856 studueram
942 792 986 879 ps
1005 793 1115 876 Iiogm.
1135 791 1260 862 nonnos
1275 793 1392 878 gsfvor
1412 793 1460 857 till
1480 793 1650 879 Risuberga
1671 795 1793 860 kloster.
1903 867 1909 874 ,
2001 787 2003 799 ’

903 950 905 958 ,
1780 911 1965 983 bunun

209 1148 211 1156 Ι
491 1030 666 1126 nnenus
681 1041 763 1127 ‚dei
791 1043 926 1153 gracia
940 1069 1173 1125 sweuorum
1188 1057 1461 1153 gotorumque
1488 1071 1574 1141 rex,
1603 1044 1804 1128 Omnibus
1816 1046 1866 1128 ad
1890 1077 1976 1161 quos
1996 1079 2059 1162 pre

324 1185 416 1240 sens
444 1157 640 1265 seriptum
668 1156 901 1265 peruenerit
928 1154 1098 1236 salutem
1127 1157 1171 1238 in
1212 1151 1389 1237 domino.
1427 1153 1588 1240 Tenore
1618 1159 1816 1266 presentis
1841 1174 1914 1240 tam
1936 1167 2060 1272 posteris

325 1295 449 1382 quam
477 1267 734 1380 presentibus
762 1266 961 1350 rniuersis
993 1266 1179 1348 volumus
1207 1263 1366 1348 elucere
1395 1265 1509 1377 quod
1539 1267 1738 1377 religiosis
1760 1267 1974 1354 dominabus
1994 1273 2062 1356 Sar·

323 1379 625 1464 ctimonialibus
654 1376 705 1461 de
732 1378 965 1489 rysaebergh
992 1377 1101 1460 bona
1134 1377 1270 1459 omnia
1313 1376 1480 1458 mobilia
1507 1383 1549 1459 &
1575 1379 1809 1489 immobilia,
1836 1381 1999 1491 legaliter,
2020 1411 2063 1464 ac·
2131 1371 2134 1534 ι

323 1493 487 1604 quisita,
510 1518 593 1602 que
620 1489 808 1574 dominus
836 1489 963 1584 holdo
991 1488 1099 1576 bone
1128 1489 1319 1572 memorie
1348 1490 1678 1572 testamentaliter
1688 1492 1791 1601 ipsis
1804 1493 1972 1596 eontulit,
1993 1513 2065 1576 eter·
2130 1539 2134 1598 g

325 1603 474 1687 naliter
502 1600 746 1713 possidenda
771 1599 1071 1687 sentencialiter
1099 1601 1401 1700 confirmamus,
1430 1628 1607 1712 quorum
1634 1605 1668 1685 si
1696 1602 1833 1713 aliqua
1859 1605 1896 1686 in
1921 1605 1986 1687 hoo
2010 1634 2067 1716 que
2133 1695 2134 1700 g

328 1718 415 1826 ipse
444 1712 633 1797 dominus
675 1710 802 1806 boldo
843 1710 985 1797 eadem
1026 1737 1113 1793 non
1150 1711 1370 1822 acquisiuit
1399 1712 1581 1822 legaliter
1618 1712 1671 1796 ab
1689 1713 1911 1825 r>aliquibus
1934 1717 2066 1826 inpediri
2130 1715 2134 1874 ⁴

325 1844 398 1909 aut
426 1826 555 1936 inpeti
583 1822 811 1954 contigerit,
839 1823 891 1908 sit
918 1827 962 1906 in
991 1849 1055 1904 res
1086 1824 1195 1914 onsis
1216 1825 1274 1906 'ex
1301 1840 1417 1933 parte
1445 1824 1645 1908 dictarum
1660 1823 1918 1937 dominarum,
1941 1827 2004 1910 sibi
2019 1827 2068 1912 de
2132 1881 2134 1920 2

325 1937 489 2022 ferdere
516 1939 558 2020 &
586 1963 830 2020 oonurncere
859 1934 1016 2046 legibus
1044 1851 1153 2017 dieta
1180 1936 1306 2032 bona,
1342 1963 1465 2055 quam
1494 1953 1673 2019 nostram
1699 1940 1933 2020 sentenciam
1956 1941 1984 2018 si
2005 1939 2068 2048 qu‘n
2130 1931 2134 2028 l

324 2075 479 2132 cassare
508 2065 579 2130 aut
606 2045 826 2160 infringere
855 2046 1144 2162 presumpserit
1172 2049 1513 2136 nostramtsentiet
1532 2046 1745 2146 visionem,
1775 2051 1827 2130 Jn
1841 2051 2069 2161 premissorum
2132 2043 2134 2136 l

326 2175 460 2259 autem
488 2155 740 2244 euidenciam
767 2159 943 2268 sigillum
972 2173 1157 2248 nostrum
1186 2155 1365 2267 presenti
1391 2157 1455 2243 ‘est
1478 2185 1719 2268 appensum,
1750 2163 1894 2245 Datum
1919 2163 2070 2270 mesc
2133 2161 2134 2172 '

106 2385 113 2392 ·
326 2272 460 2383 bergh
487 2298 594 2354 armo
621 2269 793 2370 domini,
823 2267 1204 2353 M·.CC‘.LXXXI⁰.
1233 2285 1384 2380 quarto
1412 2267 1523 2353 Jdus.
1555 2271 1735 2381 apprilis.

1075 2409 1196 2494 sigillet
1217 2410 1387 2480 bortfallet.
2132 2471 2134 2554 i

2132 2637 2134 2670 l

2133 2675 2134 2714 l

335 2778 467 2930 718.
964 2777 1111 2888 1281
1161 2779 1210 2886 d
1259 2779 1333 2888 3ο
1379 2782 1506 2930 Apr.
1969 2779 2072 2886 lion.

238 3001 240 3008 ’
336 3015 340 3022 ’
408 2995 499 3068 Plfv.
520 3005 682 3068 Murmur
703 3001 775 3066 Nes
795 2997 993 3066 sedunens
1013 3001 1055 3087 pd
1075 3001 1173 3085 nigre
1192 3001 1241 3066 tiu
1261 3022 1300 3064 en
1321 2997 1486 3070 Prebenda
1505 3003 1516 3064 i
1536 2997 1657 3089 Upsala
1677 3003 1811 3069 nmkm
1828 3000 1911 3086 gods

913 3152 916 3158 .
1813 3115 1981 3184 &unffi

363 3299 368 3310 ·
492 3247 704 3334 Marnros
733 3251 948 3370 episcopus
976 3276 1116 3334 seruus
1144 3276 1355 3334 seruorum
1383 3249 1461 3362 dej.
1503 3251 1726 3334 venerabili
1754 3249 1873 3334 fratri
1895 3313 1905 3332 .
1926 3311 1936 3333 .
1954 3245 2074 3332 brebie

358 3363 496 3470 isoopo
523 3376 566 3450 et
595 3360 762 3444 Dilectis
789 3357 880 3480 filijs
908 3361 1099 3470 ,Capitulo
1127 3363 1186 3445 W
1215 3362 1379 3460 salensi,
1423 3361 1601 3446 Salutem
1629 3379 1671 3445 et
1699 3363 1957 3474 apostolicam
1990 3359 2075 3440 bere

371 3473 556 3558 ctionem.
589 3473 693 3555 Cum
708 3501 730 3554 a
745 3473 863 3567 nobis
928 3475 1030 3557 titur
1045 3477 1119 3570 &o
1135 3478 1184 3572 tf,
1205 3473 1410 3572 effectuum.
1442 3475 1633 3566 Exhibita
1646 3473 1847 3586 siquidem
1861 3475 2077 3561 nobisuestn

326 3583 471 3694 petitio
501 3582 753 3682 continebat,
782 3499 1118 3711 qnodbuoudam
1133 3585 1357 3696 Gregorius
1372 3585 1599 3680 filiuselare
1614 3587 1806 3678 memorie
1822 3648 1832 3670 .
1847 3648 1858 3671 .
1873 3585 1986 3667 Ducis
2002 3581 2079 3662 Sne·

326 3694 395 3793 tie,
423 3696 567 3778 uolens
595 3697 827 3778 transitoria
856 3723 933 3806 pro
947 3697 1110 3794 eternis,
1140 3713 1181 3794 et
1208 3718 1371 3780 terrena
1399 3723 1476 3806 pro
1504 3697 1718 3794 celestibus
1745 3697 1906 3784 salubri
1931 3713 2079 3780 commu·

182 3823 188 3832 ’
223 3808 227 3818 ’
326 3807 390 3889 oio
419 3823 686 3906 commutare,
715 3801 921 3920 quandam
948 3805 1198 3920 prebendam
1227 3810 1271 3891 in
1298 3808 1511 3918 Vpsalensi
1525 3809 1693 3904 ecclesia
1719 3806 1770 3900 de
1801 3809 1920 3900 bonis
1946 3797 2080 3916 propriis

326 3917 534 4019 ordinauit
561 3917 691 4003 eidem
722 3915 927 4030 prebende
950 3921 1091 4012 'certas
1118 3933 1246 4014 terras
1281 3919 1551 4030 possessiones
1579 3924 1620 4000 &
1662 3916 1847 4002 redditus
1885 3921 1956 4003 ass'
1982 3905 2081 3996 naulo

242 4106 246 4114 .
326 4045 465 4112 uestro
507 4028 560 4115 ad
603 4028 645 4115 id
687 4029 902 4124 accedente
948 4057 1166 4128 consensu,
1216 4048 1341 4140 prout
1380 4032 1424 4111 in
1452 4030 1685 4141 patentibus
1725 4029 1874 4125 litteris
1906 3946 1993 4122 ‚inde
2015 4048 2083 4104 cou-

326 4139 443 4226 feetis
471 4142 632 4251 plenius
658 4142 809 4226 dicitur
836 4143 1045 4240 contineri.
1075 4141 1161 4224 Nos
1189 4143 1326 4253 itaque
1354 4142 1501 4240 uestris
1528 4139 1897 4252 supplicationibus
1924 4131 2084 4232 inclinati,

324 4251 440 4366 quod
468 4279 591 4366 super
619 4255 821 4363 premissis
849 4251 1022 4363 prouide
1047 4249 1203 4350 factum
1230 4271 1309 4350 est,
1337 4269 1470 4338 ratum
1498 4271 1538 4336 et
1566 4253 1726 4350 firmum
1756 4253 1963 4350 habentes,
1988 4247 2024 4330 id
2038 4271 2084 4326 ar

325 4364 513 4449 ctoritate
543 4365 763 4476 apostolica
792 4365 1090 4462 confirmamus,
1119 4379 1159 4444 et
1187 4365 1387 4494 presentis
1414 4367 1493 4448 sori
1523 4367 1556 4462 ti
1576 4365 1805 4475 patrocinio
1817 4362 2085 4450 communimus

324 4475 439 4558 Nulli
466 4505 565 4605 ergo
592 4482 679 4560 Suo..
694 4489 833 4558 nostre
860 4475 1183 4576 confirmacionis
1219 4476 1369 4558 Datum
1404 4395 1522 4588 apud
1543 4476 1880 4558 Vrbemueterem
1908 4477 1947 4556 ll
1972 4467 2086 4554 Kalen·

325 4582 398 4669 das
425 4587 534 4697 MaiJ.
562 4587 824 4670 Pontificatus
852 4588 983 4668 nostri
1011 4615 1122 4670 anno
1149 4589 1293 4698 primo.

253 4735 256 4744 '
325 4725 373 4791 Pb
393 4724 561 4791 friondans
582 4727 764 4793 Thomasius
784 4727 823 4792 de
844 4727 964 4794 Trebis.
985 4727 1067 4791 Med
1085 4707 1192 4792 aunan
1207 4728 1318 4812 based:
1339 4727 1545 4792 Confirmaeio
1567 4727 1683 4792 Martio
1699 4731 1791 4815 ipape
1811 4727 1970 4792 bonorum
1988 4744 2037 4813 per
2050 4716 2090 4780 ll·
2133 4697 2134 4704 ἵ

749 4849 752 4854 -
885 4832 954 4874 cern
974 4813 1084 4874 swecie
1105 4831 1163 4896 pro
1185 4809 1350 4896 prebendis
1370 4811 1565 4875 collatorum.

868 4927 1037 5013 sinuum
1056 4925 1174 5010 unger
1195 4929 1206 4990 s
1226 4925 1299 4990 nat
1323 4925 1386 4993 och
1406 4927 1474 5011 put
1493 4927 1580 4992 aue
