4382 5964
119 721 245 822 minii,
276 718 402 828 legem
430 698 693 825 nostrumque
721 710 901 796 favorem
929 711 982 796 ad
1009 739 1172 796 omnem
1200 709 1483 798 fortitudinem
1510 713 1590 798 sibi
1603 713 1789 798 sufficere
1817 715 1915 816 nub,

116 837 272 936 latenus
300 827 545 910 dubitantes.
574 827 725 908 Eorum
753 827 872 908 etiam
901 827 1118 906 sententias
1145 843 1251 908 stare
1264 827 1521 936 praecipimus
1535 854 1675 910 omnes
1701 829 1746 909 in
1777 829 1910 909 omni·

114 945 191 1026 bus
219 941 369 1024 caussis
395 935 661 1035 secularibus,
693 937 772 1017 nisi
799 935 877 1018 sub
905 935 1076 1044 alicujus
1090 952 1210 1017 certae
1230 965 1392 1018 summae
1411 939 1614 1048 periculo,
1641 938 1694 1023 de
1720 967 1805 1049 qua
1815 967 1909 1049 par·
2041 985 2043 991 ·

113 1071 173 1134 tes
201 1051 468 1134 convenerint
496 1047 630 1131 danda
662 1049 714 1131 ab
743 1075 793 1129 eo
821 1049 894 1159 qui
921 1047 1192 1138 succubuerit,
1222 1047 1425 1158 litigantes
1439 1077 1652 1132 causuma
1686 1048 1911 1161 proloq'vu·

112 1163 273 1247 toribus
307 1160 359 1245 ad
387 1160 635 1271 Legiferum,
663 1187 687 1239 a
714 1158 902 1269 Legifero
931 1155 1082 1241 ibidem
1108 1155 1162 1240 ad
1189 1157 1420 1268 Legiferum
1438 1161 1750 1286 'Os-Gothorum
1770 1160 1910 1245 autad
1962 1275 1966 1282 Ι
2001 1253 2005 1260 ,
2058 1245 2060 1254 ,

112 1290 295 1358 nostram
338 1272 584 1354 audientiam
631 1269 822 1352 duxerint
850 1267 1140 1351 deducendam.

283 1386 326 1465 Si
354 1385 447 1496 quis
474 1383 593 1465 etiam
621 1379 896 1490 juramentum
924 1380 1002 1462 sibi
1023 1379 1200 1462 delatum
1226 1376 1448 1465 secundum
1462 1383 1642 1492 ipsorum
1670 1385 1910 1466 sententiam

112 1494 361 1593 exhibuerit,
390 1492 504 1606 quod
533 1503 675 1603 postea
702 1493 972 1599 illegittimum
1000 1491 1124 1573 fuerit
1136 1488 1369 1600 judicatum,
1397 1493 1539 1603 jurans
1567 1524 1591 1576 a
1619 1523 1740 1604 poena
1764 1497 1815 1576 sit
1835 1497 1910 1579 im·
1956 1516 1958 1524 '

111 1608 258 1704 munis,
287 1605 357 1688 sed
386 1603 513 1715 judex
540 1631 701 1714 poenam
731 1604 871 1702 solvet,
899 1632 1023 1714 quam
1051 1602 1205 1711 jurans,
1229 1604 1267 1684 si
1294 1629 1379 1684 non
1406 1603 1627 1717 secundum
1659 1607 1786 1716 ipsius
1813 1604 1931 1689 defi-r

112 1719 310 1798 nitionem
339 1715 528 1825 jurasset,
555 1715 711 1797 solvere
738 1714 957 1814 debuisset,
999 1713 1182 1797 exhibito
1222 1713 1358 1796 denuo
1386 1742 1409 1796 a
1437 1742 1508 1798 reo
1537 1717 1581 1796 in
1609 1717 1672 1796 sui
1710 1715 1912 1814 defensio·
1952 1805 1956 1816 ,

112 1857 206 1910 nem
230 1828 429 1938 legittimo
456 1828 698 1937 juramento.
1905 1891 1916 1902 .

186 2043 188 2048 ι
281 1935 547 2021 Probibemus
574 1937 694 2018 etiam
725 1936 801 2036 sub
830 1938 940 2018 omni
968 1962 1088 2044 poena
1117 1934 1320 2044 condigna
1339 1936 1628 2020 excedentibus
1654 1938 1912 2048 imponenda,

110 2050 273 2132 nullum
302 2051 452 2133 ibidem
474 2048 566 2156 capi
593 2065 663 2128 aut
691 2049 733 2128 in
762 2060 895 2126 castro
923 2061 1064 2127 nostro
1100 2045 1273 2128 detineri
1301 2048 1355 2129 oh
1383 2075 1670 2159 quamcunque
1712 2077 1912 2150 caussam,

110 2163 163 2244 de
191 2185 278 2271 qua
306 2159 528 2244 secundum
556 2157 685 2267 legem
699 2164 840 2268 patriae
855 2161 895 2237 &
913 2146 1531 2268 consvetudinem'approbatam
1547 2163 1697 2269 poterit
1733 2189 1775 2243 se
1793 2161 1911 2245 tueri.

283 2274 481 2354 Volumus
509 2271 629 2351 etiam
656 2275 696 2349 δι
724 2268 800 2348 sub
828 2267 1000 2356 obtentu
1028 2269 1168 2377 gratiae
1187 2285 1337 2351 nostrae
1365 2268 1646 2379 prohibemus,
1675 2299 1725 2351 ne
1753 2275 1846 2382 quis
1860 2273 1914 2360 ab
2000 2347 2005 2355 ,

111 2385 258 2494 aliquo
286 2384 470 2492 navigi0,
500 2396 571 2461 aut
588 2407 674 2488 per
702 2395 853 2459 terram
882 2380 1109 2462 evectiones
1138 2379 1291 2490 aliquas
1319 2379 1470 2462 ibidem
1485 2381 1621 2488 exigat
1641 2381 1719 2462 nisi
1733 2380 1784 2465 de
1800 2411 1915 2466 man·

111 2497 211 2578 dato
244 2514 385 2578 nostro
405 2531 408 2536 ·
427 2491 608 2603 speciali,
637 2517 756 2599 poena
785 2490 1038 2571 acerbissima
1066 2517 1140 2600 per
1168 2517 1243 2570 nos
1271 2491 1636 2599 transgressoribus
1658 2491 1914 2602 imponenda.
1959 2551 1962 2560 -

224 2687 227 2694 ,
286 2607 450 2718 Siquis
479 2619 615 2684 autem
643 2599 897 2684 contenderit
940 2600 1213 2709 juramentum
1253 2598 1367 2713 quod
1408 2600 1594 2684 exhibuit
1622 2631 1665 2686 se
1693 2603 1915 2690 secundum

110 2715 366 2800 delationem
394 2733 436 2801 et
462 2713 781 2822 sententiamsui
808 2710 955 2822 judicis
983 2712 1157 2821 jurasse,
1186 2710 1414 2796 cumidem
1442 2711 1712 2822 juramentum
1733 2715 1915 2824 illegitti-
1986 2763 1991 2790 t

111 2829 262 2910 timum
297 2827 607 2938 comprobatum
642 2819 781 2921 fuerit,
821 2825 900 2907 hoc
936 2851 1009 2933 per
1051 2822 1284 2923 duodecim,
1314 2824 1387 2934 qui
1429 2822 1582 2934 placito
1606 2823 1913 2928 interfuerunt,

110 2967 248 3050 quum
277 2937 401 3046 judex
432 2937 586 3020 dictum
615 2933 887 3042 juramentum
915 2934 1072 3034 detulit,
1102 2936 1305 3045 probabit,
1333 2937 1377 3016 in
1405 2962 1490 3046 quo
1517 2937 1551 3018 si
1580 2935 1791 3034 defecerit,
1827 2941 1914 3046 ipse

111 3077 210 3134 reus
226 3049 358 3132 solvet
386 3067 559 3160 poenam·
574 3045 790 3155 illegittimi
824 3046 1054 3155 juramenti.
1083 3048 1231 3129 Datum
1259 3073 1368 3130 anno
1396 3048 1561 3130 Domini
1588 3048 1698 3130 MCC
1726 3063 1914 3157 octoage·
2023 3149 2038 3170 a

107 3162 221 3246 simo
251 3161 402 3274 primo,
432 3174 578 3278 quarto
606 3156 796 3244 kalendas
823 3160 1012 3246 tannarii.
1238 3245 1242 3252 ,
1306 3213 1311 3222 -
1474 3185 1487 3198 “

75 3421 308 3574 ,737Γ
759 3369 932 3532 Ι1282
982 3423 1031 3531 d.
1087 3465 1106 3531 1
1160 3425 1268 3562 lan.

198 3641 435 3789 sufflatae
455 3645 466 3706 r
487 3645 662 3733 Linttping
682 3611 1073 3772 canissuspensus
1094 3643 1215 3729 uyaan
1237 3645 1248 3705 r
1268 3651 1448 3707 tuumne
1464 3643 1550 3726 gunt
1570 3641 1647 3727 goa
1666 3639 1677 3708 t
1698 3645 1853 3781 oumsy
1872 3649 1915 3736 pa
1954 3669 1956 3674 ·
2044 3731 2047 3744 ,

1442 3882 1447 3894 Ι
1513 3807 1781 3889 πιθών)
1887 3839 1893 3846 -

29 4045 33 4052 ⁴
286 3945 485 4030 Omnibus
514 3947 568 4029 ad
595 3973 699 4059 quos
727 3959 942 4056 praesentes
971 3945 1116 4028 litterae
1144 3943 1406 4056 pervenerint
1433 3943 1483 4025 H.
1514 3932 1556 4025 d.'
1581 3973 1619 4053 g.
1649 3947 1914 4056 Lincopensis

109 4059 345 4171 Episcopus
373 4057 543 4140 salutem
570 4058 613 4138 in
643 4057 810 4142 domino
824 4059 1117 4166 sempiternam.
1147 4059 1341 4138 Constare
1362 4053 1548 4135 volumus
1563 4054 1785 4156 evidenter,
1794 4060 1915 4170 ‚quod

108 4173 316 4254 Dominus
342 4171 392 4251 H.
422 4169 463 4250 b.
492 4168 781 4299 m.·quondam
810 4168 1051 4279 praepositus
1071 4169 1124 4298 'in
1148 4166 1346 4263 irlandia,
1374 4162 1570 4294 praedium
1584 4166 1793 4298 quoddam
1820 4197 1917 4282 par·
2034 4191 2036 4200 ’

107 4280 374 4478 ἷὲῗέιιῗῗέ
393 4279 655 4476 latitet
678 4279 985 4490 ,lltlblj
1006 4273 1802 4501 ttttaeltlttlttrfflttttltt
1832 4283 1920 4474 li?
1956 4477 1960 4486 ,

106 4499 345 4608 sidendum.
375 4505 549 4614 Propter
581 4503 695 4616 quod
724 4503 900 4616 sigillum
928 4519 1112 4584 nostrum
1147 4498 1413 4614 praesentibus
1440 4496 1585 4580 litteris
1612 4422 1850 4610 appendil)

101 4639 225 4716 mus,
253 4614 308 4694 ob
336 4612 565 4698 firmitatem
593 4621 634 4697 &
661 4617 933 4698 testimonium
969 4615 1276 4724 praemissorum.
1320 4610 1468 4696 Datum
1504 4613 1817 4722 AnnoDomini
1835 4613 1915 4716 Μ.-

107 4725 199 4808 CC.
228 4723 434 4807 LXXXII.
462 4725 541 4809 kal.
568 4727 759 4818 ianuarii.
930 4829 981 4944 (L
1035 4834 1091 4950 S)

155 5013 188 5091 *l
208 5009 300 5079 Eller
320 5032 359 5100 el?
378 4993 561 5074 vidimation
582 5007 621 5074 a!
636 5007 717 5075 Bitk.
738 4981 822 5075 Gaas.
842 5009 853 5073 i
873 4991 1066 5097 lainlb‘plnsst
1087 5007 1150 5074 dni·
1171 4989 1313 5094 Byrrum
1330 5005 1361 5070 d‘
1381 5005 1402 5092 Β
1422 5006 1485 5074 sun
1510 5005 1601 5076 '3²3⁶'
1635 4984 1637 4992 γ
1689 5087 1712 5166 5

254 5129 303 5186 ὃν.
319 5129 445 5200 neptam·
1174 5200 1177 5206 ·
1663 5117 1685 5193 7
1754 5190 1762 5208 ι
1904 5111 1908 5121 1

1851 3411 1910 3454 ,Ἴ
2037 3421 2042 3434 ,

1837 4491 1916 4586 eciL
2049 4597 2051 4605 Ι
