4362 5946
1002 511 1061 552 -··
1174 473 1265 570 sis
1363 513 1422 553 -·-

231 777 235 788 .
318 708 426 793 dine.
454 709 496 788 8(
522 706 566 788 in
595 703 806 789 latitudine
833 720 967 788 tamen
999 709 1112 790 iuxta
1140 704 1293 790 dietum
1326 721 1525 814 stagnum.
1555 721 1754 820 quantum
1782 723 1843 790 est
1870 707 1973 819 jnter
1996 743 2079 824 pon·

254 819 257 824 ’
314 834 384 904 tes·
405 816 645 900 riuulorum.
675 831 838 898 eotenus
865 817 991 898 libere
1004 815 1236 926 possedisse.
1266 818 1521 927 presentibus
1547 815 1771 900 venerabili
1800 817 1962 904 domino
1987 826 2074 909 Lan·

320 931 461 1012 reneio
488 928 665 1012 slrarensi
693 927 887 1036 episeopo
915 934 955 1009 8(
982 929 1131 1012 dilecto
1159 928 1278 1008 nobis
1321 928 1486 1010 domino
1520 929 1687 1040 Birgero
1715 955 1864 1038 genero
1892 943 2084 1020 nostro&

316 1039 485 1122 domino
513 1057 629 1148 petro
657 1037 777 1120 Nelb.
800 1041 840 1118 8(
868 1038 954 1119 alr'i's
981 1068 1103 1152 quam
1119 1038 1305 1148 plurimis
1318 1041 1487 1122 testibus
1502 1040 1684 1148 ydoneis.
1700 1043 1953 1136 contulimus,
1969 1047 2085 1156 qrrieto

201 1187 207 1194 ·
316 1151 408 1259 jure
434 1151 480 1258 jn
507 1165 751 1260 perpetuum
784 1152 949 1258 absque·
965 1149 1195 1342 calumpnia
1223 1147 1518 1259 possidendam.
1548 1153 1600 1232 Et
1615 1151 1698 1234 hoe'
1709 1151 1933 1235 litterarum
1947 1174 2083 1239 nostra·

316 1290 409 1342 rum
437 1266 477 1341 8(
504 1260 624 1370 sigilli
651 1263 778 1342 nostri
805 1260 1026 1342 munimine
1054 1290 1102 1342 ro
1134 1287 1305 1344 oramus.
1348 1263 1607 1373 Quicumque
1635 1279 1773 1343 autem
1799 1263 1904 1345 hano
1931 1283 2087 1349 nostram

201 1445 209 1456 .
313 1371 524 1455 dationem
558 1398 810 1481 quacumque
860 1375 1069 1453 occasione
1114 1371 1327 1454 infirmare.
1357 1371 1421 1452 uel
1453 1374 1580 1453 eciam
1609 1371 1738 1454 dietas
1780 1374 1959 1456 dominns
1984 1405 2088 1488 super

207 1509 212 1516 ·
314 1484 392 1564 hae
421 1482 630 1564 molestare
658 1481 957 1591 presumpserit.
987 1483 1316 1591 judignaeionem
1344 1485 1568 1565 seueritatis
1583 1484 1715 1594 regie·
1733 1489 1773 1564 8(
1789 1487 1952 1594 insuper
1979 1491 2088 1570 omni·

315 1596 493 1703 potentis
520 1592 590 1689 dei¹
614 1592 679 1702 eui
708 1590 857 1700 inferre
885 1612 1056 1678 conatur
1090 1593 1292 1702 jniuriam.
1321 1621 1363 1674 se
1392 1595 1534 1675 merito
1562 1587 1734 1676 nouerit
1758 1597 1983 1679 incurrisse.
2023 1602 2087 1679 Da·

315 1722 403 1786 tum
431 1702 596 1814 gp'ltalie¹
609 1699 742 1810 pridie
756 1701 969 1785 Nonarum
983 1705 1229 1787 nouembris.
1273 1712 1393 1786 Anno
1417 1703 1582 1786 domini.
1614 1705 1956 1787 M·.CC⁰.XLVI·.
1986 1713 2089 1791 Anno

314 1840 414 1895 uero
441 1814 556 1923 regni
583 1816 724 1895 nostri.
753 1813 945 1895 xx1111·.
1833 1835 1838 1848 ’

334 1951 453 2037 sigillet
473 1952 522 2017 till
543 1953 596 2021 det
615 1963 712 2022 mesra
732 1954 911 2032 bertlallet3
949 1953 1047 2036 nigra
1076 1953 1142 2014 sind
1163 1953 1289 2037 styelen
1311 1951 1406 2016 derat
1422 1953 1519 2017 finnus
1539 1955 1580 2040 pd
1602 1956 1750 2020 trinnade
1769 1957 1857 2020 Irrita
1878 1958 2066 2022 linneuddur.

317 2317 448 2446 340.
1106 2313 1292 2463 (ἐάγ.
1419 2422 1424 2437 ,
1524 2389 1527 2400 ·
1667 2409 1672 2419 .
1792 2317 2087 2468 Linkoping.

235 2521 250 2528 ““
394 2523 474 2602 ani.
495 2537 577 2602 nm
599 2537 638 2600 ns
657 2537 669 2598 s
689 2537 789 2601 rsus
811 2539 864 2620 ng
885 2520 1097 2606 sumnila
1118 2537 1261 2604 runnu
1282 2539 1321 2600 ar
1348 2537 1534 2620 augmen
1577 2537 1699 2602 sones
1732 2538 1780 2600 sn
1808 2537 1977 2602 neaeman
1998 2541 2044 2602 ra
2060 2561 2089 2602 a

445 2619 708 2691 mussitaret
729 2621 766 2684 Li
811 2623 913 2707 iiping.
1816 2703 1883 2760 Η
1931 2706 1947 2762 ³

1841 2741 1848 2756 .
1885 2718 1975 2777 ²¹7·

475 2836 684 2920 Uniuersis
712 2835 1040 2921 christifidelibus
1068 2853 1151 2918 tam
1180 2838 1353 2946 posteris
1381 2863 1504 2946 quam
1532 2835 1735 2920 modernis
1762 2857 1972 2948 presentes
1999 2840 2090 2918 litte·

311 2979 378 3036 ras
406 2949 657 3058 inspecturis.
688 2947 733 3028 L.
762 2947 828 3030 dei
852 2951 984 3057 gratia
1020 2949 1234 3059 episeopus
1277 2947 1521 3056 lincopensis
1555 2950 1724 3030 salutem
1753 2953 1873 3030 ineo
1902 2951 1977 3062 qui
2000 2949 2089 3029 salus

310 3076 372 3144 est
398 3059 577 3140 fidelium
604 3064 644 3140 8(
672 3056 906 3169 redemptor
934 3060 1016 3143 Vbi
1045 3059 1174 3141 fidelis
1204 3062 1243 3137 8(
1273 3058 1422 3139 deuota
1451 3059 1554 3154 oolle
1583 3062 1756 3141 iato‘rum
1791 3062 1904 3169 riget
1934 3060 2090 3170 plenitas

203 3211 210 3226 ·
307 3168 461 3280 jbidem
488 3170 823 3254 monasteriorum
851 3173 1019 3281 negocia
1047 3169 1320 3280 expediuntur
1364 3167 1519 3250 facilius
1533 3089 1645 3251 dum
1685 3172 1834 3281 singuli
1861 3170 1916 3252 ad
1948 3169 2089 3279 singula

310 3298 535 3392 properant
562 3281 811 3390 peragenda,
838 3284 879 3361 8(
907 3281 1129 3363 eorundem
1156 3281 1292 3360 vooali-
1317 3280 1534 3361 eoncordia
1554 3300 1769 3363 resonante
1796 3284 1839 3362 in
1868 3280 2018 3361 horum
2031 3277 2089 3360 de·

260 3392 269 3473 s
308 3393 406 3476 bitis
435 3389 584 3474 diuinis
613 3389 757 3474 officiis
784 3392 1063 3503 persoluendis
1091 3388 1270 3473 fidelium
1298 3389 1500 3471 assultans
1527 3392 1699 3474 deuocio
1734 3392 1936 3474 excitatur
1970 3399 2010 3475 8(
2035 3393 2090 3470 'ca-

308 3505 417 3607 ritas'
433 3501 693 3612 preualescit‚
726 3503 1003 3604 Quamobrem
1024 3503 1210 3586 dominus
1226 3499 1463 3586 benedictus
1492 3500 1736 3610 lincopensis
1766 3504 1903 3612 episeo
1937 3529 1984 3583 us
1997 3499 2089 3582 bona

306 3615 499 3698 memorie
527 3639 738 3692 numerum
766 3615 1051 3698 canonicorum
1087 3613 1277 3722 lyneopie
1306 3615 1459 3720 augere'
1481 3614 1667 3721 cupiens,
1683 3614 1893 3696 dominum
1904 3530 2096 3692 lrarolum'

307 3723 460 3836 Jbidem
488 3724 724 3804 sanonicum
751 3722 928 3830 justituit
955 3744 995 3807 et
1022 3723 1154 3806 eidem
1181 3736 1312 3808 certos
1342 3720 1522 3806 redditus
1559 3725 1793 3833 assignauit,
1821 3751 1927 3835 quos
1957 3740 2086 3804 tenues

309 3851 349 3918 et
376 3833 499 3918 exiles
527 3833 735 3914 meliorare
763 3853 1043 3944 proposuerat.
1070 3833 1139 3920 sed
1168 3850 1390 3942 preuentus
1418 3850 1547 3916 morte
1574 3838 1641 3942 pie
1672 3836 1816 3915 mentis
1844 3836 2088 3944 propositum

308 3975 394 4028 non
419 3943 640 4054 compleuit
668 3945 793 4054 igitur
820 3975 911 4026 cum
938 3948 989 4027 sit
1016 3947 1129 4055 pium
1159 3951 1198 4024 8(
1226 3945 1417 4025 canonice
1444 3970 1664 4024 consonum
1693 3945 1851 4053 racionj
1887 3943 2088 4052 modisque

310 4056 450 4142 deeeat
478 4053 665 4142 omnibus
694 4083 963 4142 successorem
999 4069 1217 4137 extremam
1246 4055 1310 4164 suj
1346 4057 1607 4140 antecessoris
1649 4057 1899 4137 voluntatem
1930 4050 2088 4158 affectuj

310 4167 452 4251 debito
480 4166 609 4250 manci
629 4194 708 4254 ,are
738 4195 787 4248 ne
814 4167 1021 4278 dignitatis
1034 4165 1199 4248 vilescat
1213 4166 1440 4263 auotoritas,
1453 4167 1524 4252 vbi
1538 4181 1721 4276 sumptus
1736 4164 1927 4275 dignitati
1944 4191 2083 4262 conue-

169 4267 174 4284 ’
277 4261 542 4360 'nirensnon
556 4195 784 4376 habundat,
800 4307 874 4362 nos
903 4279 1097 4366 decimam
1126 4276 1176 4358 de
1203 4273 1486 4384 haeghrastadh
1521 4268 1601 4388 que
1634 4277 1829 4358 hactenus
1862 4275 1921 4386 ad
1946 4278 2088 4386 episeo

310 4415 411 4498 pum
492 4391 964 4486 rtinuerat‚1nemoratis
999 4387 1228 4472 redditibus
1269 4386 1524 4496 adiungimus
1562 4385 1750 4474 ammodo
1778 4387 1823 4496 jn
1852 4403 2088 4498 perpetuum
2149 4418 2155 4432 ·

218 4503 248 4526 '
309 4503 429 4608 possi,
448 4500 593 4582 endam
607 4499 668 4584 Ne
681 4515 816 4580 autem
830 4502 1140 4611 malignancium
1154 4495 1299 4606 jnsidie
1313 4496 1418 4582 hane
1438 4498 1700 4584 collusionem
1728 4513 1906 4584 nostram
1938 4497 2088 4606 valeant

309 4609 557 4718 aliquatinus
583 4611 763 4719 jrritare,
792 4629 995 4720 presentes
1018 4609 1171 4696 litteras
1199 4607 1319 4716 sigilli
1347 4611 1475 4690 nostri
1490 4612 1710 4717 munimine
1724 4607 1892 4718 dignum
1909 4607 2088 4689 duximus

307 4719 570 4805 roborandas.
599 4747 684 4830 quo
698 4719 898 4804 mediante
912 4719 1026 4836 quod
1043 4747 1116 4829 per
1130 4746 1205 4805 nos
1219 4733 1352 4804 aetum
1367 4734 1426 4802 est
1441 4720 1483 4798 in
1497 4735 1704 4828 posterum
1749 4720 1878 4803 lenam
1911 4719 2087 4800 obtineat

308 4830 535 4914 firmitatem
562 4829 693 4911 Huius
720 4831 815 4913 lacti
842 4847 961 4913 testes
988 4850 1083 4914 sunt
1110 4829 1311 4912 dominus
1325 4857 1495 4940 magnus
1522 4832 1683 4940 osgoeie
1712 4747 1865 4940 ldgiler.
1905 4827 2085 4909 dominus

307 4938 575 5054 jngemundus
593 4941 779 5052 lincopia
806 4943 1046 5054 prepositus.
1063 4947 1102 5022 8(
1129 4940 1306 5023 eiusdem
1325 4941 1500 5024 ciuitatis
1515 4943 1700 5028 canonici
1713 4944 1902 5051 magister
1924 4937 2087 5020 mathias

208 5147 213 5159 ⁸
307 5051 546 5139 &dominus
562 5050 922 5178 johannesDatum
936 5053 1125 5164 lyneopie
1140 5079 1248 5135 anno
1256 5049 1455 5137 dominice
1469 5055 1763 5140 incarnacionis
1777 5047 2085 5136 M’CC0XLVll.
