4370 5950
808 459 877 490 m
988 416 1060 520 ¹:57
1172 458 1233 494 ιιι

119 625 276 730 cionem
304 632 367 716 Eu
395 648 517 739 parte}
538 628 736 738 karissimi
762 605 805 710 in
833 633 992 717 christo.
1011 631 1084 738 filij
1112 633 1249 716 nostri·
1269 629 1460 720 swerlieri
1473 631 1660 724 illustris¹
1676 630 1781 736 rogis
1801 655 1912 726 swer-
2049 609 2055 620 ¹

120 742 180 822 cie
207 740 328 820 nobis
355 759 415 822 est
442 743 608 832 auribus
636 742 1006 852 intimatumquod
1034 761 1125 821 cum
1154 743 1190 820 le
1219 741 1407 823 islatores.
1429 744 1544 850 regni
1559 744 1671 836 *eius
1686 741 1914 836 annis-sin,-
2005 840 2011 860 „
2090 783 2163 808 ,-

117 851 224 960 gulis
252 868 472 940 teneantur,
496 879 634 938 coram
659 852 813 960 populo
847 854 979 961 legem¹
989 771 1294 944 consuetudinis
1307 850 1513 960 publicare
1529 868 1711 954 asserunt
1726 852 1832 948 iuter
1847 854 1910 957 ip*

118 991 184 1043 sas
213 960 527 1044 consuetudines
555 963 853 1046 obseruandum
882 962 996 1074 quod
1010 991 1128 1044 nemo
1150 964 1193 1042 in
1216 963 1405 1042 extremis
1421 961 1576 1071 aliquid
1589 962 1667 1043 deo
1681 980 1722 1044 et
1736 961 1913 1043 ecclesiis

118 1071 171 1154 dc
200 1073 320 1154 bonis
348 1072 638 1182 temporalibus
665 1075 747 1154 suis
775 1077 850 1155 nisi
879 1075 1132 1182 presentibus
1161 1090 1201 1154 et
1229 1073 1578 1154 consencientibus
1593 1071 1808 1152 heredibus
1836 1099 1912 1180 po·

118 1200 305 1264 testatem
327 1183 490 1295 ,babeat
524 1183 769 1265 conferendi.
842 1186 993 1282 D'cunt
1029 1185 1153 1264 eciam
1198 1183 1309 1294 quod
1353 1182 1488 1264 clerici
1530 1181 1582 1262 ad
1618 1182 1776 1263 forense
1805 1180 1911 1290 iudi·
1946 1193 1949 1206 '

121 1283 229 1376 cium
262 1309 366 1376 'sunt
400 1293 574 1375 vocandi
609 1311 649 1374 et
678 1295 735 1376 ibi
764 1217 913 1376 debirit
942 1295 1009 1376 de'
1021 1297 1149 1375 causis
1166 1295 1354 1403 'pf’opriis
1387 1293 1557 1400 iudicari
1587 1293 1647 1373 Ne
1676 1294 1800 1400 igitur
1836 1289 1908 1372 ab·

120 1407 352 1488 hominacio
395 1405 494 1513 legis
536 1402 767 1521 huiusmodj
802 1408 887 1486 siue
922 1399 1175 1487 consuetudo
1205 1431 1395 1515 peruersa
1423 1403 1632 1485 subuertat
1658 1401 1841 1510 homines
1868 1419 1910 1486 et

118 1515 287 1620 se‘ducat
315 1515 560 1611 fraternitati
588 1525 717 1598 uestro
746 1546 819 1624 per
846 1517 1068 1626 apostolica
1096 1519 1245 1625 scripta
1276 1511 1510 1596 mandamus
1525 1513 1648 1624 atquc
1663 1513 1908 1622 precipimus
1960 1599 1966 1616 ,

119 1627 312 1736 quatinus
340 1629 579 1708 auctoritate
607 1646 744 1709 nostra
771 1627 1004 1710 hominibus
1033 1629 1159 1735 ipsius
1188 1645 1294 1708 terre
1327 1624 1498 1734 publice·
1519 1625 1777 1708 denunciare.
1792 1651 1909 1704 cure·

119 1739 171 1818 tis
215 1735 327 1847 quod
371 1759 511 1818 ornnes·
544 1738 720 1820 habeant
755 1739 924 1822 liberam
959 1739 1192 1820 facultatem
1227 1737 1278 1819 de
1306 1737 1424 1817 bonis
1451 1739 1533 1816 suis
1562 1763 1652 1826 cum
1680 1738 1835 1844 egerint
1864 1737 1908 1821 iu

9 1917 24 1938 .
119 1848 308 1928 extremis
337 1849 511 1930 ecclesiis
540 1864 662 1958 atque
692 1850 939 1955 pauperibus
968 1877 1038 1929 seu
1068 1847 1153 1929 aliis
1183 1843 1332 1930 intuitu
1365 1849 1525 1955 pietatis
1555 1845 1749 1926 beneficia
1768 1844 1907 1926 eonfe-

118 1957 255 2054 rendi‚
285 1959 461 2039 Clericos
490 1980 653 2068 quoque
669 1985 803 2068 super
832 1943 1106 2042 ecclesiasticis
1133 1961 1255 2040 rebus
1283 1957 1390 2037 trahi
1413 1955 1467 2038 ad
1495 1956 1673 2052 seculare
1702 1985 1787 2038 non
1801 1958 1908 2036 sina·

119 2069 173 2148 tis
208 2096 285 2148 nec
319 2097 387 2150 eos
420 2070 557 2150 subire
585 2065 777 2150 iudicium
807 2071 993 2151 seculare.
1053 2071 1382 2152 Contradictorcs
1411 2095 1484 2176 per
1512 2089 1722 2149 censuram
1749 2065 1910 2149 ecclesi·

119 2179 281 2259 asticam
312 2180 588 2289 appellacione
607 2181 839 2287 'postposita
866 2179 1162 2290 compescentes
1192 2182 1340 2261 Datum
1368 2207 1480 2262 rome
1511 2179 1621 2291 ap'ud
1641 2195 1824 2262 sanctum
1838 2203 1911 2286 pe·

15 2311 18 2318 ’
119 2306 230 2370 trum
258 2290 355 2370 Vl:o
384 2289 477 2371 idus
503 2289 642 2410 marcij
672 2291 941 2400 pontificatus
962 2291 1090 2382 nostri
1119 2320 1226 2371 anno
1254 2291 1362 2386 ΙΧτσ.
1494 2317 1531 2329 ·’
1597 2302 1600 2322 “
1644 2305 1647 2314 ’
1705 2307 1710 2327 “’

129 2679 257 2785 132.
759 2651 903 2848 rnop
954 2683 1000 2845 d.
1058 2726 1123 2829 ¹9
1171 2682 1285 2789 Oct.
1543 2630 1908 2791 Tusculanum,
1977 2761 1986 2792 t

201 2900 294 2964 Parv.
317 2865 519 2989 Ιιώοξιιιιτιιῐε1
536 2869 605 2964 ntis
627 2901 706 2966 Srer
726 2903 781 2992 till¹
798 2899 1047 2990 irie-Biskopen
1069 2909 1080 2968 i
1098 2906 1199 2982 Lund,
1223 2853 1356 2968 rdranile
1379 2876 1590 2970 fdrbdllandct
1609 2905 1681 2970 med
1701 2883 1750 2988 seu
1782 2884 1906 2988 andelig

272 3003 400 3068 person,
420 3006 485 3048 som
502 2981 614 3079 'genum
637 2982 970 3100 h0st¹59lP⁵⁸¹f¹¹df¹l
992 2992 1037 3050 sin
1063 2989 1244 3053 befordran.
1698 2994 1702 3006 '

701 3143 706 3186 Ι
1160 3092 1163 3105 ’
1275 3101 1311 3155 K.
1329 3120 1364 3154 m.
1384 3118 1408 3155 a·
1427 3104 1468 3172 84.
1508 3102 1562 3156 An.
1588 3083 1773 3172 ro.Ep.146·
1828 3163 1833 3172 ,

741 3240 944 3320 tenderat
974 3239 1284 3352 Arclu'episeopo.
1330 3327 1333 3334 ,

114 3407 119 3414 ·
183 3385 193 3400 ”
212 3389 218 3396 “
286 3380 363 3458 Per
391 3393 480 3458 tuas
508 3378 626 3459 nobis
655 3378 808 3460 litteras
826 3382 1021 3461 intimasti
1037 3375 1149 3488 quod
1163 3397 1346 3492 tempore
1362 3381 1467 3462 bone
1482 3387 1672 3463 memorie
1687 3381 1910 3491 praedeeesae

110 3490 220 3571 soris
249 3489 311 3569 'tui
340 3490 518 3568 Clericus
547 3488 710 3598 quidam
734 3490 903 3580 consilio
920 3490 1136 3598 cujusdam·
1145 3489 1380 3588 sacerdotis,
1394 3517 1517 3602 quem
1532 3491 1767 3575 familiarem
1782 3493 1923 3593 habe-r*

109 3599 209 3696 bat,
225 3614 273 3678 ut
288 3597 338 3679 ad
354 3624 486 3679 sacros
504 3597 666 3682 ordines
681 3603 799 3682 minis
814 3602 1054 3696 acceleraret
1069 3599 1278 3697 inductus,
1294 3629 1384 3682 curn
1401 3619 1503 3685 esset
1516 3601 1729 3711 Acolytus‚
1744 3604 1908 3686 subdia·-

109 3729 287 3791 conatus
316 3709 457 3791 ordine
485 3715 771 3816 praetermisso,
802 3731 1122 3821 praesumptuose
1148 3738 1189 3792 se
1219 3711 1318 3794 fecit
1344 3715 1385 3792 in
1413 3715 1640 3796 Diaconum
1663 3718 1904 3824 promotor-b

141 3823 188 3900 ui
220 3817 479 3928 postmodum
507 3824 744 3928 poenitentia
774 3820 919 3904 ductus
948 3823 1140 3904 delictum
1176 3847 1293 3904 suurn
1329 3825 1487 3905 cuidam
1521 3829 1763 3933 Presbytero
1791 3845 1905 3934 pate·

107 3850 235 4032 fecit3
265 3957 402 4038 aquo
428 3929 505 4009 fuit
534 3929 663 4012 eidem
691 3933 918 4040 injunctum
945 3951 991 4017 ut
1008 3937 1061 4014 ‘in
1090 3934 1227 4044 aliquo
1255 3939 1496 4016 monasterio
1524 3937 1602 4017 sub
1630 3938 1806 4046 regulari
1834 3938 1905 4016 ha
1953 3997 1960 4014 .

105 4042 206 4123 bitu
238 4043 412 4121 Domino
439 4044 702 4142 ministrarem
740 4046 810 4126 ubi
845 4073 937 4140 cum
981 4073 1053 4152 per
1095 4073 1220 4125 annos
1249 4046 1403 4156 aliquot
1444 4051 1740 4156 permansisset,
1780 4073 1903 4154 super

105 4152 313 4262 praedicto
343 4175 508 4231 excessu
536 4154 740 4261 quendam
769 4153 888 4233 duxit
912 4157 1163 4264 ilipiscopurn
1179 4158 1337 4238 ‘iterum
1365 4158 1672 4255 consulendum,
1701 4159 1772 4266 qui
1801 4157 1905 4238 nibil·
2008 4205 2018 4228 x

104 4263 248 4345 eidem
277 4261 493 4370 injungens
522 4245 713 4346 delictum
743 4264 1060 4372 hujusmodituo
1076 4264 1229 4373 judicio
1244 4270 1473 4346 reservavit.
1502 4269 1567 4347 Tu
1582 4295 1680 4348 vcro
1701 4269 1778 4376 ipsi
1794 4287 1904 4375 post-

102 4372 284 4456 modum
311 4373 523 4479 injunxisti
552 4402 604 4455 ne
632 4377 676 4454 in
704 4374 940 4456 diaconatus
968 4375 1118 4458 officio*
1134 4376 1384 4484 ministraret
1406 4375 1534 4458 donec
1550 4379 1650 4490 quid
1678 4405 1800 4488 super
1828 4379 1905 4460 hoc

102 4501 222 4566 esset
250 4482 450 4592 agendum
478 4504 626 4565 nostrae
654 4489 891 4595 suscepisset
920 4487 1232 4596 beneplacitum¹
1257 4488 1490 4586 voluntatis,
1520 4487 1732 4598 ipsumque
1761 4491 1905 4571 iterum
1976 4505 1980 4517 '

11 4655 16 4664 .
102 4599 151 4683 in
169 4595 257 4676 alio
287 4597 527 4676 monasterio
557 4596 759 4678 collocans
787 4598 905 4687 nobis
933 4599 1137 4680 humiliter
1165 4599 1399 4707 supplicasti
1426 4619 1472 4681 ut
1486 4627 1586 4680 cum
1603 4627 1653 4682 eo
1682 4599 1906 4682 misericor·-
2028 4670 2032 4684 .

102 4707 224 4790 diter
253 4732 370 4813 agere
399 4704 667 4814 dignaremur.
697 4709 782 4789 Nos
814 4709 938 4815 igitur
967 4709 1018 4791 de
1046 4729 1115 4791 tua
1145 4707 1385 4792 discretione
1406 4711 1590 4818 gerentes
1619 4709 1804 4793 fiduciam
1819 4713 1906 4820 ple·

100 4819 275 4901 niorem
307 4815 333 4898 f.
363 4833 392 4896 t.
421 4845 459 4925 p.
491 4821 538 4899 A.
569 4847 622 4901 sc.
652 4847 703 4901 m.
733 4835 933 4946 qnatenus
961 4823 996 4901 si
1023 4820 1119 4902 alias
1148 4823 1315 4933 propria
1342 4821 1419 4902 sibi
1447 4822 1587 4902 merita
1616 4822 1904 4952 suffragantur,¹
1935 4917 1946 4934 ,
1983 4916 1986 4925 ¹
