<?xml version="1.0" encoding="UTF-8"?>
<!DOCTYPE html PUBLIC "-//W3C//DTD XHTML 1.0 Transitional//EN"
    "http://www.w3.org/TR/xhtml1/DTD/xhtml1-transitional.dtd">
<html xmlns="http://www.w3.org/1999/xhtml" xml:lang="en" lang="en">
 <head>
  <title>
</title>
<meta http-equiv="Content-Type" content="text/html;charset=utf-8" />
  <meta name='ocr-system' content='tesseract 3.04.00' />
  <meta name='ocr-capabilities' content='ocr_page ocr_carea ocr_par ocr_line ocrx_word'/>
</head>
<body>
  <div class='ocr_page' id='page_1' title='image "./svensktdiplomat00swegoog_0296.png"; bbox 0 0 4368 5950; ppageno 0'>
   <div class='ocr_carea' id='block_1_1' title="bbox 793 389 1381 561">
    <p class='ocr_par' dir='ltr' id='par_1_1' title="bbox 793 389 1381 561">
     <span class='ocr_line' id='line_1_1' title="bbox 793 389 1381 561; baseline -0.005 -39"><span class='ocrx_word' id='word_1_1' title='bbox 793 541 796 552; x_wconf 23' lang='lat'><strong>⁴</strong></span> <span class='ocrx_word' id='word_1_2' title='bbox 930 441 1011 506; x_wconf 82' lang='lat'><strong>&#39;-·</strong></span> <span class='ocrx_word' id='word_1_3' title='bbox 1121 436 1200 522; x_wconf 80' lang='grc'><strong>,252</strong></span> <span class='ocrx_word' id='word_1_4' title='bbox 1299 389 1381 561; x_wconf 60' lang='grc' dir='ltr'><strong>ι-ι-ἱ</strong></span> 
     </span>
    </p>
   </div>
   <div class='ocr_carea' id='block_1_2' title="bbox 275 595 2038 832">
    <p class='ocr_par' dir='ltr' id='par_1_2' title="bbox 275 595 2038 832">
     <span class='ocr_line' id='line_1_2' title="bbox 275 595 2038 832; baseline -0.005 -48"><span class='ocrx_word' id='word_1_5' title='bbox 275 692 405 818; x_wconf 67' lang='grc'><strong>247.</strong></span> <span class='ocrx_word' id='word_1_6' title='bbox 454 689 500 780; x_wconf 72' lang='grc' dir='ltr'>ᾗ</span> <span class='ocrx_word' id='word_1_7' title='bbox 789 665 793 672; x_wconf 62' lang='grc'>’</span> <span class='ocrx_word' id='word_1_8' title='bbox 910 667 1142 816; x_wconf 81' lang='lat' dir='ltr'><strong>1229d</strong></span> <span class='ocrx_word' id='word_1_9' title='bbox 1203 595 1432 775; x_wconf 66' lang='lat' dir='ltr'><strong>oblau.</strong></span> <span class='ocrx_word' id='word_1_10' title='bbox 1829 670 2038 832; x_wconf 81' lang='lat' dir='ltr'><strong>Perugic.</strong></span> 
     </span>
    </p>
   </div>
   <div class='ocr_carea' id='block_1_3' title="bbox 266 843 2041 1138">
    <p class='ocr_par' dir='ltr' id='par_1_3' title="bbox 266 843 2041 1138">
     <span class='ocr_line' id='line_1_3' title="bbox 266 843 2041 976; baseline -0.003 -17"><span class='ocrx_word' id='word_1_11' title='bbox 266 916 268 920; x_wconf 90' lang='lat'>·</span> <span class='ocrx_word' id='word_1_12' title='bbox 350 889 444 959; x_wconf 78' lang='lat' dir='ltr'><strong>Pttv.</strong></span> <span class='ocrx_word' id='word_1_13' title='bbox 464 889 646 954; x_wconf 71' lang='lat' dir='ltr'><strong>Genuum·</strong></span> <span class='ocrx_word' id='word_1_14' title='bbox 661 889 737 953; x_wconf 77' lang='lat' dir='ltr'><strong>txn</strong></span> <span class='ocrx_word' id='word_1_15' title='bbox 756 887 869 953; x_wconf 79' lang='lat' dir='ltr'><strong>fribett</strong></span> <span class='ocrx_word' id='word_1_16' title='bbox 887 888 963 952; x_wconf 85' lang='lat' dir='ltr'><strong>bref</strong></span> <span class='ocrx_word' id='word_1_17' title='bbox 979 891 1032 955; x_wconf 87' lang='lat' dir='ltr'><strong>till</strong></span> <span class='ocrx_word' id='word_1_18' title='bbox 1052 861 1413 956; x_wconf 58' lang='lat' dir='ltr'><strong>Predikmemunkerm</strong></span> <span class='ocrx_word' id='word_1_19' title='bbox 1434 893 1445 955; x_wconf 93' lang='lat' dir='ltr'><strong>i</strong></span> <span class='ocrx_word' id='word_1_20' title='bbox 1467 890 1610 957; x_wconf 78' lang='lat' dir='ltr'><strong>cbeeude</strong></span> <span class='ocrx_word' id='word_1_21' title='bbox 1631 889 1671 976; x_wconf 70' lang='lat' dir='ltr'><strong>pb</strong></span> <span class='ocrx_word' id='word_1_22' title='bbox 1692 887 1733 954; x_wconf 84' lang='lat' dir='ltr'><strong>de</strong></span> <span class='ocrx_word' id='word_1_23' title='bbox 1753 888 1824 954; x_wconf 74' lang='lat' dir='ltr'><strong>ets</strong></span> <span class='ocrx_word' id='word_1_24' title='bbox 1852 887 1933 954; x_wconf 79' lang='lat' dir='ltr'><strong>Ptfl.</strong></span> <span class='ocrx_word' id='word_1_25' title='bbox 1952 843 2041 955; x_wconf 72' lang='lat' dir='ltr'><strong>sule</strong></span> 
     </span>
     <span class='ocr_line' id='line_1_4' title="bbox 299 971 1639 1058; baseline -0.01 -19"><span class='ocrx_word' id='word_1_26' title='bbox 299 1011 302 1020; x_wconf 89' lang='lat'>·</span> <span class='ocrx_word' id='word_1_27' title='bbox 401 972 557 1058; x_wconf 69' lang='lat' dir='ltr'><strong>utgbende</strong></span> <span class='ocrx_word' id='word_1_28' title='bbox 577 971 797 1054; x_wconf 70' lang='lat' dir='ltr'><strong>bescllningar.</strong></span> <span class='ocrx_word' id='word_1_29' title='bbox 843 1007 846 1014; x_wconf 91' lang='lat'>·</span> <span class='ocrx_word' id='word_1_30' title='bbox 1635 1003 1639 1010; x_wconf 91' lang='lat'>·</span> 
     </span>
     <span class='ocr_line' id='line_1_5' title="bbox 1732 1083 1927 1138; baseline 0 0"><span class='ocrx_word' id='word_1_31' title='bbox 1732 1084 1768 1138; x_wconf 76' lang='lat' dir='ltr'><strong>A.</strong></span> <span class='ocrx_word' id='word_1_32' title='bbox 1790 1101 1814 1138; x_wconf 85' lang='grc' dir='ltr'><strong>ι.</strong></span> <span class='ocrx_word' id='word_1_33' title='bbox 1836 1083 1864 1138; x_wconf 85' lang='lat' dir='ltr'><strong>d.</strong></span> <span class='ocrx_word' id='word_1_34' title='bbox 1885 1083 1927 1136; x_wconf 81' lang='lat'><strong>15.</strong></span> 
     </span>
    </p>
   </div>
   <div class='ocr_carea' id='block_1_4' title="bbox 66 1217 2046 2214">
    <p class='ocr_par' dir='ltr' id='par_1_4' title="bbox 66 1217 2045 1658">
     <span class='ocr_line' id='line_1_6' title="bbox 387 1217 2041 1331; baseline -0.003 -29"><span class='ocrx_word' id='word_1_35' title='bbox 387 1281 392 1290; x_wconf 81' lang='grc'><strong>.</strong></span> <span class='ocrx_word' id='word_1_36' title='bbox 434 1223 669 1302; x_wconf 79' lang='lat' dir='ltr'><strong>Gnsoontos</strong></span> <span class='ocrx_word' id='word_1_37' title='bbox 697 1220 911 1331; x_wconf 90' lang='lat' dir='ltr'><strong>episcopus</strong></span> <span class='ocrx_word' id='word_1_38' title='bbox 939 1248 1079 1303; x_wconf 85' lang='lat' dir='ltr'><strong>seruus</strong></span> <span class='ocrx_word' id='word_1_39' title='bbox 1112 1250 1324 1305; x_wconf 89' lang='lat' dir='ltr'><strong>seruorum</strong></span> <span class='ocrx_word' id='word_1_40' title='bbox 1351 1222 1430 1331; x_wconf 88' lang='lat' dir='ltr'><strong>dej.</strong></span> <span class='ocrx_word' id='word_1_41' title='bbox 1468 1220 1632 1320; x_wconf 89' lang='lat' dir='ltr'><strong>Dilectis</strong></span> <span class='ocrx_word' id='word_1_42' title='bbox 1666 1217 1757 1300; x_wconf 89' lang='lat' dir='ltr'><strong>liliis</strong></span> <span class='ocrx_word' id='word_1_43' title='bbox 1785 1277 1796 1300; x_wconf 88' lang='lat'><strong>.</strong></span> <span class='ocrx_word' id='word_1_44' title='bbox 1825 1278 1835 1297; x_wconf 90' lang='lat'><strong>.</strong></span> <span class='ocrx_word' id='word_1_45' title='bbox 1865 1217 2041 1326; x_wconf 85' lang='lat' dir='ltr'><strong>Magistro</strong></span> 
     </span>
     <span class='ocr_line' id='line_1_7' title="bbox 267 1327 2041 1444; baseline -0.005 -28"><span class='ocrx_word' id='word_1_46' title='bbox 267 1349 309 1416; x_wconf 76' lang='lat' dir='ltr'><strong>st</strong></span> <span class='ocrx_word' id='word_1_47' title='bbox 333 1331 531 1414; x_wconf 81' lang='lat' dir='ltr'><strong>fratribus</strong></span> <span class='ocrx_word' id='word_1_48' title='bbox 563 1328 730 1411; x_wconf 81' lang='lat' dir='ltr'><strong>Ordinis</strong></span> <span class='ocrx_word' id='word_1_49' title='bbox 758 1333 1078 1444; x_wconf 83' lang='lat' dir='ltr'><strong>Prodicatorum‚</strong></span> <span class='ocrx_word' id='word_1_50' title='bbox 1127 1333 1305 1433; x_wconf 81' lang='lat' dir='ltr'><strong>Salutem</strong></span> <span class='ocrx_word' id='word_1_51' title='bbox 1342 1353 1382 1415; x_wconf 93' lang='lat' dir='ltr'><strong>et</strong></span> <span class='ocrx_word' id='word_1_52' title='bbox 1416 1331 1678 1441; x_wconf 84' lang='lat' dir='ltr'><strong>apostolicam</strong></span> <span class='ocrx_word' id='word_1_53' title='bbox 1723 1327 2041 1410; x_wconf 84' lang='lat' dir='ltr'><strong>benedictionem.</strong></span> 
     </span>
     <span class='ocr_line' id='line_1_8' title="bbox 267 1438 2045 1551; baseline -0.003 -25"><span class='ocrx_word' id='word_1_54' title='bbox 267 1444 410 1550; x_wconf 79' lang='lat' dir='ltr'><strong>Quieti</strong></span> <span class='ocrx_word' id='word_1_55' title='bbox 424 1461 569 1525; x_wconf 87' lang='lat' dir='ltr'><strong>uestre</strong></span> <span class='ocrx_word' id='word_1_56' title='bbox 603 1440 821 1550; x_wconf 91' lang='lat' dir='ltr'><strong>prouidere</strong></span> <span class='ocrx_word' id='word_1_57' title='bbox 854 1442 1047 1540; x_wconf 86' lang='lat' dir='ltr'><strong>uolentes,</strong></span> <span class='ocrx_word' id='word_1_58' title='bbox 1090 1449 1326 1528; x_wconf 87' lang='lat' dir='ltr'><strong>auctoritate</strong></span> <span class='ocrx_word' id='word_1_59' title='bbox 1370 1445 1487 1526; x_wconf 90' lang='lat' dir='ltr'><strong>uobis</strong></span> <span class='ocrx_word' id='word_1_60' title='bbox 1516 1441 1763 1551; x_wconf 87' lang='lat' dir='ltr'><strong>presentium</strong></span> <span class='ocrx_word' id='word_1_61' title='bbox 1790 1438 2045 1546; x_wconf 81' lang='lat' dir='ltr'><strong>indulgemus</strong></span> 
     </span>
     <span class='ocr_line' id='line_1_9' title="bbox 66 1549 2045 1658; baseline -0.003 -21"><span class='ocrx_word' id='word_1_62' title='bbox 66 1615 70 1625; x_wconf 37' lang='grc' dir='ltr'>ι</span> <span class='ocrx_word' id='word_1_63' title='bbox 125 1581 128 1594; x_wconf 82' lang='grc'><em>·</em></span> <span class='ocrx_word' id='word_1_64' title='bbox 266 1571 314 1637; x_wconf 88' lang='lat' dir='ltr'><strong>ut</strong></span> <span class='ocrx_word' id='word_1_65' title='bbox 342 1555 619 1637; x_wconf 88' lang='lat' dir='ltr'><strong>commisiones</strong></span> <span class='ocrx_word' id='word_1_66' title='bbox 647 1579 859 1635; x_wconf 82' lang='lat' dir='ltr'><strong>causarum</strong></span> <span class='ocrx_word' id='word_1_67' title='bbox 887 1555 952 1635; x_wconf 91' lang='lat' dir='ltr'><strong>uel</strong></span> <span class='ocrx_word' id='word_1_68' title='bbox 994 1557 1283 1638; x_wconf 85' lang='lat' dir='ltr'><strong>sententiarum</strong></span> <span class='ocrx_word' id='word_1_69' title='bbox 1325 1583 1375 1637; x_wconf 83' lang='lat' dir='ltr'><strong>ex</strong></span> <span class='ocrx_word' id='word_1_70' title='bbox 1459 1554 1614 1634; x_wconf 87' lang='lat' dir='ltr'><strong>utiones</strong></span> <span class='ocrx_word' id='word_1_71' title='bbox 1650 1550 1796 1634; x_wconf 84' lang='lat' dir='ltr'><strong>asede</strong></span> <span class='ocrx_word' id='word_1_72' title='bbox 1838 1549 2045 1658; x_wconf 82' lang='lat' dir='ltr'><strong>apostolice</strong></span> 
     </span>
    </p>

    <p class='ocr_par' dir='ltr' id='par_1_5' title="bbox 119 1583 2046 2214">
     <span class='ocr_line' id='line_1_10' title="bbox 119 1583 2045 1775; baseline -0.003 -29"><span class='ocrx_word' id='word_1_73' title='bbox 119 1659 122 1674; x_wconf 78' lang='grc'><strong>’</strong></span> <span class='ocrx_word' id='word_1_74' title='bbox 268 1663 336 1746; x_wconf 89' lang='lat' dir='ltr'><strong>uel</strong></span> <span class='ocrx_word' id='word_1_75' title='bbox 364 1664 566 1773; x_wconf 59' lang='lat' dir='ltr'><strong>delegatis.</strong></span> <span class='ocrx_word' id='word_1_76' title='bbox 582 1663 681 1760; x_wconf 88' lang='lat' dir='ltr'><strong>eius,</strong></span> <span class='ocrx_word' id='word_1_77' title='bbox 709 1692 781 1750; x_wconf 87' lang='lat' dir='ltr'><strong>seu</strong></span> <span class='ocrx_word' id='word_1_78' title='bbox 808 1694 832 1746; x_wconf 81' lang='lat' dir='ltr'><strong>a</strong></span> <span class='ocrx_word' id='word_1_79' title='bbox 859 1664 1109 1775; x_wconf 90' lang='lat' dir='ltr'><strong>quibuslibet</strong></span> <span class='ocrx_word' id='word_1_80' title='bbox 1137 1661 1224 1748; x_wconf 77' lang='lat' dir='ltr'><strong>eliis</strong></span> <span class='ocrx_word' id='word_1_81' title='bbox 1253 1583 1523 1748; x_wconf 52' lang='lat' dir='ltr'><strong>uobiselldtas</strong></span> <span class='ocrx_word' id='word_1_82' title='bbox 1549 1665 1634 1744; x_wconf 91' lang='lat' dir='ltr'><strong>siue</strong></span> <span class='ocrx_word' id='word_1_83' title='bbox 1670 1679 1805 1744; x_wconf 83' lang='lat' dir='ltr'><strong>uestro</strong></span> <span class='ocrx_word' id='word_1_84' title='bbox 1833 1687 1919 1740; x_wconf 88' lang='lat' dir='ltr'><strong>non</strong></span> <span class='ocrx_word' id='word_1_85' title='bbox 1947 1678 2045 1742; x_wconf 89' lang='lat' dir='ltr'><strong>tene·</strong></span> 
     </span>
     <span class='ocr_line' id='line_1_11' title="bbox 268 1769 2045 1887; baseline -0.005 -29"><span class='ocrx_word' id='word_1_86' title='bbox 268 1775 393 1858; x_wconf 83' lang='lat' dir='ltr'><strong>amini</strong></span> <span class='ocrx_word' id='word_1_87' title='bbox 420 1775 502 1856; x_wconf 89' lang='lat' dir='ltr'><strong>reci</strong></span> <span class='ocrx_word' id='word_1_88' title='bbox 532 1801 599 1854; x_wconf 42' lang='lat' dir='ltr'><strong>‘re</strong></span> <span class='ocrx_word' id='word_1_89' title='bbox 627 1774 850 1873; x_wconf 84' lang='lat' dir='ltr'><strong>uoluntate,</strong></span> <span class='ocrx_word' id='word_1_90' title='bbox 878 1777 955 1856; x_wconf 89' lang='lat' dir='ltr'><strong>nisi</strong></span> <span class='ocrx_word' id='word_1_91' title='bbox 983 1777 1026 1856; x_wconf 92' lang='lat' dir='ltr'><strong>in</strong></span> <span class='ocrx_word' id='word_1_92' title='bbox 1054 1779 1197 1860; x_wconf 88' lang='lat' dir='ltr'><strong>litteris</strong></span> <span class='ocrx_word' id='word_1_93' title='bbox 1225 1777 1457 1887; x_wconf 83' lang='lat' dir='ltr'><strong>apostolicis</strong></span> <span class='ocrx_word' id='word_1_94' title='bbox 1485 1773 1536 1856; x_wconf 92' lang='lat' dir='ltr'><strong>de</strong></span> <span class='ocrx_word' id='word_1_95' title='bbox 1550 1769 2045 1856; x_wconf 89' lang='lat' dir='ltr'><strong>concessionehuiusmodi</strong></span> 
     </span>
     <span class='ocr_line' id='line_1_12' title="bbox 186 1883 2046 1995; baseline -0.004 -28"><span class='ocrx_word' id='word_1_96' title='bbox 186 1927 190 1939; x_wconf 93' lang='lat'>·</span> <span class='ocrx_word' id='word_1_97' title='bbox 267 1885 419 1966; x_wconf 92' lang='lat' dir='ltr'><strong>mentio</strong></span> <span class='ocrx_word' id='word_1_98' title='bbox 444 1883 497 1964; x_wconf 80' lang='lat' dir='ltr'><strong>ha</strong></span> <span class='ocrx_word' id='word_1_99' title='bbox 528 1900 652 1965; x_wconf 87' lang='lat' dir='ltr'><strong>eatur.</strong></span> <span class='ocrx_word' id='word_1_100' title='bbox 682 1885 792 1967; x_wconf 92' lang='lat' dir='ltr'><strong>Nulli</strong></span> <span class='ocrx_word' id='word_1_101' title='bbox 820 1913 918 1995; x_wconf 85' lang='lat' dir='ltr'><strong>ergo</strong></span> <span class='ocrx_word' id='word_1_102' title='bbox 953 1889 1119 1973; x_wconf 89' lang='lat' dir='ltr'><strong>omnino</strong></span> <span class='ocrx_word' id='word_1_103' title='bbox 1152 1887 1363 1968; x_wconf 89' lang='lat' dir='ltr'><strong>hominum</strong></span> <span class='ocrx_word' id='word_1_104' title='bbox 1406 1886 1523 1968; x_wconf 85' lang='lat' dir='ltr'><strong>liceat</strong></span> <span class='ocrx_word' id='word_1_105' title='bbox 1556 1885 1661 1966; x_wconf 87' lang='lat' dir='ltr'><strong>hanc</strong></span> <span class='ocrx_word' id='word_1_106' title='bbox 1704 1885 1892 1994; x_wconf 76' lang='lat' dir='ltr'><strong>paginam</strong></span> <span class='ocrx_word' id='word_1_107' title='bbox 1921 1897 2046 1962; x_wconf 86' lang='lat' dir='ltr'><strong>nostre</strong></span> 
     </span>
     <span class='ocr_line' id='line_1_13' title="bbox 269 1991 2043 2108; baseline -0.004 -31"><span class='ocrx_word' id='word_1_108' title='bbox 269 1995 537 2078; x_wconf 81' lang='lat' dir='ltr'><strong>concessionis</strong></span> <span class='ocrx_word' id='word_1_109' title='bbox 564 1994 782 2104; x_wconf 80' lang='lat' dir='ltr'><strong>infringere</strong></span> <span class='ocrx_word' id='word_1_110' title='bbox 811 2001 884 2076; x_wconf 82' lang='lat' dir='ltr'><strong>&amp;c</strong></span> <span class='ocrx_word' id='word_1_111' title='bbox 913 1997 965 2079; x_wconf 92' lang='lat' dir='ltr'><strong>Se</strong></span> <span class='ocrx_word' id='word_1_112' title='bbox 992 2001 1281 2108; x_wconf 79' lang='lat' dir='ltr'><strong>slutmeningen</strong></span> <span class='ocrx_word' id='word_1_113' title='bbox 1308 2000 1391 2080; x_wconf 80' lang='lat' dir='ltr'><strong>Nso</strong></span> <span class='ocrx_word' id='word_1_114' title='bbox 1419 2025 1510 2079; x_wconf 79' lang='lat' dir='ltr'><strong>non.</strong></span> <span class='ocrx_word' id='word_1_115' title='bbox 1541 1996 1688 2079; x_wconf 83' lang='lat' dir='ltr'><strong>Datum</strong></span> <span class='ocrx_word' id='word_1_116' title='bbox 1712 1991 1876 2099; x_wconf 86' lang='lat' dir='ltr'><strong>Perusij.</strong></span> <span class='ocrx_word' id='word_1_117' title='bbox 1909 1993 1959 2072; x_wconf 90' lang='lat' dir='ltr'><strong>X.</strong></span> <span class='ocrx_word' id='word_1_118' title='bbox 1974 1991 2043 2072; x_wconf 80' lang='lat' dir='ltr'><strong>lml.</strong></span> 
     </span>
     <span class='ocr_line' id='line_1_14' title="bbox 262 2103 1177 2214; baseline 0.002 -26"><span class='ocrx_word' id='word_1_119' title='bbox 262 2103 370 2204; x_wconf 72' lang='lat' dir='ltr'><strong>febr.</strong></span> <span class='ocrx_word' id='word_1_120' title='bbox 406 2104 667 2188; x_wconf 71' lang='lat' dir='ltr'><strong>pontificatus</strong></span> <span class='ocrx_word' id='word_1_121' title='bbox 695 2107 826 2214; x_wconf 85' lang='lat' dir='ltr'><strong>nostrj</strong></span> <span class='ocrx_word' id='word_1_122' title='bbox 853 2135 961 2189; x_wconf 87' lang='lat' dir='ltr'><strong>anno</strong></span> <span class='ocrx_word' id='word_1_123' title='bbox 986 2107 1177 2190; x_wconf 88' lang='lat' dir='ltr'><strong>secundo.</strong></span> 
     </span>
    </p>
   </div>
   <div class='ocr_carea' id='block_1_5' title="bbox 1008 2224 1378 2336">
    <p class='ocr_par' dir='ltr' id='par_1_6' title="bbox 1008 2224 1378 2336">
     <span class='ocr_line' id='line_1_15' title="bbox 1008 2224 1378 2336; baseline -0.005 -22"><span class='ocrx_word' id='word_1_124' title='bbox 1008 2249 1178 2336; x_wconf 73' lang='lat' dir='ltr'><strong>elysum</strong></span> <span class='ocrx_word' id='word_1_125' title='bbox 1198 2224 1378 2315; x_wconf 63' lang='lat' dir='ltr'><strong>somnust</strong></span> 
     </span>
    </p>
   </div>
   <div class='ocr_carea' id='block_1_6' title="bbox 264 2427 2051 2627">
    <p class='ocr_par' dir='ltr' id='par_1_7' title="bbox 264 2427 2051 2627">
     <span class='ocr_line' id='line_1_16' title="bbox 264 2427 2051 2627; baseline -0.004 -41"><span class='ocrx_word' id='word_1_126' title='bbox 264 2427 407 2612; x_wconf 72' lang='grc'><strong>248.</strong></span> <span class='ocrx_word' id='word_1_127' title='bbox 471 2435 479 2443; x_wconf 31' lang='grc'><em>”</em></span> <span class='ocrx_word' id='word_1_128' title='bbox 640 2553 643 2562; x_wconf 86' lang='lat'><strong>.</strong></span> <span class='ocrx_word' id='word_1_129' title='bbox 921 2483 1154 2627; x_wconf 80' lang='lat' dir='ltr'><strong>1229d</strong></span> <span class='ocrx_word' id='word_1_130' title='bbox 1216 2483 1288 2586; x_wconf 83' lang='lat'><strong>23</strong></span> <span class='ocrx_word' id='word_1_131' title='bbox 1334 2484 1442 2585; x_wconf 87' lang='lat' dir='ltr'><strong>Jan.</strong></span> <span class='ocrx_word' id='word_1_132' title='bbox 1829 2485 2051 2626; x_wconf 82' lang='lat' dir='ltr'><strong>Perugin.</strong></span> 
     </span>
    </p>
   </div>
   <div class='ocr_carea' id='block_1_7' title="bbox 352 2700 2049 2868">
    <p class='ocr_par' dir='ltr' id='par_1_8' title="bbox 352 2700 2049 2868">
     <span class='ocr_line' id='line_1_17' title="bbox 352 2700 2049 2784; baseline -0.002 -16"><span class='ocrx_word' id='word_1_133' title='bbox 352 2703 443 2768; x_wconf 84' lang='lat' dir='ltr'><strong>Ptfv.</strong></span> <span class='ocrx_word' id='word_1_134' title='bbox 471 2705 649 2767; x_wconf 78' lang='lat' dir='ltr'><strong>Gnoonms</strong></span> <span class='ocrx_word' id='word_1_135' title='bbox 679 2705 752 2766; x_wconf 82' lang='lat' dir='ltr'><strong>1th</strong></span> <span class='ocrx_word' id='word_1_136' title='bbox 782 2701 955 2782; x_wconf 81' lang='lat' dir='ltr'><strong>belcllning</strong></span> <span class='ocrx_word' id='word_1_137' title='bbox 985 2701 1036 2762; x_wconf 89' lang='lat' dir='ltr'><strong>till</strong></span> <span class='ocrx_word' id='word_1_138' title='bbox 1068 2700 1430 2764; x_wconf 67' lang='lat' dir='ltr'><strong>precinere-muniam</strong></span> <span class='ocrx_word' id='word_1_139' title='bbox 1452 2709 1510 2777; x_wconf 81' lang='lat' dir='ltr'><strong>att,</strong></span> <span class='ocrx_word' id='word_1_140' title='bbox 1532 2709 1606 2763; x_wconf 71' lang='lat' dir='ltr'><strong>utun</strong></span> <span class='ocrx_word' id='word_1_141' title='bbox 1627 2701 1787 2784; x_wconf 75' lang='lat' dir='ltr'><strong>rubbning</strong></span> <span class='ocrx_word' id='word_1_142' title='bbox 1808 2705 1819 2763; x_wconf 93' lang='lat' dir='ltr'><strong>i</strong></span> <span class='ocrx_word' id='word_1_143' title='bbox 1840 2701 1966 2764; x_wconf 84' lang='lat' dir='ltr'><strong>Ordens</strong></span> <span class='ocrx_word' id='word_1_144' title='bbox 1986 2721 2049 2781; x_wconf 79' lang='lat' dir='ltr'><strong>reg·</strong></span> 
     </span>
     <span class='ocr_line' id='line_1_18' title="bbox 397 2781 1860 2868; baseline -0.001 -20"><span class='ocrx_word' id='word_1_145' title='bbox 397 2786 493 2867; x_wconf 74' lang='lat' dir='ltr'><strong>lerna,</strong></span> <span class='ocrx_word' id='word_1_146' title='bbox 514 2787 646 2851; x_wconf 76' lang='lat' dir='ltr'><strong>sttrdelet</strong></span> <span class='ocrx_word' id='word_1_147' title='bbox 670 2785 804 2850; x_wconf 83' lang='lat' dir='ltr'><strong>riirande</strong></span> <span class='ocrx_word' id='word_1_148' title='bbox 824 2783 915 2848; x_wconf 81' lang='lat' dir='ltr'><strong>derns</strong></span> <span class='ocrx_word' id='word_1_149' title='bbox 936 2783 1076 2848; x_wconf 75' lang='lat' dir='ltr'><strong>Priorem</strong></span> <span class='ocrx_word' id='word_1_150' title='bbox 1098 2783 1167 2847; x_wconf 86' lang='lat' dir='ltr'><strong>till·</strong></span> <span class='ocrx_word' id='word_1_151' title='bbox 1187 2784 1247 2848; x_wconf 83' lang='lat' dir='ltr'><strong>och</strong></span> <span class='ocrx_word' id='word_1_152' title='bbox 1268 2781 1451 2861; x_wconf 71' lang='lat' dir='ltr'><strong>mutuate,</strong></span> <span class='ocrx_word' id='word_1_153' title='bbox 1473 2781 1548 2865; x_wconf 82' lang='lat' dir='ltr'><strong>lydn</strong></span> <span class='ocrx_word' id='word_1_154' title='bbox 1567 2783 1681 2845; x_wconf 81' lang='lat' dir='ltr'><strong>stillets</strong></span> <span class='ocrx_word' id='word_1_155' title='bbox 1702 2785 1860 2868; x_wconf 79' lang='lat' dir='ltr'><strong>Riskopur.</strong></span> 
     </span>
    </p>
   </div>
   <div class='ocr_carea' id='block_1_8' title="bbox 1736 2898 1926 2971">
    <p class='ocr_par' dir='ltr' id='par_1_9' title="bbox 1736 2898 1926 2971">
     <span class='ocr_line' id='line_1_19' title="bbox 1736 2898 1926 2971; baseline -0.011 -19"><span class='ocrx_word' id='word_1_156' title='bbox 1736 2898 1772 2952; x_wconf 74' lang='grc' dir='ltr'><strong>Δ.</strong></span> <span class='ocrx_word' id='word_1_157' title='bbox 1796 2916 1818 2953; x_wconf 82' lang='lat' dir='ltr'><strong>t.</strong></span> <span class='ocrx_word' id='word_1_158' title='bbox 1835 2899 1862 2952; x_wconf 82' lang='lat' dir='ltr'><strong>d.</strong></span> <span class='ocrx_word' id='word_1_159' title='bbox 1886 2916 1926 2971; x_wconf 77' lang='lat'><strong>17.</strong></span> 
     </span>
    </p>
   </div>
   <div class='ocr_carea' id='block_1_9' title="bbox 186 3032 2056 3693">
    <p class='ocr_par' dir='ltr' id='par_1_10' title="bbox 186 3032 2056 3588">
     <span class='ocr_line' id='line_1_20' title="bbox 437 3032 2053 3145; baseline -0.003 -29"><span class='ocrx_word' id='word_1_160' title='bbox 437 3037 669 3117; x_wconf 80' lang='lat' dir='ltr'><strong>Gunooutus</strong></span> <span class='ocrx_word' id='word_1_161' title='bbox 698 3037 911 3145; x_wconf 88' lang='lat' dir='ltr'><strong>episcopus</strong></span> <span class='ocrx_word' id='word_1_162' title='bbox 944 3059 1084 3114; x_wconf 87' lang='lat' dir='ltr'><strong>seruus</strong></span> <span class='ocrx_word' id='word_1_163' title='bbox 1113 3061 1323 3115; x_wconf 87' lang='lat' dir='ltr'><strong>seruorum</strong></span> <span class='ocrx_word' id='word_1_164' title='bbox 1353 3033 1428 3114; x_wconf 92' lang='lat' dir='ltr'><strong>dei.</strong></span> <span class='ocrx_word' id='word_1_165' title='bbox 1485 3035 1650 3117; x_wconf 89' lang='lat' dir='ltr'><strong>Dilectis</strong></span> <span class='ocrx_word' id='word_1_166' title='bbox 1665 3034 1754 3116; x_wconf 88' lang='lat' dir='ltr'><strong>filiis</strong></span> <span class='ocrx_word' id='word_1_167' title='bbox 1768 3032 1967 3116; x_wconf 81' lang='lat' dir='ltr'><strong>fratribus</strong></span> <span class='ocrx_word' id='word_1_168' title='bbox 1983 3034 2053 3112; x_wconf 91' lang='lat' dir='ltr'><strong>Or·</strong></span> 
     </span>
     <span class='ocr_line' id='line_1_21' title="bbox 270 3143 2053 3254; baseline -0.003 -25"><span class='ocrx_word' id='word_1_169' title='bbox 270 3146 376 3229; x_wconf 88' lang='lat' dir='ltr'><strong>dinis</strong></span> <span class='ocrx_word' id='word_1_170' title='bbox 395 3145 704 3228; x_wconf 84' lang='lat' dir='ltr'><strong>&#39;Predicatorum</strong></span> <span class='ocrx_word' id='word_1_171' title='bbox 733 3146 909 3227; x_wconf 83' lang='lat' dir='ltr'><strong>Salutem</strong></span> <span class='ocrx_word' id='word_1_172' title='bbox 936 3159 976 3222; x_wconf 90' lang='lat' dir='ltr'><strong>et</strong></span> <span class='ocrx_word' id='word_1_173' title='bbox 1004 3145 1265 3250; x_wconf 83' lang='lat' dir='ltr'><strong>apostolicam</strong></span> <span class='ocrx_word' id='word_1_174' title='bbox 1287 3144 1617 3227; x_wconf 75' lang='lat' dir='ltr'><strong>benedictionem.</strong></span> <span class='ocrx_word' id='word_1_175' title='bbox 1675 3147 1734 3225; x_wconf 93' lang='lat' dir='ltr'><strong>Ne</strong></span> <span class='ocrx_word' id='word_1_176' title='bbox 1761 3173 1838 3253; x_wconf 91' lang='lat' dir='ltr'><strong>pro</strong></span> <span class='ocrx_word' id='word_1_177' title='bbox 1867 3162 1917 3225; x_wconf 92' lang='lat' dir='ltr'><strong>eo</strong></span> <span class='ocrx_word' id='word_1_178' title='bbox 1947 3143 2053 3254; x_wconf 93' lang='lat' dir='ltr'><strong>quod</strong></span> 
     </span>
     <span class='ocr_line' id='line_1_22' title="bbox 186 3253 2054 3366; baseline -0.003 -28"><span class='ocrx_word' id='word_1_179' title='bbox 186 3267 195 3280; x_wconf 84' lang='lat'><strong><em>‘</em></strong></span> <span class='ocrx_word' id='word_1_180' title='bbox 271 3255 492 3342; x_wconf 87' lang='lat' dir='ltr'><strong>diocesanis</strong></span> <span class='ocrx_word' id='word_1_181' title='bbox 535 3258 745 3366; x_wconf 87' lang='lat' dir='ltr'><strong>Episcopis</strong></span> <span class='ocrx_word' id='word_1_182' title='bbox 788 3255 965 3337; x_wconf 83' lang='lat' dir='ltr'><strong>debitam</strong></span> <span class='ocrx_word' id='word_1_183' title='bbox 999 3253 1271 3335; x_wconf 83' lang='lat' dir='ltr'><strong>obedientiam</strong></span> <span class='ocrx_word' id='word_1_184' title='bbox 1305 3271 1345 3336; x_wconf 93' lang='lat' dir='ltr'><strong>et</strong></span> <span class='ocrx_word' id='word_1_185' title='bbox 1372 3258 1638 3336; x_wconf 84' lang='lat' dir='ltr'><strong>reuerentiam</strong></span> <span class='ocrx_word' id='word_1_186' title='bbox 1667 3254 1877 3352; x_wconf 84' lang='lat' dir='ltr'><strong>exhibetis,</strong></span> <span class='ocrx_word' id='word_1_187' title='bbox 1908 3271 2054 3336; x_wconf 84' lang='lat' dir='ltr'><strong>statuta</strong></span> 
     </span>
     <span class='ocr_line' id='line_1_23' title="bbox 266 3363 2056 3474; baseline -0.001 -28"><span class='ocrx_word' id='word_1_188' title='bbox 266 3382 403 3446; x_wconf 85' lang='lat' dir='ltr'><strong>uestra</strong></span> <span class='ocrx_word' id='word_1_189' title='bbox 432 3368 612 3449; x_wconf 88' lang='lat' dir='ltr'><strong>subuerti</strong></span> <span class='ocrx_word' id='word_1_190' title='bbox 642 3368 881 3474; x_wconf 85' lang='lat' dir='ltr'><strong>contingant</strong></span> <span class='ocrx_word' id='word_1_191' title='bbox 908 3365 951 3442; x_wconf 93' lang='lat' dir='ltr'><strong>in</strong></span> <span class='ocrx_word' id='word_1_192' title='bbox 979 3391 1105 3471; x_wconf 85' lang='lat' dir='ltr'><strong>graue</strong></span> <span class='ocrx_word' id='word_1_193' title='bbox 1134 3367 1257 3446; x_wconf 88' lang='lat' dir='ltr'><strong>uestri</strong></span> <span class='ocrx_word' id='word_1_194' title='bbox 1285 3363 1440 3446; x_wconf 86' lang='lat' dir='ltr'><strong>ordinis</strong></span> <span class='ocrx_word' id='word_1_195' title='bbox 1469 3366 1765 3462; x_wconf 86' lang='lat' dir='ltr'><strong>detrimentum,</strong></span> <span class='ocrx_word' id='word_1_196' title='bbox 1793 3367 1987 3446; x_wconf 89' lang='lat' dir='ltr'><strong>uolumus</strong></span> <span class='ocrx_word' id='word_1_197' title='bbox 2014 3383 2056 3444; x_wconf 87' lang='lat' dir='ltr'><strong>ut</strong></span> 
     </span>
     <span class='ocr_line' id='line_1_24' title="bbox 268 3473 2054 3588; baseline -0.002 -31"><span class='ocrx_word' id='word_1_198' title='bbox 268 3480 303 3557; x_wconf 88' lang='lat' dir='ltr'><strong>E</strong></span> <span class='ocrx_word' id='word_1_199' title='bbox 333 3479 478 3588; x_wconf 88' lang='lat' dir='ltr'><strong>isoopis</strong></span> <span class='ocrx_word' id='word_1_200' title='bbox 505 3479 648 3558; x_wconf 89' lang='lat' dir='ltr'><strong>uestris</strong></span> <span class='ocrx_word' id='word_1_201' title='bbox 676 3475 916 3583; x_wconf 84' lang='lat' dir='ltr'><strong>impendatis</strong></span> <span class='ocrx_word' id='word_1_202' title='bbox 944 3473 1214 3556; x_wconf 89' lang='lat' dir='ltr'><strong>obedientiam</strong></span> <span class='ocrx_word' id='word_1_203' title='bbox 1241 3493 1281 3558; x_wconf 91' lang='lat' dir='ltr'><strong>et</strong></span> <span class='ocrx_word' id='word_1_204' title='bbox 1310 3479 1578 3558; x_wconf 86' lang='lat' dir='ltr'><strong>reuerentiam</strong></span> <span class='ocrx_word' id='word_1_205' title='bbox 1605 3477 1782 3559; x_wconf 82' lang='lat' dir='ltr'><strong>debitam</strong></span> <span class='ocrx_word' id='word_1_206' title='bbox 1811 3493 1852 3556; x_wconf 93' lang='lat' dir='ltr'><strong>et</strong></span> <span class='ocrx_word' id='word_1_207' title='bbox 1865 3475 2054 3558; x_wconf 85' lang='lat' dir='ltr'><strong>deuotam</strong></span> 
     </span>
    </p>

    <p class='ocr_par' dir='ltr' id='par_1_11' title="bbox 331 3583 2056 3693">
     <span class='ocr_line' id='line_1_25' title="bbox 331 3583 2056 3693; baseline -0.001 -26"><span class='ocrx_word' id='word_1_208' title='bbox 331 3589 394 3667; x_wconf 91' lang='lat' dir='ltr'><strong>uis</strong></span> <span class='ocrx_word' id='word_1_209' title='bbox 422 3587 548 3693; x_wconf 85' lang='lat' dir='ltr'><strong>uestrj</strong></span> <span class='ocrx_word' id='word_1_210' title='bbox 577 3583 733 3667; x_wconf 87' lang='lat' dir='ltr'><strong>ordinis</strong></span> <span class='ocrx_word' id='word_1_211' title='bbox 760 3587 965 3668; x_wconf 90' lang='lat' dir='ltr'><strong>institutis.</strong></span> <span class='ocrx_word' id='word_1_212' title='bbox 994 3601 1035 3664; x_wconf 91' lang='lat' dir='ltr'><strong>ct</strong></span> <span class='ocrx_word' id='word_1_213' title='bbox 1063 3588 1232 3668; x_wconf 84' lang='lat' dir='ltr'><strong>maxime</strong></span> <span class='ocrx_word' id='word_1_214' title='bbox 1260 3589 1366 3669; x_wconf 85' lang='lat' dir='ltr'><strong>circa</strong></span> <span class='ocrx_word' id='word_1_215' title='bbox 1381 3589 1674 3670; x_wconf 87' lang='lat' dir='ltr'><strong>institutionem</strong></span> <span class='ocrx_word' id='word_1_216' title='bbox 1690 3618 1737 3670; x_wconf 81' lang='lat' dir='ltr'><strong>ao</strong></span> <span class='ocrx_word' id='word_1_217' title='bbox 1750 3588 2056 3670; x_wconf 88' lang='lat' dir='ltr'><strong>destitutionem</strong></span> 
     </span>
    </p>
   </div>
   <div class='ocr_carea' id='block_1_10' title="bbox 138 3697 2054 3813">
    <p class='ocr_par' dir='ltr' id='par_1_12' title="bbox 138 3697 2054 3813">
     <span class='ocr_line' id='line_1_26' title="bbox 138 3697 2054 3813; baseline -0.001 -35"><span class='ocrx_word' id='word_1_218' title='bbox 138 3797 164 3813; x_wconf 7' lang='grc' dir='ltr'><strong>λι</strong></span> <span class='ocrx_word' id='word_1_219' title='bbox 268 3699 451 3810; x_wconf 87' lang='lat' dir='ltr'><strong>priorum</strong></span> <span class='ocrx_word' id='word_1_220' title='bbox 491 3715 729 3778; x_wconf 91' lang='lat' dir='ltr'><strong>uestrorum.</strong></span> <span class='ocrx_word' id='word_1_221' title='bbox 774 3697 886 3778; x_wconf 91' lang='lat' dir='ltr'><strong>Nulli</strong></span> <span class='ocrx_word' id='word_1_222' title='bbox 914 3723 1011 3802; x_wconf 83' lang='lat' dir='ltr'><strong>ergo</strong></span> <span class='ocrx_word' id='word_1_223' title='bbox 1055 3699 1221 3779; x_wconf 90' lang='lat' dir='ltr'><strong>omnino</strong></span> <span class='ocrx_word' id='word_1_224' title='bbox 1248 3699 1456 3780; x_wconf 91' lang='lat' dir='ltr'><strong>hominum</strong></span> <span class='ocrx_word' id='word_1_225' title='bbox 1485 3700 1604 3781; x_wconf 82' lang='lat' dir='ltr'><strong>liceat</strong></span> <span class='ocrx_word' id='word_1_226' title='bbox 1630 3700 1735 3781; x_wconf 87' lang='lat' dir='ltr'><strong>hanc</strong></span> <span class='ocrx_word' id='word_1_227' title='bbox 1753 3699 1958 3807; x_wconf 82' lang='lat' dir='ltr'><strong>&#39;paginam</strong></span> <span class='ocrx_word' id='word_1_228' title='bbox 1987 3725 2054 3777; x_wconf 94' lang='lat' dir='ltr'><strong>no-</strong></span> 
     </span>
    </p>
   </div>
   <div class='ocr_carea' id='block_1_11' title="bbox 265 3807 2054 4025">
    <p class='ocr_par' dir='ltr' id='par_1_13' title="bbox 265 3807 2054 4025">
     <span class='ocr_line' id='line_1_27' title="bbox 265 3807 2054 3919; baseline -0.002 -29"><span class='ocrx_word' id='word_1_229' title='bbox 265 3825 349 3891; x_wconf 84' lang='lat' dir='ltr'><strong>stre</strong></span> <span class='ocrx_word' id='word_1_230' title='bbox 390 3809 657 3892; x_wconf 89' lang='lat' dir='ltr'><strong>concessionis</strong></span> <span class='ocrx_word' id='word_1_231' title='bbox 698 3807 919 3916; x_wconf 84' lang='lat' dir='ltr'><strong>infringere</strong></span> <span class='ocrx_word' id='word_1_232' title='bbox 961 3811 1035 3886; x_wconf 83' lang='lat' dir='ltr'><strong>&amp;o</strong></span> <span class='ocrx_word' id='word_1_233' title='bbox 1070 3811 1152 3888; x_wconf 86' lang='lat' dir='ltr'><strong>slut</strong></span> <span class='ocrx_word' id='word_1_234' title='bbox 1194 3839 1277 3889; x_wconf 82' lang='lat' dir='ltr'><strong>som</strong></span> <span class='ocrx_word' id='word_1_235' title='bbox 1324 3815 1465 3914; x_wconf 73' lang='lat' dir='ltr'><strong>‹ffvon</strong></span> <span class='ocrx_word' id='word_1_236' title='bbox 1536 3811 1684 3892; x_wconf 90' lang='lat' dir='ltr'><strong>Datum</strong></span> <span class='ocrx_word' id='word_1_237' title='bbox 1712 3809 1867 3919; x_wconf 85' lang='lat' dir='ltr'><strong>Perusij</strong></span> <span class='ocrx_word' id='word_1_238' title='bbox 1898 3811 1952 3892; x_wconf 91' lang='lat' dir='ltr'><strong>X.</strong></span> <span class='ocrx_word' id='word_1_239' title='bbox 1965 3857 1968 3865; x_wconf 79' lang='lat'>‚</span> <span class='ocrx_word' id='word_1_240' title='bbox 1983 3807 2054 3888; x_wconf 82' lang='lat' dir='ltr'><strong>kal.</strong></span> 
     </span>
     <span class='ocr_line' id='line_1_28' title="bbox 266 3917 1284 4025; baseline 0.001 -25"><span class='ocrx_word' id='word_1_241' title='bbox 266 3917 478 4004; x_wconf 84' lang='lat' dir='ltr'><strong>Februarii</strong></span> <span class='ocrx_word' id='word_1_242' title='bbox 506 3918 765 4001; x_wconf 83' lang='lat' dir='ltr'><strong>Pontificatus</strong></span> <span class='ocrx_word' id='word_1_243' title='bbox 793 3917 921 4025; x_wconf 89' lang='lat' dir='ltr'><strong>nostrj</strong></span> <span class='ocrx_word' id='word_1_244' title='bbox 951 3945 1057 3998; x_wconf 86' lang='lat' dir='ltr'><strong>anno</strong></span> <span class='ocrx_word' id='word_1_245' title='bbox 1087 3917 1284 4001; x_wconf 89' lang='lat' dir='ltr'><strong>Secundo.</strong></span> 
     </span>
    </p>
   </div>
   <div class='ocr_carea' id='block_1_12' title="bbox 617 4047 1712 4280">
    <p class='ocr_par' dir='ltr' id='par_1_14' title="bbox 617 4047 1712 4280">
     <span class='ocr_line' id='line_1_29' title="bbox 617 4047 1712 4147; baseline 0.005 -23"><span class='ocrx_word' id='word_1_246' title='bbox 617 4061 666 4125; x_wconf 79' lang='lat' dir='ltr'><strong>Pt</strong></span> <span class='ocrx_word' id='word_1_247' title='bbox 685 4061 859 4124; x_wconf 75' lang='lat' dir='ltr'><strong>lrdneidnu:</strong></span> <span class='ocrx_word' id='word_1_248' title='bbox 902 4061 1071 4143; x_wconf 76' lang='lat' dir='ltr'><strong>Gregorius</strong></span> <span class='ocrx_word' id='word_1_249' title='bbox 1091 4058 1131 4123; x_wconf 90' lang='lat' dir='ltr'><strong>de</strong></span> <span class='ocrx_word' id='word_1_250' title='bbox 1152 4047 1347 4125; x_wconf 85' lang='lat' dir='ltr'><strong>institucione</strong></span> <span class='ocrx_word' id='word_1_251' title='bbox 1367 4064 1510 4147; x_wconf 82' lang='lat' dir='ltr'><strong>priorum</strong></span> <span class='ocrx_word' id='word_1_252' title='bbox 1529 4072 1712 4129; x_wconf 68' lang='lat' dir='ltr'><strong>nostrornm·</strong></span> 
     </span>
     <span class='ocr_line' id='line_1_30' title="bbox 723 4173 1658 4280; baseline 0.002 -40"><span class='ocrx_word' id='word_1_253' title='bbox 723 4176 893 4280; x_wconf 68' lang='lat' dir='ltr'><strong>lllybullcn</strong></span> <span class='ocrx_word' id='word_1_254' title='bbox 915 4173 1086 4256; x_wconf 76' lang='lat' dir='ltr'><strong>vidhtuger</strong></span> <span class='ocrx_word' id='word_1_255' title='bbox 1106 4175 1218 4238; x_wconf 75' lang='lat' dir='ltr'><strong>irride</strong></span> <span class='ocrx_word' id='word_1_256' title='bbox 1237 4175 1297 4239; x_wconf 85' lang='lat' dir='ltr'><strong>och</strong></span> <span class='ocrx_word' id='word_1_257' title='bbox 1318 4177 1392 4258; x_wconf 77' lang='lat' dir='ltr'><strong>gule</strong></span> <span class='ocrx_word' id='word_1_258' title='bbox 1414 4177 1658 4243; x_wconf 55' lang='lat' dir='ltr'><strong>silkertmduv</strong></span> 
     </span>
    </p>
   </div>
   <div class='ocr_carea' id='block_1_13' title="bbox 263 4405 2058 4560">
    <p class='ocr_par' dir='ltr' id='par_1_15' title="bbox 263 4405 2058 4560">
     <span class='ocr_line' id='line_1_31' title="bbox 263 4405 2058 4560; baseline -0.006 -41"><span class='ocrx_word' id='word_1_259' title='bbox 263 4425 407 4552; x_wconf 78' lang='grc'><strong>249.</strong></span> <span class='ocrx_word' id='word_1_260' title='bbox 907 4445 1057 4552; x_wconf 81' lang='grc'>1229</span> <span class='ocrx_word' id='word_1_261' title='bbox 1094 4405 1152 4510; x_wconf 91' lang='lat' dir='ltr'><strong>d.</strong></span> <span class='ocrx_word' id='word_1_262' title='bbox 1204 4407 1274 4511; x_wconf 78' lang='lat'><strong>23</strong></span> <span class='ocrx_word' id='word_1_263' title='bbox 1321 4409 1429 4511; x_wconf 85' lang='lat' dir='ltr'><strong>lan.</strong></span> <span class='ocrx_word' id='word_1_264' title='bbox 1799 4411 2058 4560; x_wconf 65' lang='lat' dir='ltr'><strong>zpertigit.</strong></span> 
     </span>
    </p>
   </div>
   <div class='ocr_carea' id='block_1_14' title="bbox 355 4589 2057 4796">
    <p class='ocr_par' dir='ltr' id='par_1_16' title="bbox 355 4589 2057 4796">
     <span class='ocr_line' id='line_1_32' title="bbox 355 4589 2057 4713; baseline 0.004 -28"><span class='ocrx_word' id='word_1_265' title='bbox 355 4623 444 4686; x_wconf 79' lang='lat' dir='ltr'><strong>Ptfv.</strong></span> <span class='ocrx_word' id='word_1_266' title='bbox 466 4629 644 4692; x_wconf 78' lang='lat' dir='ltr'><strong>Guroonrus</strong></span> <span class='ocrx_word' id='word_1_267' title='bbox 665 4628 737 4691; x_wconf 73' lang='lat' dir='ltr'><strong>lxts</strong></span> <span class='ocrx_word' id='word_1_268' title='bbox 758 4649 779 4688; x_wconf 91' lang='lat' dir='ltr'><strong>u</strong></span> <span class='ocrx_word' id='word_1_269' title='bbox 803 4629 948 4710; x_wconf 81' lang='lat' dir='ltr'><strong>pmnning</strong></span> <span class='ocrx_word' id='word_1_270' title='bbox 968 4589 1019 4692; x_wconf 90' lang='lat' dir='ltr'><strong>till</strong></span> <span class='ocrx_word' id='word_1_271' title='bbox 1041 4630 1095 4690; x_wconf 91' lang='lat' dir='ltr'><strong>det</strong></span> <span class='ocrx_word' id='word_1_272' title='bbox 1114 4629 1212 4709; x_wconf 78' lang='lat' dir='ltr'><strong>hb&#39;gre</strong></span> <span class='ocrx_word' id='word_1_273' title='bbox 1234 4627 1526 4713; x_wconf 78' lang='lat' dir='ltr'><strong>Prosterslupetntt</strong></span> <span class='ocrx_word' id='word_1_274' title='bbox 1548 4593 1787 4694; x_wconf 78' lang='lat' dir='ltr'><strong>lemnabisttnd</strong></span> <span class='ocrx_word' id='word_1_275' title='bbox 1808 4630 1840 4691; x_wconf 70' lang='lat' dir='ltr'><strong>dt</strong></span> <span class='ocrx_word' id='word_1_276' title='bbox 1862 4631 2057 4693; x_wconf 79' lang='lat' dir='ltr'><strong>Predikcre·</strong></span> 
     </span>
     <span class='ocr_line' id='line_1_33' title="bbox 402 4648 1392 4796; baseline 0.003 -29"><span class='ocrx_word' id='word_1_277' title='bbox 402 4705 509 4772; x_wconf 73' lang='lat' dir='ltr'><strong>orden</strong></span> <span class='ocrx_word' id='word_1_278' title='bbox 527 4715 575 4775; x_wconf 88' lang='lat' dir='ltr'><strong>uti</strong></span> <span class='ocrx_word' id='word_1_279' title='bbox 596 4712 636 4776; x_wconf 87' lang='lat' dir='ltr'><strong>de</strong></span> <span class='ocrx_word' id='word_1_280' title='bbox 657 4711 729 4775; x_wconf 87' lang='lat' dir='ltr'><strong>dem</strong></span> <span class='ocrx_word' id='word_1_281' title='bbox 759 4648 934 4772; x_wconf 72' lang='lat' dir='ltr'><strong>alumen</strong></span> <span class='ocrx_word' id='word_1_282' title='bbox 954 4711 1140 4796; x_wconf 72' lang='lat' dir='ltr'><strong>uppdrugnn</strong></span> <span class='ocrx_word' id='word_1_283' title='bbox 1161 4711 1392 4794; x_wconf 74' lang='lat' dir='ltr'><strong>liimttttningnr.</strong></span> 
     </span>
    </p>
   </div>
   <div class='ocr_carea' id='block_1_15' title="bbox 1727 4830 1922 4884">
    <p class='ocr_par' dir='ltr' id='par_1_17' title="bbox 1727 4830 1922 4884">
     <span class='ocr_line' id='line_1_34' title="bbox 1727 4830 1922 4884; baseline -0.01 0"><span class='ocrx_word' id='word_1_284' title='bbox 1727 4830 1762 4884; x_wconf 78' lang='grc' dir='ltr'><strong>Δ.</strong></span> <span class='ocrx_word' id='word_1_285' title='bbox 1785 4847 1806 4883; x_wconf 87' lang='lat'><strong>1.</strong></span> <span class='ocrx_word' id='word_1_286' title='bbox 1829 4831 1857 4884; x_wconf 84' lang='lat' dir='ltr'><strong>d.</strong></span> <span class='ocrx_word' id='word_1_287' title='bbox 1877 4831 1922 4883; x_wconf 77' lang='lat' dir='ltr'><strong>ro.</strong></span> 
     </span>
    </p>
   </div>
   <div class='ocr_carea' id='block_1_16' title="bbox 263 4922 2055 5155">
    <p class='ocr_par' dir='ltr' id='par_1_18' title="bbox 263 4922 2055 5155">
     <span class='ocr_line' id='line_1_35' title="bbox 428 4922 2055 5039; baseline 0.002 -36"><span class='ocrx_word' id='word_1_288' title='bbox 428 4922 658 5010; x_wconf 77' lang='lat' dir='ltr'><strong>Gmoonus</strong></span> <span class='ocrx_word' id='word_1_289' title='bbox 687 4929 900 5039; x_wconf 87' lang='lat' dir='ltr'><strong>episcopus</strong></span> <span class='ocrx_word' id='word_1_290' title='bbox 928 4955 1070 5010; x_wconf 90' lang='lat' dir='ltr'><strong>seruus</strong></span> <span class='ocrx_word' id='word_1_291' title='bbox 1097 4957 1307 5012; x_wconf 87' lang='lat' dir='ltr'><strong>seruorum</strong></span> <span class='ocrx_word' id='word_1_292' title='bbox 1327 4929 1404 5025; x_wconf 88' lang='lat' dir='ltr'><strong>dei.</strong></span> <span class='ocrx_word' id='word_1_293' title='bbox 1434 4932 1742 5015; x_wconf 87' lang='lat' dir='ltr'><strong>Venerabilibus</strong></span> <span class='ocrx_word' id='word_1_294' title='bbox 1764 4931 1968 5015; x_wconf 82' lang='lat' dir='ltr'><strong>fratribus</strong></span> <span class='ocrx_word' id='word_1_295' title='bbox 1982 4931 2055 5009; x_wconf 88' lang='lat' dir='ltr'><strong>Ar·</strong></span> 
     </span>
     <span class='ocr_line' id='line_1_36' title="bbox 263 5030 2054 5155; baseline 0.002 -36"><span class='ocrx_word' id='word_1_296' title='bbox 263 5030 540 5146; x_wconf 88' lang='lat' dir='ltr'><strong>obiepisoopis.</strong></span> <span class='ocrx_word' id='word_1_297' title='bbox 569 5053 610 5119; x_wconf 92' lang='lat' dir='ltr'><strong>et</strong></span> <span class='ocrx_word' id='word_1_298' title='bbox 636 5041 856 5155; x_wconf 85' lang='lat' dir='ltr'><strong>Episcopis.</strong></span> <span class='ocrx_word' id='word_1_299' title='bbox 891 5056 931 5126; x_wconf 84' lang='lat' dir='ltr'><strong>et</strong></span> <span class='ocrx_word' id='word_1_300' title='bbox 958 5040 1113 5128; x_wconf 87' lang='lat' dir='ltr'><strong>dilectis</strong></span> <span class='ocrx_word' id='word_1_301' title='bbox 1142 5041 1236 5152; x_wconf 85' lang='lat' dir='ltr'><strong>filijs</strong></span> <span class='ocrx_word' id='word_1_302' title='bbox 1263 5041 1502 5126; x_wconf 77' lang='lat' dir='ltr'><strong>Abbatibus.</strong></span> <span class='ocrx_word' id='word_1_303' title='bbox 1550 5043 1769 5130; x_wconf 86' lang='lat' dir='ltr'><strong>Prioribus.</strong></span> <span class='ocrx_word' id='word_1_304' title='bbox 1800 5061 1841 5124; x_wconf 92' lang='lat' dir='ltr'><strong>et</strong></span> <span class='ocrx_word' id='word_1_305' title='bbox 1868 5043 1964 5152; x_wconf 82' lang='lat' dir='ltr'><strong>alijs</strong></span> <span class='ocrx_word' id='word_1_306' title='bbox 1994 5068 2054 5122; x_wconf 86' lang='lat' dir='ltr'><strong>ec·</strong></span> 
     </span>
    </p>
   </div>
   <div class='ocr_carea' id='block_1_17' title="bbox 0 0 2202 5940">
    <p class='ocr_par' dir='ltr' id='par_1_19' title="bbox 0 0 2202 5940">
     <span class='ocr_line' id='line_1_37' title="bbox 0 0 2202 5940; baseline 0 0"><span class='ocrx_word' id='word_1_307' title='bbox 0 0 2202 5940; x_wconf 95' lang='lat' dir='ltr'><strong> </strong></span> 
     </span>
    </p>
   </div>
  </div>
 </body>
</html>
