4370 5950
958 429 1373 515 2136-

280 661 400 770 igere
441 647 705 764 perniciosius
746 645 860 760 quod
900 661 1080 730 vetatur:
1146 651 1289 759 Nuper
1330 641 1471 747 etiam
1499 637 1605 758 sicut
1632 651 1779 732 nostris
1805 641 1867 735 est
1899 640 2050 738 auribus

281 795 357 878 sug
385 781 533 861 estum,
561 791 654 845 curn
682 777 764 844 tres
793 760 939 841 Clerici
967 757 1019 840 de
1047 760 1225 874 legitimo
1253 760 1511 842 matrimonio
1538 777 1623 842 non
1650 763 1835 873 suscepti,
1864 765 1906 844 in
1925 767 2051 848 tribus

283 795 469 966 Ecclesiis
497 872 796 956 cathedralibus
824 869 1014 955 adversus
1043 899 1090 956 ca
1117 900 1208 1006 quae
1237 875 1421 984 superius
1449 874 1730 955 annotavimus
1757 873 1875 955 electi
1889 873 2052 982 luissent,

278 989 398 1076 bonae
426 988 627 1069 memoriae
654 983 936 1096 predecessori
964 999 1050 1088 tuo,
1078 1011 1195 1093 cujus
1222 999 1339 1068 erant
1367 983 1553 1066 Ecclesiae
1595 982 1673 1066 illae
1692 985 1959 1094 jurisdictioni
1971 989 2055 1070 snb-

280 1102 405 1212 jectae,
428 1097 668 1181 districtius
709 1094 837 1176 vetuit
878 1121 930 1174 ne
959 1091 1122 1209 illorum
1150 1095 1385 1181 electionem
1413 1093 1755 1195 ratamlraberct,
1784 1095 1847 1180 vcl
1862 1099 1917 1178 eis
1932 1123 2058 1178 conse·

277 1213 487 1294 'erationis'
503 1236 649 1289 munus
677 1203 912 1315 impendere
939 1218 1181 1308 attentaret.¹
1223 1209 1376 1292 Verum
1405 1207 1473 1288 ille
1493 1208 1774 1289 constinrtioni
1803 1207 2060 1318 praedictatas

279 1321 516 1406 inhibitioni
559 1316 739 1432 ejusdem
781 1317 1085 1428 archiepiscopi
1126 1318 1290 1406 obviare
1331 1345 1416 1400 non
1455 1335 1654 1424 metuens,
1703 1317 1808 1401 duos
1849 1346 1986 1400 eorum
2025 1320 2061 1399 in

265 1435 510 1544 .·Episcopos
534 1430 796 1514 consecravit.
854 1429 978 1532 Quod
1008 1427 1197 1538 praefatus
1224 1429 1562 1540 Archicpiscopus
1590 1429 1730 1514 nolens
1758 1428 1985 1546 relinquere
1999 1431 2063 1509 im·

285 1547 485 1656 prmitum,
515 1542 737 1650 Episcopos
766 1539 856 1622 illos
884 1539 935 1620 ab
965 1541 1099 1621 officio
1125 1543 1264 1650 inique
1291 1555 1456 1649 recepto
1484 1545 1524 1621 &
1557 1542 1901 1632 consecrationem
1920 1540 2064 1648 tertija

278 1655 581 1764 'complemento
610 1649 831 1766 suspendit.
889 1651 997 1753 Quia
1025 1679 1123 1734 vero
1153 1651 1260 1732 illius
1289 1667 1408 1738 terrae
1435 1651 1616 1735 homines
1644 1667 1738 1734 sunt
1779 1649 1912 1738 adhuc
1955 1649 2065 1735 rudes

286 1759 347 1849 in'
372 1765 462 1864 lide,
506 1773 552 1844 ac
595 1763 709 1844 inter
735 1789 804 1842 eos
832 1771 910 1876 pro
938 1759 1173 1870 hujusmodi
1201 1763 1452 1849 Clericorum
1480 1763 1707 1844 excessibus
1735 1765 1909 1876 *antiqui
1950 1762 2067 1842 hostis

287 1875 438 1959 invidia
467 1874 706 1972 stimulante,
740 1872 971 1958 scandalum
1000 1900 1084 1954 non
1113 1872 1316 1958 modicum
1343 1870 1466 1988 (sicut
1494 1871 1661 2010 dicitur)
1691 1891 1752 1954 est
1772 1889 1980 1975 exortum,
1995 1872 2067 1966 dis·

286 1988 458 2071 cretioni
485 2004 564 2067 tuac
592 2012 666 2096 per
695 1983 913 2100 apostolica
940 1986 1091 2093 scripta
1120 1983 1355 2080 mandamus
1382 2001 1504 2098 atque
1531 1985 1785 2096 praecrpimus
1799 2001 2002 2102 quatenus
2016 1983 2069 2064 in-

163 2151 166 2156 ·
278 2097 426 2212 ‘quires'
452 2107 571 2206 su‘per
599 2097 810 2207 praemissis
839 2094 1027 2178 omnibus
1054 2095 1281 2198 veritatem3
1310 2103 1349 2176 &
1376 2098 1410 2178 si
1437 2103 1524 2178 r'em
1552 2097 1712 2200 noveris
1740 2099 1795 2182 ita
1824 2120 1921 2193 csse,
1965 2095 2069 2209 Epis·

279 2209 412 2320 ''copos
441 2209 531 2289 illos
560 2237 583 2286 a
610 2205 831 2324 pontificali
858 2203 992 2286 ollicio
1019 2206 1181 2287 sublato
1223 2207 1505 2316 appellationis
1546 2199 1966 2312 &contradictionis
2006 2204 2071 2285 ob·

279 2320 458 2437 ‘stionlo
473 2332 633 2416 serrato
662 2313 763 2425 juris
790 2317 943 2416 ordine,
971 2333 1110 2398 nostra
1139 2317 1273 2401 frenas·
1298 2320 1537 2400 auctoritate
1565 2318 1755 2428 deponas,
1787 2325 1828 2402 81
1842 2319 2073 2402 electionem

23 2425 31 2460 ⁸
165 2535 168 2540 Ι
278 2432 408 2540 'tertij'
441 2421 649 2516 decernas
667 2430 819 2510 irritam
848 2435 902 2509 &⁰
915 2429 1097 2528 inanem3
1112 2436 1175 2526 [ex
1205 2440 1322 2541 parte
1348 2445 1420 2510 tua
1449 2436 1489 2510 δι
1529 2444 1667 2510 nostra
1709 2427 1935 2520 districtius
1977 2425 2074 2507 inhi-

278 2545 389 2626 'bens
431 2572 482 2624 ne
524 2541 650 2651 aliqui
694 2555 884 2648 personas
927 2537 1157 2647 hujusmodi
1188 2543 1236 2620 in
1278 2539 1492 2622 Pontifices
1533 2555 1776 2650 praesumant
1806 2540 2076 2654 'aliquatenus

290 2655 509 2738 nominare.
566 2648 690 2754 Quod
709 2649 883 2731 'siforte
912 2652 1247 2765 praesumpserint,
1275 2669 1358 2750 tam
1384 2651 1578 2738 electores
1608 2677 1742 2762 'quam
1760 2751 1764 2763 Ι
1784 2677 1877 2732 eos·
1892 2653 1967 2762 qul
2007 2649 2077 2728 ele·-

260 2867 263 2874 ,
296 2756 476 2850 ctionem
505 2777 824 2872 praesumptuose
853 2763 1118 2868 susceperint,
1147 2763 1198 2844 ab
1226 2761 1370 2844 officiis
1392 2770 1437 2845 lle
1464 2762 1667 2852 beneficiis
1687 2765 1976 2874 sinequalibct
1990 2760 2081 2844 dila·

291 2882 403 2960 tione
446 2870 679 2984 suspendas,
721 2878 760 2952 a
789 2873 822 2950 si
850 2872 1070 2953 restiterint
1100 2876 1401 2973 contumaciter,
1431 2875 1484 2956 ab
1511 2875 1568 2954 cis
1595 2873 1744 2956 reddas
1779 2877 1948 2984 penitus
1991 2874 2079 2953 alie-

289 3016 375 3069 nos.
434 2987 476 3069 Si
505 3010 603 3067 vero
632 2980 865 3068 mandatum
892 2997 1079 3065 nostrum
1106 3011 1190 3064 non
1219 2983 1383 3074 duxeris
1411 2983 1575 3066 effectui
1606 2985 1934 3100 mancipandum,
1964 3010 2080 3067 nove·

289 3102 345 3191 ris
372 3124 449 3182 nos
490 3093 686 3211 praedicto
713 3093 1029 3204 Archiepisoopo
1048 3094 1215 3192 dedisse
1242 3095 1408 3184 firmiter
1436 3097 1480 3178 in
1506 3093 1704 3184 mandatis
1730 3115 1776 3184 ut
1809 3115 1855 3183 te
1897 3099 1943 3200 in
1988 3121 2081 3206 prae·

290 3208 492 3290 dictorum
525 3203 762 3287 executione
790 3222 979 3300 cessante,
1009 3206 1096 3315 ipse
1125 3206 1363 3286 auctoritate
1384 3222 1532 3288 ‘nostra
1552 3205 1665 3316 quod
1687 3207 1928 3296 mandamus
1944 3207 2083 3316 exequi

277 3317 452 3509 onbllqto
473 3314 778 3428 appellationis
820 3313 1030 3396 obstaculo
1071 3341 1156 3398 non
1197 3316 1367 3398 omittat
1439 3319 1587 3400 Datum
1628 3319 1817 3404 Laterani
1844 3321 1886 3402 N
1887 3319 1983 3400 onis
2012 3319 2084 3398 Dc·

291 3447 375 3510 cem
406 3455 471 3508 ms.
615 3465 631 3486 ’ν
1710 3462 1714 3473 ·

640 3565 841 3676 Scriptum
868 3589 925 3650 est
950 3597 1068 3682 super
1093 3567 1166 3656 hoc
1195 3527 1396 3657 Lamina·
1421 3551 1732 3682 Archa'epnoopo.
1819 3640 1827 3660 ,

305 3999 427 4081 rra·
787 3953 791 3962 ⁴
936 3952 1085 4099 1'198
1132 3955 1181 4060 d.
1229 3997 1263 4101 9
1309 3949 1430 4062 Dec.
1858 3959 2093 4072 Lateran.

274 4207 279 4231 ι
331 4120 336 4140 Ι
376 4180 468 4242 Pdsv.
490 4161 688 4242 lnxocrrtrrus
710 4175 781 4237 lllts
803 4171 1046 4260 belallningdill
1069 4147 1319 4264 iakesllislopcn
1338 4181 1349 4243 i
1372 4125 1461 4248 imd
1487 4115 1613 4264 ett'till
1642 4181 1790 4250 atomon
1816 4079 2021 4258 idnmhnde
2041 4183 2095 4248 bo·

276 4351 281 4359 1
347 4344 355 4356 ⁶
409 4255 942 4423 qqsipnqqqeaqquqlgproltrda
963 4278 1124 4344 persopcr,
1144 4280 1210 4322 som
1229 4283 1340 4372 geroni
1360 4263 1420 4372 'sitt
1435 4261 1630 4373 pppiiirande
1663 4262 1758 4326 vt‘cla
1791 4259 1991 4380 ttrsrgelse,
2025 4277 2096 4327 utan

871 4521 875 4528 ι
1102 4409 1107 4423 ·
1148 4449 1151 4456 ’
1291 4461 1327 4520 K.
1350 4477 1384 4514 m.
1405 4413 1683 4538 tenementis&
1704 4417 1963 4539 &1¹¹8qu

872 4571 1222 4704 ''Arctiaptsaopo
1250 4567 1458 4684 tamma
1523 4589 1528 4598 '
1711 4583 1717 4598 ¹
1882 4568 1887 4596 ²

460 4733 640 4815 Tuarnm
661 4743 742 4842 -iros
775 4752 894 4816 tenor
923 4735 1134 4844 literarum
1166 4737 1333 4826 educarit
1374 4739 1489 4852 qnod
1525 4741 1670 4827 fratres
1706 4743 1927 4852 Hospitalis
1964 4746 2100 4832 sancti

234 4969 236 4974 ι
275 4845 486 4983 :iohannis
503 4844 607 4924 'laici
626 4851 674 4928 ³&
704 4848 888 4974 illiterati
897 4846 949 4980 ad
964 4849 1214 4960 partcsillas
1242 4852 1465 4936 mittuntur
1478 4855 2102 4986 proeleemolyniscolligcndis

764 4995 766 5004 ,
882 5005 887 5019 ⁸
1113 4987 1117 4994 ·
1148 4997 1162 5009 ..
1757 5001 1774 5044 ὓ,
1785 4995 1888 5082 qum
2024 5007 2028 5014 .
