4406 5966
961 473 1018 488 ..
1129 427 1239 520 634Ι
1323 473 1378 490 .-

245 713 249 717 -
273 659 317 736 in
345 652 422 734 deo
450 645 625 728 condere
654 667 776 755 quam
803 647 846 723 in
874 647 1048 726 homine.
1079 645 1315 726 benedictus
1345 643 1443 724 deus
1474 663 1590 754 pater
1613 649 1767 728 domini
1802 653 1932 730 nostri
1960 652 2071 731 ihesu

274 763 412 848 christi
441 776 556 867 pater
585 756 950 840 misericordiarum
979 763 1018 838 8(
1053 756 1151 838 deus
1185 760 1316 837 tocius
1345 757 1639 838 consolacionis
1668 763 1741 870 qui
1771 788 1844 841 nos
1873 761 2071 844 desolatos

273 867 357 958 non
385 869 626 980 dereliquid.
670 869 740 949 sed
791 871 1014 950 misericors
1056 871 1097 949 in
1141 870 1251 950 omni
1297 867 1566 948 tribulacione
1613 885 1750 952 nostra
1795 901 1869 952 nos
1921 877 2071 954 miscri-

274 984 452 1070 corditer
480 1013 530 1064 ex
560 982 643 1063 alto
673 983 861 1062 uisitauit.
892 984 964 1090 qni
993 1009 1067 1060 nos
1095 983 1149 1058 iu·
1166 979 1417 1088 superlatiuo
1456 982 1584 1086 gradu
1630 1011 1752 1090 super
1781 989 1913 1092 capita
1946 987 2069 1065 homi-

194 1135 208 1154 *
273 1125 373 1180 num
401 1096 664 1178 constituens.
701 1093 894 1200 pastorali
922 1093 1118 1200 dignitate
1148 1090 1368 1172 decorauit.
1409 1092 1514 1173 vnde
1543 1096 1716 1173 creatori
1746 1097 1788 1173 in
1817 1097 2072 1176 omnibus&
2191 1119 2192 1122 ’

275 1238 397 1318 super
426 1209 560 1288 omnia
590 1203 730 1284 laudes
758 1210 797 1282 8(
818 1206 972 1312 gracias
1002 1204 1123 1311 digne
1154 1203 1364 1283 referimus
1393 1205 1705 1312 inperpetuum.
1736 1209 1949 1288 iusticie&
1973 1213 2071 1288 ueri-

275 1324 349 1407 tati
377 1319 548 1402 fideliter
576 1319 813 1398 assistentes.
844 1344 865 1394 a
895 1316 973 1395 deo
1007 1317 1132 1424 gratis
1161 1332 1324 1422 accepta
1355 1343 1431 1423 pro
1461 1316 1537 1396 deo
1562 1317 1752 1396 nolumus
1766 1321 1889 1426 gratis
1920 1321 2072 1426 impen-

275 1435 370 1517 dere
401 1432 607 1512 uniuersis.
637 1430 732 1508 talia
761 1425 903 1506 decent
945 1429 1133 1535 prelatos.
1171 1444 1211 1504 et
1239 1424 1400 1505 eosdem
1444 1455 1595 1506 corona
1638 1428 1802 1510 mirilico
1831 1458 1970 1510 coram
2002 1431 2076 1512 deo

168 1609 191 1641 ,.
276 1545 476 1627 credimus
505 1543 710 1624 decorare.
751 1540 833 1618 Nos
862 1542 997 1647 itaque
1026 1539 1116 1618 freti
1162 1566 1296 1618 rerum
1327 1536 1571 1619 discrecione
1618 1556 1778 1648 patrum
1821 1540 2075 1623 ordoxorum

276 1658 445 1764 uestigia
472 1671 684 1764 sequentes
714 1679 794 1758 que
824 1651 866 1729 in
896 1649 1043 1730 diocesi
1081 1667 1215 1729 nostra
1245 1649 1465 1729 secundum
1496 1650 1751 1731 decretorum
1794 1654 2076 1734 instituciones

275 1787 458 1875 tempore
493 1779 633 1845 nostro
673 1762 944 1842 instituuntur
994 1763 1180 1841 uolumus
1226 1760 1558 1846 consolidare&
1589 1767 1778 1843 canonice
1822 1767 2074 1844 confirmare.

72 1865 74 1869 ⁵
161 1915 178 1984 ',
276 1880 465 1968 decatero
494 1893 636 1955 notum
680 1875 747 1954 liat
791 1874 1001 1952 uniuersis.
1033 1901 1113 1982 que
1143 1872 1194 1953 ad
1223 1875 1555 1954 sustentacionem
1602 1877 1890 1954 canonicorum
1938 1895 2075 1956 nostre

275 1988 511 2098 metropolis
526 2015 620 2068 esse.
650 2013 753 2096 quos
784 2013 859 2093 pro
889 1985 966 2065 deo
997 1986 1181 2067 nouimus
1212 1984 1373 2092 pondus
1402 1985 1480 2066 diei
1510 1991 1677 2078 &estus
1693 2003 1931 2066 sustentare.
1964 2018 2074 2068 man-

276 2105 425 2182 sionem
456 2099 659 2209 quandam
687 2127 767 2207 que
795 2098 971 2206 housbuj
1001 2100 1243 2177 nominatur.
1276 2098 1399 2204 igitur
1429 2125 1510 2176 non
1540 2099 1710 2206 pecunia
1743 2115 1879 2177 nostre
1910 2101 2073 2179 ecclesie

275 2231 335 2296 set
372 2215 513 2321 pocius
542 2212 707 2319 propria
745 2208 934 2288 facultate
979 2211 1164 2288 nouimus
1208 2206 1447 2316 adquisitam
1469 2210 1544 2296 ,ad
1574 2227 1710 2288 nostra
1756 2227 1923 2318 peecata
1969 2213 2105 2292 redi-⁴

276 2323 421 2410 menda
450 2322 705 2404 concedimus
734 2322 1032 2428 inperpetuum.
1062 2326 1101 2399 8(
1129 2348 1179 2400 ne
1203 2348 1325 2427 super
1368 2319 1444 2398 hoc
1475 2323 1554 2400 ulla
1586 2338 1686 2428 aput
1729 2323 1885 2430 aliquos
1917 2326 2071 2401 oriatur

279 2437 519 2544 ambiguitas
550 2438 812 2543 inposterum.
842 2431 944 2511 illud
978 2432 1097 2542 sigilli
1114 2433 1239 2510 nostri
1258 2431 1471 2540 priuilegio
1487 2433 1790 2512 confirmamus.
1812 2441 1850 2512 8(
1880 2434 2073 2513 corrobo-

275 2575 419 2630 ramus.
451 2549 611 2655 Siquis
642 2562 774 2624 autem
804 2562 1022 2623 contumax
1052 2550 1090 2622 8(
1120 2543 1196 2622 deo
1225 2547 1453 2623 contrarius
1496 2562 1636 2626 contra
1674 2546 1777 2624 banc
1806 2545 2072 2626 donacionem

275 2677 423 2740 temere
458 2660 595 2737 uenire
624 2657 894 2764 presumserit.
930 2656 980 2733 ab
1010 2657 1119 2735 omni
1150 2654 1289 2734 diuino
1310 2655 1442 2734 officio
1470 2673 1692 2766 separetur.
1723 2663 1762 2736 8(
1795 2657 1962 2736 uinculo
1982 2687 2075 2736 ana-

276 2757 460 2851 thematis
490 2770 640 2879 absque
669 2768 796 2848 dubio
825 2769 1048 2847 innectitua
1077 2769 1261 2846 Preterea
1292 2770 1363 2875 qui
1397 2766 1502 2847 hanc
1546 2770 1845 2848 institucionem
1877 2785 2010 2846 ratam
2041 2776 2076 2848 8(
2183 2871 2186 2876 Ι

60 2946 67 2955 ,
167 2924 168 2930 .
276 2881 556 2964 inconuulsam
584 2879 775 2960 affectant
803 2902 1051 2986 permanere.
1080 2895 1256 2965 nostram
1280 2879 1431 2959 domini
1448 2884 1574 2960 nostri
1593 2880 1709 2958 ihesu·
1727 2881 2076 2960 christi&sancte

275 2997 399 3076 marie
429 3000 467 3072 8(
496 2995 675 3072 omnium
704 3009 935 3072 sanctorum
959 2999 998 3070 8(
1030 3006 1205 3069 nostram
1237 2991 1558 3072 benedictionem
1582 3011 1855 3102 consequatur
1887 2993 2076 3100 inperpe-

274 3123 411 3201 tuum;
443 3103 597 3181 Valete.
1483 3167 1488 3170 .

913 3211 1041 3293 Sigillet,
1063 3213 1157 3294 nigor
1178 3211 1316 3287 sladadt‚
1340 3214 1442 3275 finnes.

283 3475 413 3620 827.
488 3497 492 3521 ¹
721 3586 724 3590 ,
982 3515 1382 3582 1200—1201.

357 3697 536 3761 brie-Bislr.
560 3697 707 3759 Ansatons
729 3699 738 3756 i
761 3698 851 3760 Lund
875 3699 1069 3759 Testamente
1091 3698 1127 3758 af
1143 3698 1321 3780 fastiglaeter
1343 3699 1404 3758 och
1426 3667 1545 3760 ldsdren
1571 3685 2003 3784 till'andeligainriittningar
2019 3701 2080 3762 och

407 3781 585 3861 namngifne
607 3801 761 3868 personer.
1817 3865 1844 3921 L

1845 3905 1853 3921 .
1873 3885 1898 3920 ι.
1919 3885 1943 3920 ι.

442 4002 735 4079 Testamentum
766 4001 888 4110 (leod
923 4006 1014 4110 pius
1059 4001 1186 4079 Pater
1227 4019 1357 4083 noster
1397 3997 1569 4082 Absolon
1612 4004 1942 4113 Aredicpiscopus
1987 4025 2086 4086 arcte

474 4111 621 4190 obitum
648 4142 762 4192 suum
790 4115 991 4215 consecr-'t'
1836 4133 1845 4138 “

277 4341 280 4345 A
441 4251 543 4352 Quae
564 4255 756 4358 praesenti
787 4254 932 4360 pagina
958 4253 1237 4348 continentur,
1279 4282 1328 4331 ex
1357 4268 1598 4339 testamento
1643 4256 1791 4362 legavit
1822 4263 1860 4335 8(
1890 4253 2080 4335 donavit.

273 4359 528 4442 Venerabilis
563 4363 756 4441 Dominus
799 4365 981 4444 Absolon
1024 4363 1247 4443 Lundensis
1290 4365 1473 4474 Ecclesiae
1518 4366 1877 4473 Archiepiscopus‚
1922 4369 2086 4449 Sueciae

275 4474 444 4568 Primae,
472 4470 522 4552 ad
551 4471 629 4552 hoc
663 4475 813 4554 vocatis
842 4477 1174 4582 &presentibus
1204 4475 1377 4555 Domino
1408 4475 1608 4572 Esberno‚
1639 4477 1781 4556 Fratre
1800 4505 1893 4571 suc,
1924 4485 1965 4558 8(
2000 4483 2085 4559 Do·

275 4583 386 4661 mino
414 4581 803 4665 Gaufridonbbate
832 4583 882 4664 de
913 4588 1032 4680 Sora,
1063 4594 1102 4667 8(
1130 4585 1323 4665 Tochone
1354 4591 1393 4664 8(
1422 4587 1590 4667 Achone
1620 4590 1849 4696 Praepositis
1880 4593 1920 4667 8(
1956 4589 2088 4702 Magi·

275 4701 358 4775 stro
387 4692 569 4774 lohanne
598 4701 637 4773 8(
667 4697 885 4776 Thordone
915 4697 1136 4804 Capellano
1165 4727 1258 4793 suo,
1290 4697 1516 4778 lmndensis
1555 4697 1739 4779 Ecclesiae
1770 4703 2019 4798 Canonicis,
2050 4713 2088 4783 8(

276 4800 449 4885 Anfrido
479 4805 739 4904 Presbittero‚
768 4815 806 4887 8(
837 4808 1029 4916 Haquino
1058 4811 1288 4888 Camerario
1317 4838 1420 4904 suc,
1441 4810 1640 4889 &Paulo
1673 4815 1712 4890 8(
1744 4805 1910 4902 Simone
1943 4807 2089 4921 pueris

275 4914 373 5012 suis,
403 4921 442 4996 8(
469 4916 645 4998 Henrico
675 4920 878 5008 Converso
917 4917 967 5029 de
996 4921 1114 5016 Sora,
1144 4937 1273 5000 totum
1308 4921 1495 5002 videlicet
1527 4923 1817 5030 patrimonium
1847 4949 1987 5020 suum,
2021 4955 2090 5006 ex·
2190 4971 2192 4976 ·

274 5045 392 5135 cepto
420 5027 684 5126 Fialenslevc,
715 5029 828 5141 quod
866 5024 995 5110 Fratri
1038 5059 1111 5110 suo
1141 5033 1333 5129 contulit,
1377 5036 1623 5115 Monasterio
1653 5035 1702 5116 de
1748 5039 1848 5116 Sora
1896 5034 2090 5120 donavit.
2187 5104 2189 5137 „

1607 5137 1655 5192 Ξ.

2173 5170 2186 5277 Ι
