4382 5964
792 319 885 456 -ssf
952 391 1041 514 ¹aaa
1151 437 1211 462 -.

198 595 362 704 modain
390 614 587 698 universe
613 613 746 696 carnis
762 609 946 695 debitum
975 613 1249 722 persolvisset,
1277 613 1356 722 piae
1369 612 1569 700 memoria
1584 615 1784 699 Dominus
1795 616 1895 699 Vol·

129 761 302 828 amarus,
338 726 517 836 inclytus
545 726 632 808 Rex
660 725 885 822 Damnum,
914 741 1039 835 prout
1067 751 1118 806 ex
1145 728 1377 836 propinqua
1405 728 1764 836 consangvinitatis
1790 727 1896 828 linea

100 855 262 956 poterat
289 846 329 922 &
356 836 552 934 debebat,
581 835 761 945 ejusdem
791 835 947 919 Nicolai
974 836 1018 916 in
1046 852 1162 918 aetate
1190 837 1383 945 pupillari
1415 853 1514 920 tunc
1542 839 1767 938 existentis,
1795 840 1895 951 legi·
2007 850 2013 858 '

58 941 65 962 ’
100 959 221 1046 timus
244 969 368 1035 ,tutor
395 967 491 1052 erat.
520 949 603 1058 Qvi
629 946 728 1029 dtrm
756 975 780 1026 a
808 946 1044 1056 supradicto
1072 949 1121 1030 H.
1150 935 1307 1032 Comite
1350 948 1580 1032 Sverinensi
1622 953 1806 1062 captivus
1835 968 1895 1034 te·

28 1147 32 1160 ,
90 1083 298 1161 'ner-etur,¹
326 1067 367 1144 &
394 1061 490 1155 alias
518 1059 806 1168 acaptivitate
849 1059 1012 1142 liberari
1048 1079 1132 1140 non
1175 1077 1328 1169 posset,
1347 1111 1350 1121 ,
1371 1059 1643 1144 mediantibus
1685 1063 1892 1160 omuibus,

99 1199 273 1290 quorum
301 1177 493 1258 iuteresse
521 1170 756 1267 videbatur,
784 1169 862 1252 hoc
890 1172 1023 1254 extitit
1050 1171 1306 1278 placitatum,
1335 1171 1447 1280 quod
1462 1172 1677 1281 predictus
1699 1174 1894 1284 pupillus,

98 1289 292 1373 Nicolaus
319 1283 509 1368 videlicet
536 1282 695 1364 Nicolai
723 1282 847 1378 lilius,
891 1311 968 1392 pro
1004 1281 1250 1364 redemtione
1279 1284 1521 1390 captivitatis
1563 1284 1747 1393 praedicti
1775 1288 1898 1396 Regis

99 1400 373 1484 haereditatem
402 1423 533 1492 suam,
562 1393 751 1475 videlicet
777 1391 913 1475 dotem
942 1395 1188 1474 matrissuae
1223 1392 1451 1502 praefatam,
1488 1397 1531 1475 in
1559 1421 1698 1478 mantas
1725 1395 1896 1496 illustris
1976 1447 1980 1454 .
2062 1454 2063 1466 κ

55 1547 66 1562 ·
101 1513 265 1596 Domini
292 1508 451 1593 Alberti
479 1523 578 1587 tuuc
607 1505 732 1584 Ducis
760 1505 945 1588 Saxoniaa
976 1505 1102 1585 libere
1137 1505 1376 1614 resignavit,
1423 1522 1593 1614 propter
1621 1506 1731 1618 qvod
1760 1510 1803 1592 in
1832 1538 1900 1592 re·

39 1607 45 1619 ⁸
97 1625 390 1704 staurationem
418 1615 598 1726 ejusdem
628 1614 734 1698 dotis
762 1615 895 1697 dictus
924 1617 1009 1698 Rex
1038 1614 1149 1698 dicto
1178 1643 1308 1726 puero
1336 1632 1484 1698 terram
1508 1617 1732 1720 Hallaudiae
1760 1622 1803 1701 iu
1830 1649 1894 1722 re·

4 1773 13 1787 ⁶
100 1761 182 1844 gno
212 1733 345 1814 Daciae
373 1728 598 1828 liberaliter
626 1729 861 1836 assignavit,
892 1727 970 1807 sibi
983 1730 1145 1838 suisqve
1166 1726 1396 1808 haeredibus
1422 1729 1467 1808 in
1496 1745 1739 1838 perpetuum
1768 1730 1895 1813 libere

98 1841 400 1956 possidendam,
429 1855 554 1949 prout
581 1840 664 1921 haec
701 1841 833 1919 omnia
849 1835 853 1848 ’
869 1841 913 1919 in
956 1840 1230 1920 instrumentis
1272 1839 1428 1946 Regum
1457 1841 1760 1949 &Principum
1799 1840 1895 1925 inde

99 1955 294 2039 confectis
322 1951 482 2063 plenius
509 1951 790 2047 continentur,
820 1957 858 2032 8t
886 1953 990 2030 sicut
1018 1947 1096 2032 fide
1125 1953 1402 2058 perspeximus
1430 1949 1600 2031 oculata.
1630 1953 1895 2063 Quapropter

100 2067 402 2150 universitatem
429 2078 603 2144 vestram
631 2064 870 2170 reqvirimus
899 2066 939 2141 &
967 2088 1156 2170 rogamus
1184 2061 1448 2148 attentissime
1477 2064 1768 2170 supplicantes,
1797 2093 1894 2175 qva·

100 2198 218 2262 tenus
246 2175 442 2257 illustrem
486 2173 705 2254 Dominum
746 2174 929 2271 Ermum,
974 2173 1140 2281 Regem,
1182 2173 1412 2265 monitis&
1441 2175 1629 2279 precibus
1672 2177 1820 2258 votivis
1847 2203 1899 2257 ac

100 2288 249 2372 sedulis
276 2285 495 2368 efficaciter
522 2282 724 2364 inducere·
742 2283 955 2382 studeatis,
987 2282 1101 2394 quod
1116 2284 1312 2366 Jacobum
1328 2282 1507 2386 nobilem
1535 2289 1684 2382 virum,
1712 2305 1897 2370 noenum
2001 2357 2004 2366 ,

7 2483 15 2498 ,
103 2399 464 2508 consaugvineum,
493 2401 533 2476 &
560 2396 762 2475 bonorum
793 2397 1095 2504 praedictorum,
1123 2423 1213 2504 qvae
1241 2397 1284 2476 in
1312 2409 1586 2478 restauramen
1614 2394 1721 2480 dotis
1748 2397 1895 2508 praedi·

101 2531 175 2594 ctae
203 2511 298 2594 data
334 2525 447 2605 suut,
490 2505 688 2588 haeredem
731 2508 974 2614 legitimum,
1017 2523 1188 2615 propter
1231 2506 1360 2586 Deum
1388 2512 1427 2587 8r
1454 2507 1649 2614 justitiam
1684 2512 1895 2592 restituere
1945 2513 1949 2524 '

101 2651 184 2705 non
213 2618 377 2704 differat
411 2620 709 2724 &restitutum
753 2621 811 2696 uti
842 2620 1057 2725 permittat
1091 2615 1240 2699 eisdem
1282 2617 1512 2725 pacifice&
1541 2620 1688 2728 quiete.
1747 2623 1924 2702 Datum·
1963 2663 1966 2672 ·

103 2733 262 2815 Sverini
290 2728 552 2840 praesentibus
582 2746 671 2808 toto
701 2729 891 2837 Capitulo
928 2730 1160 2810 Sverinensi
1188 2757 1234 2810 ac
1269 2728 1406 2808 multis
1448 2727 1636 2810 fidelium¹
1655 2739 1696 2814 &
1723 2731 1928 2815 vasallo·r

13 2905 21 2918 .
101 2873 192 2925 rum
222 2857 456 2923 nostrorum
486 2840 644 2938 &aliis
673 2867 790 2956 qvam
821 2840 1009 2949 pluribus
1039 2841 1116 2920 fide
1146 2840 1290 2948 dignis.
1328 2842 1448 2919 Anno
1477 2841 1638 2928 Domini
1673 2845 1907 2948 1283.„1n„

101 2955 167 3059 die
196 2957 236 3036 S.
266 2953 496 3058 Augustini.
1057 2987 1058 2990 ¹

34 3214 238 3357 wart·
417 3288 424 3299 -
627 3367 630 3377 Ι
745 3143 1276 3356 1283d8Sept
1510 3140 1892 3360 varaingnorg.

64 3458 70 3470 „
180 3431 264 3494 Kon.
285 3429 377 3494 Euros
398 3433 408 3492 i
429 3397 593 3494 Daumarlt
614 3429 809 3494 Stadlitstelse
829 3431 871 3514 pt
902 3391 956 3493 det
974 3430 1060 3492 slb'te
1081 3427 1163 3510 Kon.
1177 3429 1370 3493 Wrnnsusa
1403 3429 1493 3510 gilvit
1523 3429 1639 3493 Gresve
1658 3434 1812 3496 Nicotaus
1832 3432 1893 3496 och
1974 3393 1981 3404 ·
2110 3475 2112 3482 ›

233 3512 300 3575 dess
320 3513 478 3596 arfvingar
499 3515 541 3599 pi
561 3513 679 3575 hfillten
701 3510 737 3576 tf
754 3511 898 3577 Halland.
2019 3529 2025 3536 '

1571 3595 1605 3651 L.
1625 3607 1666 3652 rot
1686 3607 1757 3666 torp.
1785 3645 1789 3651 .

269 3733 435 3826 Eurum,
465 3731 537 3810 Dei
567 3731 697 3839 gratia
727 3731 935 3809 Danorum
978 3729 1295 3840 Selavorumque
1318 3758 1428 3825 rex,
1471 3730 1660 3810 omnihus
1688 3747 1892 3840 presentes

99 3841 234 3942 literas
265 3841 504 3950 inspecturis
534 3842 577 3920 in
607 3825 781 3922 Domino
810 3841 989 3921 salutem.
1021 3837 1249 3930 Su'ffocaret
1276 3840 1456 3922 br'eviter
1471 3855 1584 3949 gesta
1604 3839 1782 3923 fidelium
1797 3869 1892 3950 pro-

94 3980 232 4032 cessus
261 3953 473 4061 temporis,
502 3953 579 4031 nisi
608 3953 767 4060 scriptis
794 3951 859 4032 vel
887 3952 1117 4031 testimonio
1146 3949 1348 4031 bonorum
1377 3950 1644 4033 firmarentur.
1693 3955 1893 4034 Noverint

38 4155 48 4164 g
99 4065 449 4172 igituruniversi,
479 4081 561 4142 tam
593 4056 891 4172 posteriqua'm
918 4079 1138 4170 presentes,
1167 4061 1276 4170 qvod
1306 4063 1398 4171 qvia
1431 4089 1480 4141 ex
1510 4061 1638 4141 relatu
1674 4063 1892 4144 memoriali

99 4177 400 4264 &testimonio
440 4173 636 4253 nobilium
683 4175 777 4254 satis
820 4171 1041 4253 evidenter¹
1073 4173 1359 4266 intelleximus,
1403 4171 1621 4279 gloriosum
1666 4175 1892 4283 principem

90 4287 316 4382 Douijuum
346 4285 495 4393 Regem
525 4283 1040 4392 Waldemarumpreclare
1068 4285 1274 4403 premorie,
1304 4310 1421 4363 avum
1451 4300 1654 4382 nostrum,
1675 4313 1733 4366 -ex
1761 4287 1897 4366 consi-'

98 4397 154 4475 lio
184 4397 313 4504 Regni
345 4397 413 4484 sui¹
436 4395 666 4494 meliorum,
695 4395 948 4478 medietatem
977 4391 1344 4490 terre'Hallandie,
1381 4421 1472 4474 cum
1501 4393 1690 4478 omnibus
1718 4411 1903 4506 proven-⁴

46 4583 51 4590 ,
97 4503 228 4602 tibus,
257 4507 513 4594 libertatibus
549 4513 587 4587 a
619 4504 798 4615 juribus,
840 4535 885 4587 ac
914 4505 1103 4587 omnibus
1132 4509 1171 4584 &
1197 4504 1366 4612 singulis
1394 4506 1573 4591 serviciis
1601 4510 1640 4588 &
1668 4509 1890 4591 attinentiis

96 4643 250 4698 corone
279 4619 394 4726 regni
476 4617 721 4700 rtinentibus
749 4615 923 4699 Domino
957 4619 1105 4700 Comiti
1147 4614 1346 4698 Nicholao
1374 4618 1523 4698 &suis
1551 4615 1778 4704 heredibus
1812 4648 1890 4729 pro
1965 4707 1969 4714 ,

22 4725 24 4728 ’
98 4745 210 4812 terra
239 4727 310 4808 sua¹
339 4729 385 4810 iu
416 4646 598 4824 Riveriu,
638 4759 730 4811 cum
769 4737 854 4841 'qua
884 4757 908 4811 a
936 4729 1167 4841 captivitate
1209 4727 1463 4812 inimicorum
1499 4729 1730 4842 redemptus
1771 4725 1891 4812 fuisse

98 4837 351 4948 dinoscitur,
372 4835 595 4924 reddidisse
625 4841 668 4920 in
697 4842 857 4950 plenam
886 4839 1313 4950 recompensationem,
1343 4843 1383 4920 8<
1408 4837 1587 4948 legaliter
1600 4833 1675 4923 sub
1693 4869 1787 4948 vere
1801 4865 1899 4936 sco-f

99 4951 264 5033 tationis
292 4946 414 5031 titulo
444 4947 682 5058 assignasse„
711 4951 800 5059 jure
829 4951 1043 5061 perpetuo¹
1057 4945 1357 5060 possidendam,
1382 4951 1609 5036 secundum
1623 4951 1737 5069 qvod
1748 4955 1796 5074 ,ip
1806 4944 1895 5078 pri7
