4382 5964
806 518 1237 624 4655-

117 768 241 884 genti.
270 761 351 850 Se'd
378 763 455 847 hec
482 789 636 849 summa
661 755 962 846 nichillominus
989 776 1051 851 est
1076 759 1278 871 plenarie,
1312 763 1354 844 &
1388 760 1645 870 integraliter
1683 764 1912 874 persoluta,

117 886 178 966 Ne
206 879 333 990 igitur
359 899 483 988 super
509 871 743 960 huiusmodi
769 872 880 958 iacto
906 889 991 956 tam
1018 871 1306 959 deliberatorie
1318 869 1543 974 celebrato,
1570 880 1612 958 &
1637 875 1833 978 consulte,
1861 907 1909 962 ac

114 993 334 1076 salubriter·
360 981 571 1085 ordinato,
600 988 789 1116 cuiquam
816 984 1091 1088 dubitacionis
1118 986 1284 1070 materia
1298 999 1371 1066 aut
1393 983 1626 1098 calumpnie
1638 985 1909 1100 relinquatur,

114 1101 245 1214 sigilla
274 1097 449 1182 Domini.
463 1099 530 1182 ²M.
559 1097 801 1182 serenissimi
829 1101 936 1208 regis
963 1099 1179 1180 Sweorum
1193 1095 1526 1207 Gothorumque,
1554 1101 1596 1180 8ι
1624 1097 1792 1183 illustris
1847 1127 1910 1182 cr

113 1215 222 1298 mani
249 1215 347 1295 eius.
374 1211 417 1292 B.
451 1209 566 1293 ducis
590 1209 836 1321 Fynlandie,
864 1239 911 1292 ac
937 1207 1180 1292 venerabilis
1207 1207 1338 1319 patris
1364 1205 1528 1293 domini.
1544 1209 1589 1294 B.
1610 1210 1791 1322 episcopi
1818 1130 1911 1322 lyn-

112 1319 322 1438 kdpensis,
350 1321 502 1419 Meum,
530 1348 607 1405 nee
633 1349 720 1406 non
748 1328 789 1405 &
815 1319 1072 1434 predulcium
1105 1346 1303 1418 mearum,
1342 1319 1569 1426 Margarete
1597 1325 1638 1406 &
1664 1321 1809 1405 helene
1835 1324 1911 1408 lili·

115 1466 230 1521 arum
245 1431 323 1517 feei
338 1431 617 1545 presentibus,
644 1436 768 1518 Anno
782 1433 920 1517 domin
922 1433 938 1543 j
954 1432 1168 1516 Millesimo
1181 1431 1474 1530 ducentesimo,
1490 1433 1735 1545 octogesimo
1750 1435 1912 1546 quinto,

46 1555 52 1566 '
114 1547 329 1658 fidedignis
356 1551 397 1628 &
424 1545 659 1628 auctenticis
685 1547 870 1658 personis
897 1572 1035 1630 coram
1054 1545 1217 1655 positis,
1246 1537 1457 1653 applicari.
1487 1551 1635 1628 Actum
1656 1547 1912 1654 presentibus

115 1661 281 1744 domino
311 1657 507 1741 Nicltolao
534 1652 684 1740 abb'ate
711 1661 755 1742 in
782 1658 1015 1742 alwastrum
1044 1657 1255 1741 &Fratre
1283 1654 1441 1736 kanuto
1455 1649 1507 1738 de
1521 1655 1796 1770 sudherkopia
1810 1685 1911 1741 eon·

116 1771 265 1855 sessore
294 1795 397 1850 mco.
856 1775 862 1786 '

524 1875 599 1944 Atta
618 1876 641 1944 6
660 1877 780 1963 sigillet)
800 1887 855 1944 liro
874 1877 1064 1958 bortlsllnm
1084 1873 1283 1944 ulkemidat·
1303 1873 1400 1940 finnus
1421 1869 1511 1960 qva'r.

124 2081 322 2194 80r.'
942 2086 1118 2195 1285,

199 2305 489 2388 low'Esorsstss
508 2307 687 2382 Gilvobrei
700 2307 743 2394 pl
764 2303 988 2399 Medalbytorp
1007 2306 1050 2396 pl
1071 2302 1172 2374 bland
1192 2306 1243 2375 till
1262 2304 1385 2394 Nydala
1405 2306 1533 2372 kloster.

1448 2432 1455 2444 ,
1558 2374 1823 2446 aluums

286 2492 487 2576 Omnibus
516 2491 656 2576 christi
684 2491 871 2576 fidelibus
900 2512 1105 2604 presentes
1133 2491 1289 2576 litteras
1316 2495 1559 2604 inspecturis
1599 2493 1742 2604 Frater
1768 2491 1919 2582 lohan-

119 2631 190 2686 nes
217 2602 351 2706 dictus
379 2605 501 2715 Eleps
529 2632 608 2686 sun
636 2603 782 2688 milicie
809 2605 951 2690 christi
979 2604 1030 2687 de
1057 2603 1213 2690 liuonia
1239 2599 1418 2689 Salutem
1446 2606 1554 2714 ineo
1568 2606 1642 2718 qui
1662 2619 1724 2686 est
1738 2607 1919 2690 omnium

119 2743 213 2798 vera
241 2716 360 2814 salus,
388 2715 559 2798 Racioni
574 2743 799 2800 consonum
826 2714 915 2800 fore
930 2715 1111 2800 creditur
1130 2721 1171 2800 &
1184 2717 1352 2800 omnino
1367 2731 1627 2828 posterorum
1643 2715 1809 2800 utilitati
1821 2745 1918 2830 pro-

121 2825 304 2908 futurum
334 2844 378 2909 vt
406 2825 521 2940 quod
555 2828 622 2938 pic
649 2833 688 2910 &
716 2825 889 2911 fideliter
916 2857 939 2910 a
968 2826 1156 2912 fidelibus
1197 2829 1353 2938 geritur
1395 2855 1448 2910 ne
1488 2855 1683 2938 processu
1725 2831 1921 2941 temporis

120 2933 277 3020 facilius
304 2967 327 3018 a
355 2938 547 3020 memoria
577 2937 738 3024 decidat
764 2939 993 3022 litterarum
1020 2943 1258 3024 testimoniis
1284 2938 1543 3037 confirmare,
1572 2941 1920 3050 lunotescat·ergo

120 3066 261 3131 tenore
291 3051 544 3156 presencium
572 3067 656 3132 tam
684 3053 942 3162 presentibus
979 3079 1103 3164 quam
1143 3049 1384 3163 postfuturis
1411 3079 1475 3134 me
1504 3049 1740 3134 deuotionis
1768 3047 1922 3134 affectu

120 3177 389 3271 prouocatum
416 3159 604 3271 predium
632 3161 840 3274 quoddam
868 3165 912 3246 in
939 3161 1282 3273 maedalbirthorp,
1310 3158 1525 3276 parrochie
1564 3157 1783 3272 sigarstad,
1811 3177 1920 3244 terre

121 3270 298 3365 {blandis
327 3299 448 3354 vnam
476 3272 632 3356 hastam
646 3275 842 3402 quinque,
872 3275 1033 3360 cubitos
1059 3275 1281 3362 secundum
1309 3302 1463 3358 morem
1491 3272 1600 3357 illius
1627 3272 1760 3384 patrie
1789 3275 1919 3356 conti·
2013 3266 2019 3288 ’

121 3399 282 3466 nentem
313 3411 389 3492 pro
412 3386 549 3488 ,anima
576 3387 760 3496 coniugis
788 3415 874 3470 mee
902 3386 1123 3500 predilecte
1151 3388 1207 3469 ob
1235 3387 1496 3469 remissoncm
1523 3411 1690 3468 suorum
1718 3405 1932 3468 meorum-'

121 3523 201 3608 que
230 3495 510 3606 peccaminum
538 3495 765 3580 donacione
793 3498 1004 3612 sollempni
1034 3499 1279 3582 monasterio
1321 3496 1558 3581 Noueuallis
1596 3514 1797 3608 perpetuo
1821 3522 1920 3580 con-

123 3605 272 3688 tulisse.
303 3607 365 3688 Ne
395 3607 521 3715 igitur
549 3608 732 3718 personis
761 3611 805 3690 in
834 3609 978 3693 eodem
1006 3611 1252 3694 monasterio
1267 3608 1434 3693 domino
1462 3603 1541 3692 deo
1568 3607 1840 3692 seruientibus
1855 3606 1922 3687 uel

123 3746 264 3800 eorum
293 3717 591 3803 successoribus
632 3722 704 3831 qui
732 3747 810 3830 pro
852 3738 1035 3832 tempore
1077 3722 1121 3801 in
1148 3721 1315 3806 ecclesia
1358 3717 1514 3804 fuerint
1554 3733 1773 3802 mmnorata
1800 3743 1925 3828 super

121 3828 349 3912 donacione
383 3827 567 3939 predicta
594 3849 676 3914 tam
706 3830 1054 3943 sollempniter&
1082 3831 1262 3944 legaliter
1289 3830 1512 3930 celebrata,
1538 3831 1676 3942 aliqua
1711 3829 1839 3940 possit
1861 3829 1925 3910 in·

121 3956 330 4050 posterum
360 3940 592 4050 calumpnia
620 3943 809 4042 suboriri,
840 3961 1045 4055 presentes
1073 3943 1227 4029 litteras
1255 3945 1506 4056 inpressione
1538 3941 1660 4053 sigilli
1694 3941 1773 4054 mei
1800 3938 1924 4022 robo-
2029 3947 2070 3978 ·“
2137 3939 2144 3946 “

122 4068 232 4136 ratas
259 4049 408 4134 eisdem
438 4051 606 4138 confero
633 4057 678 4136 in
705 4050 979 4139 testimonium
1007 4052 1299 4166 &pleniorem
1340 4053 1594 4140 euidentiam
1636 4051 1923 4164 premissorum
2009 4147 2012 4154 ⁴
2108 4081 2116 4098 ·

121 4165 205 4248 Hec
234 4179 370 4244 autem
398 4163 534 4246 littera
564 4164 659 4248 data
688 4183 748 4250 est
775 4171 895 4251 Anno
924 4165 1077 4252 domini
1105 4165 1503 4251 M‘CC⁰LXXX'V⁰.
1518 4165 1628 4250 'licet
1648 4163 1802 4250 dictum
1829 4163 1926 4273 pre-

123 4273 238 4368 dium
266 4273 443 4360 antefato
473 4276 718 4364 monaterio
747 4279 868 4390 longe
896 4297 989 4361 ante
1016 4277 1141 4362 fuerit
1170 4279 1428 4388 assignatum.

871 4389 992 4473 Sigillct
1013 4387 1181 4456 bortlsllet.
1297 4451 1300 4456 .

24 4627 29 4635 '
130 4615 264 4726 802.
515 4766 518 4774 Ι
751 4622 901 4731 1285
949 4621 1118 4730 d.aa
1166 4614 1317 4726 Febr
1752 4555 1927 4724 Skua.
1997 4641 2034 4677 ²

206 4837 288 4903 Kon.
308 4785 439 4906 Missus
460 4836 500 4902 lts
520 4813 776 4910 Testamenteal
790 4841 858 4928 iord
880 4841 941 4908 och
961 4843 1149 4930 penningat,
1170 4838 1313 4921 shudar,
1334 4861 1377 4904 m.
1396 4859 1439 4902 m.
1458 4836 1507 4902 till
1527 4833 1876 4990 kyriffihskslisoer'
1981 4827 1994 4842 ⁴

292 5062 346 5144 ln
373 5018 536 5143 nomine
569 5021 712 5151 ¹sancte
742 5062 783 5141 &
811 5057 1024 5142 indiuidue
1052 5058 1258 5143 trinitatis.
1297 5057 1467 5170 Magnus
1502 5053 1568 5140 dei
1601 5057 1758 5168 gracia,
1786 5057 1924 5140 Sweo-

118 5199 216 5260 rum
246 5165 562 5284 Gothorumque
589 5171 701 5268 Rex,
728 5169 941 5255 Vniuersis
967 5168 1112 5254 christi
1139 5167 1351 5272 fidelibus,
1380 5183 1464 5256 tam
1492 5170 1667 5302 posteris
1688 5195 1813 5284 quam
1839 5194 1928 5254 mo·
