4406 5966
845 523 944 556 -i
1011 479 1083 560 681
1204 523 1258 542 -

145 707 325 816 sequitur
355 730 434 783 vna
463 699 554 781 talis
583 701 633 782 dc
662 696 790 778 verbo
819 698 870 780 ad
899 696 1071 778 verbum
1115 701 1378 781 Decreuimus
1411 725 1517 810 ¹ergo
1538 716 1599 779 ⁴vt
1626 698 1730 778 nulli
1770 706 1939 786 omnino

145 817 349 898 hominum
380 812 498 896 liceat
530 811 733 921 prefatum
762 811 1047 891 monasterium
1076 826 1225 892 temere
1255 813 1497 920 perturbare
1526 826 1597 890 aut
1612 812 1697 891 eius
1723 817 1939 920 possessio-

145 957 214 1008 nes
243 925 405 1006 aulerre
424 923 499 1004 -vel
529 921 681 1004 ablutas
711 922 886 1002 retinere
915 923 1096 1004 minuere
1112 951 1182 1003 sau
1206 924 1456 1033 quibuslibet
1471 922 1755 1006 vexationibus
1771 923 1939 1035 fatigare
2002 997 2004 1001 ,

145 1037 222 1120 Sed
253 1038 386 1116 omnia
415 1039 574 1142 integra
603 1051 897 1116 conseruentur
926 1050 1064 1113 earum
1093 1062 1374 1145 pro'quarum
1389 1035 1754 1146 gubernacionaac
1783 1055 1939 1120 susten·

144 1152 301 1231 tacione
329 1143 518 1228 concessa·
547 1165 642 1226 sunt
662 1145 801 1227 usibus
823 1145 1075 1226 Omnimodis
1103 1146 1322 1255 profutura
1337 1149 1459 1228 Salua
1487 1147 1593 1229 sedis
1622 1148 1839 1256 apostolice
1856 1163 1939 1231 tau·-

143 1264 327 1344 ctoritate
363 1263 413 1342 Et
432 1251 656 1338 ssdioeasani
693 1258 872 1366 episcopi
902 1259 1095 1338 canonica
1140 1260 1342 1340 instancia
1374 1260 1526 1370 Siqua
1555 1261 1681 1370 igitur
1709 1267 1781 1340 &c
1807 1251 1938 1344 adsum

144 1376 222 1454 Nm
252 1373 304 1478 96
335 1373 401 1453 till
426 1371 608 1450 examine
638 1369 777 1451 diuinc
805 1368 956 1476 vlcionj
986 1377 1058 1450 &c
1080 1373 1160 1452 orla
1187 1373 1331 1452 nidore
1358 1373 1425 1452 till
1450 1373 1560 1479 pacis
1590 1373 1811 1453 inveniant.

145 1751 275 1868 82'2.
689 1743 692 1750 ⁴
846 1741 1251 1880 turdi-1201.¹
1372 1833 1373 1838 κ

89 2075 94 2085 q
222 1986 272 2047 W.
294 1982 454 2045 Abbotens
475 1985 486 2042 i
507 1983 633 2044 Citeanx
656 1980 823 2045 Skrisvelse
843 1982 893 2042 till
916 1981 1094 2044 iirke-Bisl.
1116 1985 1253 2046 Arsacen
1275 1987 1284 2042 i
1307 1984 1398 2046 Lund
1419 1983 1490 2056 rned
1507 1983 1630 2047 alskrilt
1650 1986 1688 2046 af
1703 1987 1801 2049 Parve
1824 1989 1935 2076 Locrus
1999 2033 2003 2050 ,

272 2065 340 2126 lllts
362 2066 460 2126 Bulla.

1589 2151 1623 2202 A.
1644 2167 1665 2202 ι.
1684 2149 1710 2204 d
1728 2153 1752 2206 8.
1769 2150 1803 2221 ¹¹¹)
1896 2202 1900 2214 ,

307 2281 554 2378 Reuerendis
585 2283 770 2392 patribus
800 2289 839 2361 8(
868 2281 1049 2362 dominis.
1081 2283 1265 2390 absalonj
1295 2282 1361 2390 dej
1389 2287 1522 2390 gracia
1548 2283 1742 2370 ¹lundensi
1786 2286 1937 2369 archie-

141 2397 307 2504 piscopo
322 2391 395 2473 -8(’
424 2394 620 2499 vniuersis
649 2389 915 2502 suffraganeis
958 2397 1042 2472 eius
1057 2438 1074 2452 -
1092 2393 1234 2473 Frater
1251 2440 1266 2454 ·
1286 2395 1340 2474 W
1370 2393 1502 2475 dictus
1522 2497 1524 2502 Ι
1544 2395 1667 2476 abbas
1696 2395 1905 2501 'Cistercii
1920 2445 1937 2458 -

142 2506 318 2595 Salutem
349 2533 440 2584 cum
469 2506 643 2615 plurima
659 2507 892 2585 reuerencia
908 2549 926 2566 ·
941 2505 1219 2614 significamus
1234 2506 1472 2613 paternitatj
1485 2523 1618 2588 restra
1633 2554 1650 2567 -
1666 2512 1936 2589 auctenticum

12 2679 14 2686 .
140 2618 366 2725 subscripta
396 2617 594 2697 libertatis
623 2643 747 2724 penes
775 2645 849 2696 nos
877 2615 1019 2696 haberi
1034 2661 1052 2676 ·
1067 2617 1107 2693 in
1138 2621 1221 2725 quo
1249 2617 1352 2696 sicut
1367 2634 1500 2696 vestra
1521 2618 1775 2726 perpendere
1803 2635 1937 2727 potest

101 2771 103 2776 ¹
141 2727 571 2810 discrecio-dominus
601 2757 706 2835 papa
735 2730 829 2807 satis
865 2725 1075 2808 euidenter
1118 2728 1251 2807 innuit
1294 2727 1463 2808 eandem
1506 2731 1937 2824 immunitatem-uni·

38 2877 42 2887 ¹
142 2869 260 2922 uerso
290 2838 428 2946 ordinj
458 2856 597 2919 nostro
626 2865 851 2920 concessam
870 2884 886 2899 -
904 2838 996 2922 licet
1039 2838 1266 2946 specialiter
1309 2865 1384 2948 pro
1416 2838 1619 2950 aliquibus
1650 2839 1936 2952 ‚domibus-85

139 2949 380 3062 specialibus
408 2950 559 3031 scribat
604 2951 786 3058 personis
804 2952 940 3030 -sicut
978 2950 1127 3031 diuersi
1169 2967 1267 3030 tunc
1311 2979 1425 3031 casus
1468 2952 1936 3060 exigebant-Quoniam

139 3091 235 3172 ergo
257 3060 334 3141 sub
349 3061 470 3170 sigilli
487 3064 614 3144 nostri
629 3062 859 3142 testimonio
876 3109 892 3122 -
909 3061 1108 3142 Tenorcm
1125 3062 1250 3190 ipsius
1264 3059 1481 3170 auctenticj
1497 3051 1691 3143 besariom
1707 3062 1810 3142 sieut
1826 3055 1936 3172 apud

144 3203 218 3256 nos
248 3189 308 3254 est
324 3219 341 3234 ·
357 3174 474 3253 vobis
504 3172 749 3255 destinamus
764 3220 781 3235 ·
797 3175 999 3282 Rogantes
1037 3172 1242 3279 humiliter
1271 3181 1311 3253 8(
1339 3190 1490 3255 attente
1506 3220 1523 3235 -
1539 3173 1743 3279 Quatinus
1758 3218 1775 3234 -
1790 3172 1935 3258 fratres
2067 3227 2072 3232 -

143 3303 302 3367 nostros
331 3285 404 3394 qui
436 3284 546 3393 apud
575 3312 648 3365 vos
677 3301 773 3365 sunt
801 3300 942 3366 contra
972 3303 1053 3364 tam
1083 3286 1247 3367 euidens
1283 3285 1518 3366 mandatum
1560 3285 1704 3365 summi
1733 3285 1935 3392 pontificis
2055 3359 2059 3372 .

140 3398 274 3476 vexari
307 3395 540 3476 nullatenus
569 3397 811 3503 permittatis
829 3442 847 3458 ·
862 3414 921 3476 est
944 3398 1074 3504 igitur
1090 3398 1132 3475 in
1150 3397 1257 3514 hunc
1273 3396 1436 3477 modum
1453 3397 1604 3478 Lamos
1621 3401 1696 3476 &u
1713 3427 1753 3476 se
1774 3399 1855 3478 Nm
1872 3397 1933 3502 93.

141 3788 272 3892 823.
606 3834 615 3846 ·
661 3929 666 3935 Ι
762 3787 1297 3912 1180:talet-—1202.

218 4009 335 4068 Brncnn
357 4007 435 4092 lanu
459 4005 497 4066 Its
519 3978 753 4091 Gdsiob1·ef'pd
774 4007 920 4070 hemman
942 4012 951 4067 i
974 4011 1177 4072 Wermeland
1200 4011 1247 4086 till
1271 4011 1443 4090 Risaberga
1465 4007 1588 4070 kloster.

1457 4161 1463 4192 3
1578 4119 1621 4196 ⁸A.
1643 4121 1667 4178 3.
1684 4127 1801 4191 noram.

303 4261 504 4348 Omnibus
533 4263 653 4341 buius
681 4264 794 4370 regni
823 4259 966 4341 incolis
996 4261 1250 4368 presentibus
1265 4267 1303 4339 8(
1320 4259 1468 4338 futuris
1489 4259 1675 4365 birgerus
1692 4238 1934 4340 'du'x'suueo-

27 4405 38 4412 ·
135 4401 226 4452 rum
256 4372 309 4451 ab
332 4398 380 4449 eo
406 4371 527 4482 dirigi
556 4373 720 4458 inuiam
751 4374 918 4452 iusticie.
950 4373 1021 4480 qui
1051 4375 1177 4451 iustos
1206 4371 1338 4479 diligit
1372 4375 1411 4449 8(
1439 4369 1607 4450 roborat
1637 4366 1748 4450 dono
1779 4369 1935 4450 celestis
2002 4470 2005 4476 Ι

132 4486 275 4594 gratie.
306 4485 412 4584 Quia
443 4487 697 4593 omnipotens
726 4473 825 4563 d'eus
855 4511 938 4561 non
967 4483 1114 4562 nostris
1145 4481 1296 4560 meritis
1326 4483 1432 4562 inter
1461 4481 1643 4562 homines
1665 4497 1724 4560 set
1747 4498 1933 4562 coeterna

37 4693 40 4700 μ
131 4595 212 4674 sibi
241 4594 425 4674 bonitate
455 4591 529 4674 nos
558 4589 813 4677 sublimauit(
834 4612 956 4703 atque
986 4623 1076 4673 cum
1106 4595 1257 4671 uirtute
1294 4595 1479 4702 potencie
1509 4591 1750 4673 diuitiarum
1783 4594 1934 4672 emolu·

131 4705 278 4784 mentis
307 4703 610 4800 habundantius
646 4706 803 4788 ditauit.
849 4707 999 4813 gratias
1028 4723 1073 4784 ut
1104 4703 1268 4820 dignum
1312 4711 1434 4816 est'ei
1466 4697 1686 4785 referimus.
1728 4703 1789 4822 set
1821 4709 1860 4783 8(
1889 4705 1934 4782 ea

175 4951 200 5024 *)
223 4944 312 5008 Eftcr
333 4969 371 5008 cn
394 4946 571 5009 vidimation
594 4949 631 5010 af
648 4937 825 5012 irie-Risi.
848 4949 986 5010 stnnus
1009 4953 1020 5028 i
1041 4948 1130 5008 Lund
1153 4948 1181 5006 d.
1211 4969 1245 5029 ¹9
1261 4939 1332 5008 ¹lan.
1373 4931 1455 5010 rdod'.

266 5065 453 5135 SuDiplona
1092 5131 1099 5142 ο
1385 5135 1388 5140 Ι
1681 5027 1749 5104 86..
1893 5019 1918 5052 ι,

1430 5167 1438 5204 l
1684 5183 1695 5192 ..
