4406 5966
787 470 874 560 ·-.·“
955 453 1035 562 673
1142 467 1204 518 ·-·-·

13 671 301 837 ΙΙ817.11
473 701 477 715 ’
614 683 616 691 ’
706 681 1260 798 ‘1285'd.3100t
1314 689 1339 834 Ἰ
1410 823 1414 826 ¹
1646 683 1885 812 'Kalmac
2011 695 2042 810 j.
2159 743 2183 790 a

172 909 254 976 Kon.
276 909 406 975 Macros
417 906 458 972 Its
467 901 729 970 sdsomGodman
740 904 825 988 gifna
834 887 1049 968 domitvisten
1058 901 1175 970 mellan
1194 903 1533 990 KouungeniNorrige
1552 881 1899 969 oclt'Hanses'ttdema.=
1927 920 1928 924 ’
1967 883 1970 886 ’
2133 907 2137 918 ’
2182 869 2184 906 ³

1429 1035 1457 1074 ·.
1562 1017 1596 1076 la.
1619 1034 1658 1076 tor
1679 1019 1752 1075 1028.

125 1139 127 1146 ’
259 1123 459 1208 Omnibus
488 1139 691 1234 presentes
721 1115 859 1206 literas
886 1121 1127 1231 inspecturis
1160 1121 1350 1232 Magnus,
1385 1123 1461 1203 Dei
1489 1123 1618 1232 gratia
1647 1121 1887 1220 Sw'crorum
2000 1125 2002 1128 ’
2089 1120 2103 1208 ,“
2190 1105 2192 1192 ἶ

96 1239 401 1348 Gothorumqve
429 1263 520 1331 rex,
548 1235 715 1316 salutem
743 1237 785 1314 in
814 1233 981 1316 domino
1009 1233 1303 1344 sempiternam.
1332 1235 1483 1314 Exorta
1512 1229 1592 1343 'jam
1625 1230 1781 1314 dudum
1808 1231 1891 1312 dis·
1981 1261 1995 1336 ,·
2021 1313 2029 1342 ι,

99 1350 233 1432 cordia
261 1351 368 1430 inter
396 1345 590 1428 illustrem
620 1347 846 1457 principem
876 1345 1093 1429 Dominum
1123 1346 1166 1426 E.
1195 1373 1330 1454 regem
1372 1345 1608 1456 Norwegie,
1641 1369 1889 1454 reguumqve

12 1529 19 1544 .
102 1489 215 1543 suum
245 1467 284 1552 8(
312 1458 499 1542 subditos
526 1484 578 1537 ex
606 1473 835 1566 parteuna,
865 1462 905 1538 8(
921 1457 1099 1540 civitates
1113 1455 1294 1562 Lybikh,
1323 1453 1520 1553 Rdzstok,
1552 1458 1748 1555 Vismarh,
1778 1457 1890 1537 Stra·

101 1571 256 1667 lasund,
285 1567 540 1680 Gripswold,
559 1566 736 1678 'Rigam,
765 1573 805 1648 &
822 1569 908 1650 Th.
954 1563 1004 1676 (os
1035 1567 1327 1682 Theutonicos)
1356 1570 1399 1649 in
1428 1567 1594 1678 Vistby,
1624 1573 1664 1648 8(
1690 1566 1892 1670 dictarum
1989 1619 1992 1622 -

99 1685 303 1764 civitatum
331 1681 484 1762 incolas
513 1707 563 1760 ex
591 1698 708 1791 parte
726 1680 863 1777 altera,
891 1707 938 1760 ex
955 1705 1034 1790 qva
1055 1676 1534 1794 personarum'pericula,
1564 1707 1700 1759 rerum
1729 1676 1892 1789 dispen-

99 1792 173 1888 dia,
204 1819 286 1872 non
302 1793 386 1872 sine
401 1793 625 1886 animarum
654 1792 883 1875 discrimine
911 1809 1196 1900 provenerunt,
1226 1789 1391 1871 tandem
1411 1791 1531 1869 Anno
1547 1790 1710 1870 Domini
1726 1788 1893 1900 111ξο08-

100 1904 328 1983 [ιΧΧΧΝ“
358 1905 465 1988 circa
495 1903 642 1984 festum
669 1904 777 1984 beati
805 1901 1001 1983 lobannis
1022 1902 1210 2010 baptiste,
1240 1931 1332 1982 cum
1360 1898 1567 2011 predictus
1596 1902 1793 1981 Dominus
1822 1895 1895 1979 ren
1941 1989 1946 2000 ,

100 2017 312 2123 Norwegie
341 2019 381 2096 8(
409 2041 483 2095 nos
511 2040 669 2096 necnon
698 2020 738 2096 8(
757 2016 894 2117 nuntii
923 2016 1133 2124 civitatum
1147 2013 1419 2123 predictarum
1434 2004 1895 2119 convenissemusapud
1968 2025 1974 2038 ’

99 2126 395 2233 Gulbyaerxhus
423 2123 474 2207 de
501 2125 774 2234 pacisfedere
802 2127 1034 2221 tractaturi,
1064 2125 1157 2206 cum
1171 2125 1307 2206 multis
1336 2153 1382 2204 ac
1411 2124 1532 2210 variis
1557 2121 1798 2204 tractatibus
1825 2123 1896 2201 ba·

79 2237 193 2338 ‚bilis
221 2235 352 2319 dictus
380 2264 451 2318 rex
480 2240 520 2316 8(
551 2235 752 2318 dictarum
781 2237 991 2318 civitatum
1019 2237 1155 2316 nuntii
1197 2234 1443 2323 concordare
1487 2261 1570 2319 non
1600 2251 1781 2352 possent,
1798 2235 1914 2343 ,plat

100 2349 182 2430 cuit
211 2351 267 2428 eis
296 2373 368 2428 nos
398 2349 441 2427 ln
469 2347 651 2456 predicta
681 2375 801 2428 causa
831 2348 1079 2436 constituere
1106 2345 1282 2457 judicem
1312 2345 1388 2436 sub
1416 2347 1491 2426 hac
1519 2345 1667 2444 forma,
1709 2344 1898 2426 videlicet

101 2475 147 2538 ut
178 2456 290 2567 quod
319 2487 369 2551 es
398 2474 514 2568 parte
544 2457 696 2540 domini
740 2460 846 2567 regis
887 2459 1107 2568 Norwegie
1149 2457 1257 2555 duo,
1295 2463 1335 2539 8(
1363 2457 1446 2540 duo
1473 2485 1524 2540 ex
1552 2455 1912 2570 partedietarum-

101 2572 308 2651 civitatum
338 2575 532 2678 assumpti
559 2568 714 2681 judices
745 2571 788 2654 in
815 2569 917 2651 festo
945 2572 1054 2652 beati
1082 2569 1288 2651 Michaelis
1334 2587 1483 2651 extunc
1528 2573 1716 2680 proximo
1759 2568 1896 2649 subse'·

102 2697 249 2792 qvente
277 2709 412 2761 coram
442 2680 561 2762 nobis
587 2681 1137 2779 Kalmarnieterminarent,
1167 2681 1332 2772 deberet
1361 2687 1390 2760 a'
1412 2679 1598 2791 partibus
1620 2682 1793 2762 tirmiter
1823 2679 1897 2759 ob·
1995 2763 1998 2770 .

100 2795 273 2888 servari,
303 2791 413 2902 qvod
440 2820 538 2874 vero
566 2792 826 2874 concorditer
854 2795 1068 2875 terminare
1097 2821 1182 2885 non
1218 2806 1400 2902 possent,
1445 2791 1523 2875 hoc
1551 2821 1625 2875 nos
1653 2791 1758 2876 infra
1787 2819 1896 2888 men-

100 2929 181 2984 sem
210 2901 487 3012 computando
516 2932 540 2984 a
568 2923 789 2985 memorato
818 2903 919 2987 festo
955 2902 1066 2985 beati
1108 2905 1310 2986 Michaelis
1352 2901 1574 2988 secundum
1615 2901 1732 2984 deum
1762 2907 1897 2982 &no-

98 3031 221 3096 stram
250 3015 537 3096 conscientiam
566 3017 856 3097 sententialiter
885 3014 1072 3098 decidere
1101 3044 1349 3114 curaremus,
1370 3017 1583 3098 sententia
1609 3031 1747 3116 nostra
1776 3009 1897 3094 modo

98 3124 218 3206 simili
246 3124 413 3220 tirmiter
441 3153 464 3204 a
494 3124 679 3235 partibus
707 3125 971 3209 observanda.
999 3127 1151 3207 Verum
1179 3155 1271 3209 cum
1307 3124 1481 3242 predicti
1521 3124 1743 3237 judices&
1770 3121 1898 3204 dicta-

58 3245 188 3317 'rum
215 3238 397 3345 partium
425 3253 711 3344 procuratores
739 3237 792 3319 ad
834 3239 1109 3345 Kalmarniam
1152 3241 1257 3321 circa
1299 3238 1561 3330 memoratum
1604 3255 1761 3347 tempus
1802 3242 1915 3317 con-'

99 3349 317 3443 venissent,
348 3353 387 3426 8(
416 3349 635 3457 propositis
663 3349 757 3430 hinc
787 3348 882 3431 in‘de
926 3350 1118 3459 gravibus
1161 3347 1298 3431 arduis
1327 3378 1374 3430 ac
1403 3349 1695 3458 multiplicibus
1723 3349 1898 3459 questio·

99 3487 198 3538 num
228 3457 406 3539 articulis
435 3487 527 3540 cum
557 3462 600 3539 in
628 3460 704 3542 biis
732 3458 887 3568 judices
916 3460 1167 3542 concordare
1182 3488 1265 3540 non
1295 3479 1469 3582 possent,
1492 3479 1777 3571 procuratores
1806 3489 1897 3566 par·
1970 3504 1972 3512 J

97 3573 201 3653 tium
229 3570 307 3650 hoc
336 3571 653 3680 perpendentes,
684 3599 758 3652 nec
786 3600 870 3654 non
898 3577 935 3652 8(
995 3571 1072 3652 vod
1104 3568 1156 3652 ad
1192 3565 1436 3654 decisionem
1476 3570 1707 3679 hujusmodi
1738 3588 1898 3682 tempus
1968 3635 1972 3640 .
2035 3603 2042 3622 ‘

98 3681 348 3788 assignatum
385 3700 517 3761 artum
561 3697 664 3766 esset
706 3683 873 3768 nimium
901 3687 940 3761 8(
965 3600 1169 3771 babentes
1211 3683 1264 3764 ad
1305 3682 1383 3765 hoc
1426 3683 1598 3793 speciale
1632 3687 1672 3762 8(
1699 3680 1898 3762 sufficiens

12 3859 19 3870 .
97 3785 333 3873 mendatum
364 3792 407 3870 in
437 3820 510 3874 nos
539 3793 694 3902 magnis
722 3793 841 3874 nobis
870 3793 987 3880 factis
1022 3793 1223 3875 instantiis
1266 3795 1631 3904 compromiserunt
1670 3792 1822 3888 taliter,
1851 3807 1898 3870 ut

97 3901 292 4014 qvicqvid
321 3931 444 4011 super
509 3904 679 3984 remissis
709 3903 921 4000 discordiis
950 3902 1139 3984 omnibus
1168 3911 1207 3986 8(
1236 3905 1403 4015 singulis
1431 3903 1535 3986 infra
1564 3931 1740 3984 mensem
1769 3904 1898 3983 conti-

96 4017 261 4096 tinuum
291 4041 314 4100 a
345 4013 447 4095 festo
477 3933 587 4109 lleati
615 4014 724 4097 Luce
753 4019 940 4123 proximo
959 4016 1166 4123 ‘preterito
1203 4033 1465 4105 summentem
1501 4016 1661 4097 initium
1694 4013 1897 4095 arbitran·
1984 4039 1988 4046 ’
2098 4093 2102 4101 .

96 4125 200 4209 dum
214 4123 459 4222 duxerimus,
490 4151 651 4216 manere
681 4125 848 4212 deberet
876 4128 1159 4206 inconcussum
1187 4125 1263 4214 sub
1293 4153 1397 4234 pena
1426 4127 1570 4246 viginti
1609 4125 1762 4210 milium
1791 4153 1897 4234 mar·

99 4237 273 4317 charum
303 4237 397 4343 puri
427 4237 586 4348 argenti
613 4235 657 4314 in
684 4236 866 4345 pondere
900 4235 1141 4332 coloniensi,
1171 4264 1248 4345 pro
1276 4234 1488 4324 medietate
1517 4235 1635 4317 nobis
1663 4253 1704 4317 et
1726 4265 1804 4348 pro
1818 4265 1899 4318 me·

99 4345 256 4430 dietate
284 4348 392 4454 parti
409 4347 500 4428 lese
528 4375 552 4426 a
582 4362 697 4456 parte
728 4373 806 4456 qve
846 4347 909 4427 vel
939 4347 1151 4429 arbitrium
1180 4365 1362 4427 nostrum
1379 4373 1462 4427 non
1484 4347 1705 4456 susceperit
1732 4348 1797 4430 vel
1812 4375 1899 4431 sus·

96 4485 147 4540 ce
179 4474 267 4538 tum
296 4457 525 4556 violaverit,
554 4454 862 4554 solvendarum,
898 4476 1022 4566 prout
1050 4458 1093 4537 in
1127 4456 1252 4538 literis
1291 4457 1518 4565 superbos
1547 4457 1757 4554 confectis,
1798 4485 1897 4570 qvas

96 4487 223 4664 nobis
252 4563 454 4649 dederunt
482 4567 580 4650 dicti
609 4583 893 4677 procuratores
935 4569 1131 4676 partium,
1174 4567 1333 4677 plenius
1363 4570 1603 4654 continetur.
1663 4571 1745 4652 Nos
1772 4571 1899 4680 igitur

96 4677 375 4773 advertentes,
418 4677 651 4786 hujusmodi
694 4677 897 4772 discordia
925 4703 1011 4759 non
1039 4679 1191 4787 sopita,
1228 4679 1415 4766 immania
1457 4677 1693 4760 multimoda
1722 4685 1761 4764 8(
1788 4683 1899 4762 uaria

97 4786 287 4902 pericula
317 4787 596 4898 multipliciter
622 4790 849 4885 imminere,
877 4817 951 4898 per
978 4815 1055 4900 qve
1084 4788 1233 4876 eisdem
1267 4788 1486 4873 commodis
1529 4790 1762 4901 temporalis
1790 4795 1900 4901 pacis
1975 4843 1979 4848 -

99 4906 145 4980 &
174 4914 311 4979 eterne
339 4897 427 4979 tolli
456 4926 573 5009 posse
600 4925 685 4980 non
713 4901 911 4980 immerito
939 4895 1160 4980 timendum
1195 4897 1317 4995 esset,
1360 4927 1407 4997 ec
1436 4915 1575 4988 eorum
1624 4898 1813 5011 precibus
1839 4905 1900 4984 in·
1957 4997 1962 5002 ¹

98 5009 245 5104 climati
274 5005 362 5088 zelo
390 5012 502 5119 pacis
530 5009 631 5093 tacti
655 5015 696 5093 8(
724 5011 1011 5121 compassionis
1038 5009 1174 5098 studio
1203 5013 1321 5126 moti,
1364 5039 1414 5092 ne
1442 5015 1643 5110 tenuis&
1673 5011 1787 5095 exilis
1815 5016 1899 5104 cin·

246 5151 293 5210 (ν.
309 5151 435 5224 aaaron.
1513 5134 1517 5142 '
1601 5141 1605 5154 ¹
1667 5124 1717 5199 85
1830 5215 1834 5222 ,
1939 5155 1944 5163 ·
