4398 5958
996 451 1056 526 ...
1169 463 1248 544 500
1341 451 1415 528 ’ἔ-

337 689 470 799 6'01.
685 629 691 732 i·
919 743 922 749 ·
990 695 1139 835 1275
1187 689 1315 797 d.'6
1363 690 1477 797 Oct
1730 617 1735 626 ⁵
1810 693 2071 848 Linktping.

193 882 199 896 ⁸
288 945 292 950 -
408 903 455 968 «K.
476 907 606 970 Μιοιιῐι
627 905 666 970 lta
686 907 872 973 stadfa'stelse
892 911 934 995 pt
954 909 994 974 de
1012 911 1051 973 af
1066 910 1106 973 K.
1127 913 1312 975 Watoettaa
1333 911 1366 974 tt
1386 911 1466 994 Riga
1489 912 1611 975 liirunte
1632 909 1936 998 bandelsprivilegier.

1658 1028 1694 1086 L
1713 1035 1735 1082 t
1752 1043 1777 1080 ²²
1794 1030 1852 1099 ⁵⁴²,
1866 1033 1923 1100 ⁶2o
1938 1031 1974 1100 *l

499 1157 672 1242 Maccus
701 1161 777 1241 Dei
805 1163 932 1270 gratia
962 1162 1046 1243 Rex
1077 1163 1271 1242 Sveorum
1302 1160 1611 1242 Venerabilibus
1641 1163 1822 1244 Dominis
1849 1181 1889 1243 et
1915 1169 2072 1248 Reveren-

333 1269 395 1352 dis
422 1271 597 1351 Domino
625 1275 673 1352 Jo
703 1332 712 1353 .
744 1335 753 1353 .
784 1274 857 1353 Dei
886 1275 1014 1380 gratia
1045 1271 1083 1351 S.
1100 1273 1282 1381 Rigensis
1296 1271 1470 1353 eeclesiae
1490 1271 1827 1382 Archiepiscopo‚
1857 1278 1897 1354 E.
1924 1278 2074 1384 Magistro

333 1383 486 1461 Domus
515 1380 832 1487 Teutonicorum
861 1410 935 1491 per
962 1384 1207 1488 Lyvoniam‚
1236 1385 1281 1464 A.
1311 1385 1440 1462 Priori
1472 1384 1675 1478 Fratrum,
1713 1385 1759 1462 V.
1789 1383 1982 1466 Gardiano
2005 1389 2075 1467 Fra·

333 1509 443 1593 trum
471 1493 671 1571 minorum
699 1492 867 1572 salutem
897 1494 938 1573 in
966 1491 1131 1573 domino
1159 1495 1454 1601 sempiternam.
1485 1491 1769 1575 Referentibus
1798 1497 1911 1577 nobis
1936 1498 2076 1580 literato

280 1624 288 1643 ·
333 1603 392 1684 rie
420 1601 650 1698 didicimus,
686 1601 876 1684 dilectum
919 1600 1085 1683 fratrem
1129 1603 1450 1698 waldemarum,
1497 1601 1821 1683 Predecessorem
1865 1609 2077 1686 nostrumin

335 1712 542 1831 Regimine
572 1713 720 1821 Regni,
749 1711 917 1793 Ciuibus
946 1713 1121 1793 ciuitatis
1150 1714 1332 1822 Rigensis
1360 1710 1552 1823 quasdam
1581 1715 1860 1796 concessiones
1887 1736 1924 1797 et
1948 1717 2075 1798 liberta·

335 1840 395 1905 tes
421 1821 632 1904 indulsisse
660 1824 704 1903 in
727 1820 835 1903 hunc
864 1821 1046 1904 modum:
1089 1855 1129 1904 se
1164 1826 1246 1904 Nso
1276 1825 1367 1905 556.
1403 1825 1487 1904 Nos
1521 1825 1645 1931 igitur
1686 1827 1970 1934 suprascriptas
2005 1855 2075 1909 con·

335 1934 530 2022 cessiones
558 1948 599 2012 et
628 1933 830 2014 libertates
858 1935 961 2013 sicut
994 1934 1100 2041 juste
1147 1951 1187 2014 et
1231 1934 1308 2014 rite
1350 1933 1516 2015 indultae
1549 1951 1662 2030 sunt,
1705 1952 1812 2014 ratas
1848 1937 2019 2017 habemus
2050 1955 2078 2016 ct

334 2042 442 2154 ipsas
457 2043 693 2126 auctoritate
709 2045 766 2123 Re
795 2045 832 2124 ia
849 2047 1137 2132 confirmamus.
1154 2041 1303 2126 Datum
1311 2046 1516 2154 Lincopiae
1531 2072 1638 2124 anno
1654 2045 1818 2125 Domini
1835 2047 2075 2128 M.CC.LXXV

334 2155 467 2266 pridie
494 2155 634 2237 Nonis.
664 2073 865 2236 Octobris.

338 2545 470 2652 602.
844 2539 848 2544 ’
981 2528 1129 2693 [275
1176 2548 1225 2653 d.
1272 2551 1303 2654 6
1351 2549 1478 2656 Nov.

416 2769 591 2848 Besallning
612 2766 649 2826 af
664 2763 977 2830 eretum-orden
998 2769 1118 2832 llinnan
1139 2769 1187 2832 till
1208 2767 1536 2833 provinno-Priores
1558 2770 1568 2829 i
1590 2771 1751 2835 Daumarlr
1773 2783 1819 2834 att
1841 2763 2076 2844 befordratoigbet
2148 2835 2149 2844 ἵ

468 2854 553 2914 inom
574 2847 671 2910 orden
691 2847 752 2909 och
772 2849 845 2911 med
866 2850 972 2914 andra.
1781 2935 1817 2990 Α.
1838 2937 1862 2990 3.
1880 2951 1903 2988 α
1922 2948 1943 2986 n
1962 2947 1981 2982 Ι.
2148 2869 2149 2883 .

500 3069 553 3146 Jn
581 3065 732 3150 christo
759 3065 836 3150 sibi
863 3064 1069 3149 karissimo
1097 3064 1224 3146 fratri.
1255 3069 1301 3146 Α.
1330 3068 1458 3174 priori
1485 3069 1726 3174 prouinciali
1761 3069 1935 3151 fratrum
1963 3060 2077 3145 ordinis
2147 3059 2148 3146 Ῡ

336 3177 649 3290 predicatorum.
689 3179 901 3287 prouincie
948 3176 1087 3259 dacie.·
1113 3177 1255 3257 Frater
1294 3176 1495 3258 lohannes
1536 3175 1707 3258 fratrum
1749 3182 1926 3263 eiusdem
1964 3170 2077 3257 ordinis

336 3317 476 3370 seruus
504 3289 667 3371 inutilis.
705 3291 807 3368 Cum
836 3291 990 3369 sincere
1018 3286 1245 3369 dilectionis
1280 3285 1452 3367 affectu.
1477 3315 1588 3369 sacre
1629 3289 1836 3398 religionis
1866 3285 2076 3400 plantarium.

336 3417 381 3482 vt
409 3397 565 3479 fructus
594 3400 799 3480 uberiores
828 3396 982 3482 afferat.
1018 3414 1058 3478 et
1086 3395 1226 3476 diuino
1254 3399 1389 3502 gustui
1417 3396 1564 3478 offerat
1599 3396 1810 3482 dulciores.
1865 3429 1945 3480 non
1982 3390 2075 3474 solum

338 3511 527 3592 conuenit
548 3509 792 3590 salutaribus
820 3511 980 3588 monitis
1008 3525 1049 3587 et
1081 3507 1426 3596 exhortationibus
1468 3508 1637 3615 irrigarj.
1683 3539 1825 3591 uerum
1855 3513 1967 3591 etiarn
1990 3495 2076 3582 idad

335 3647 500 3702 manum
533 3617 738 3728 diligentis
766 3617 930 3699 cultoris
972 3619 1159 3726 exquirit.
1206 3632 1407 3724 oportune
1436 3615 1645 3725 discipline
1673 3619 1809 3702 studio
1845 3620 1999 3700 frutices
2025 3609 2076 3728 ¹¹⁰⁶.

315 3744 453 3812 'mane
482 3728 732 3810 infirmitatis.
762 3755 841 3837 que
870 3730 911 3806 in
939 3730 1027 3836 ipso
1055 3727 1260 3820 interdum
1288 3727 1701 3834 pululantsollicicius
1722 3731 2076 3843 precidentem.nt⁵¹

336 3839 449 3951 quod
478 3839 594 3920 absit.
630 3842 868 3950 cuiusquam
901 3838 1087 3944 neglectu
1116 3838 1158 3916 in
1186 3838 1429 3917 ramusculos
1458 3839 1683 3946 periculose
1710 3856 1996 3922 succrescerent
2011 3833 2076 3909 ''im-

338 3951 527 4060 pedirent
550 3947 797 4034 damnosius.
826 3948 1045 4057 proculus
1087 3947 1272 4054 profectu
1308 3948 1534 4029 laboratum
1562 3965 1623 4030 est
1666 3948 1823 4056 diucius
1854 3968 1895 4031 et
1923 3945 2078 4028 sudatum·

337 4063 442 4144 Ecce
470 4060 686 4142 karissime.
714 4059 850 4141 diuine
881 4058 1040 4168 pietatis
1069 4059 1320 4138 immensitas.
1350 4086 1428 4166 que
1450 4076 1680 4167 peccatores
1709 4067 1874 4142 ueniens
1902 4059 2018 4139 saluos
2040 4049 2077 4128 la·

188 4243 206 4270 ,,
337 4199 429 4262 cere
463 4171 661 4251 neminem
690 4171 778 4253 uult
805 4171 949 4278 perire.
984 4187 1024 4251 et
1051 4166 1282 4249 desiderans
1311 4169 1387 4248 sibi
1416 4169 1556 4250 offerri
1599 4173 1794 4279 populum
1832 4161 2077 4284 acceptabiles

336 4311 422 4366 non
449 4280 663 4362 habentem
691 4280 886 4361 maculam
915 4307 1044 4388 neque
1072 4306 1222 4386 rugam.
1253 4281 1477 4360 nouissimis
1505 4280 1648 4360 diebus
1669 4283 1917 4362 beatissimos
1945 4273 2077 4357 domim·

337 4422 429 4477 cum
457 4409 497 4473 et
524 4390 764 4472 franciscum
791 4407 984 4501 tanquam
1014 4389 1335 4497 diligentissimos
1350 4391 1555 4498 operarios
1584 4393 1626 4470 in
1655 4391 1848 4473 mundum
1864 4390 2077 4472 eodemten·

338 4530 438 4611 pore
467 4503 573 4586 misit
587 4500 786 4610 similique
814 4501 948 4584 officio
977 4498 1205 4582 destinauit.
1233 4528 1409 4610 quorum
1438 4517 1610 4609 uterque
1638 4499 1795 4609 fulgore
1809 4503 1937 4582 sancti
1951 4495 2077 4606 spiritus

263 4649 266 4656 ⁴
343 4612 565 4695 illustratus
600 4629 641 4693 et
668 4611 801 4694 calore
830 4638 1052 4692 succensus.
1082 4627 1126 4692 vt
1154 4609 1232 4691 sibi
1259 4609 1331 4718 filij
1359 4626 1529 4719 paterna
1557 4613 1757 4694 imitantes
1785 4612 1953 4720 uestigia
1978 4627 2078 4686 naste-

227 4805 237 4826 ,
343 4739 494 4807 rentur.
530 4719 714 4806 ordinem
742 4722 927 4803 instituit.
964 4725 1077 4803 ouius
1105 4719 1352 4830 professores
1380 4736 1564 4832 potentes
1594 4748 1715 4830 opere
1743 4739 1784 4803 et
1809 4746 1987 4804 sermone
2010 4735 2077 4796 cote

246 5038 250 5048 Ι
381 4971 409 5046 ⁶)
429 4963 621 5046 ''Otiginalet
641 4963 679 5025 af
704 4963 827 5028 Brefvet
859 4962 952 5026 finnea
972 4963 1017 5024 uti
1047 4961 1140 5046 Rigas
1170 4963 1470 5050 murilegis-bow
1495 4963 1568 5050 169,
1600 4963 1660 5030 oeb
1680 4973 1715 5027 'ar
1744 4963 1904 5028 eschilles
1933 4947 2081 5026 tentatas
2143 4955 2144 5000 3

362 5115 375 5134 ἱ
423 5047 509 5110 Etstt
529 5045 566 5110 li.
586 5045 770 5169 Langebeck
791 5050 801 5111 i
822 5045 1037 5133 Klipenbamn.
2142 5059 2143 5112 ξ
