4370 5950
973 463 1394 561 -τ152-

237 735 240 750 ·
296 689 417 771 domo
453 684 619 794 propria
660 711 896 793 permanere
938 687 1054 794 quasi
1096 689 1352 796 propositum
1394 683 1586 766 castitatis
1621 685 1665 764 in
1694 683 1837 769 Serulo
1865 698 2062 780 servatura,

293 797 573 879 nichilominus
606 795 962 880 consummandum
977 815 1050 902 est
1078 797 1312 906 conjugium
1342 796 1423 906 jam
1437 811 1701 891 contractum,
1717 795 1794 874 nisi
1815 823 1856 875 se
1876 811 1970 876 voto
1984 823 2065 875 con·

294 909 498 988 strinxerit
525 906 576 988 ad
607 907 903 989 observantiam
930 908 1173 1016 regularem,
1209 911 1363 1017 inquo
1397 935 1491 987 casu
1526 907 1732 1014 compelli,
1758 901 1818 987 ”ut
1845 905 1983 986 relicto
2017 933 2066 984 se·

294 1017 387 1098 culo
419 1017 625 1133 religionis
652 1019 910 1126 propositum·
934 1035 1169 1128 exequatur.
1200 1021 1350 1101 Datum
1377 1021 1428 1099 ΙΙ.
1458 1017 1555 1099 Idus
1581 1015 1771 1122 lanuarij.
1844 1055 1848 1060 ·

186 1533 199 1542 .
276 1334 432 1532 ι114.
934 1407 1081 1512 1206
1130 1408 1178 1514 d.
1235 1411 1300 1524 13
1347 1409 1478 1558 lan·

376 1624 468 1688 Pttv.
490 1627 939 1716 lproctrrrusllltstillstdnd
961 1627 1146 1691 liir'samma
1168 1627 1629 1711 l1·ke-Biskop„somemade
1660 1629 1733 1710 riga
1763 1639 1846 1690 emot
1867 1623 2070 1708 hedningarne
2168 1657 2170 1660 ·

399 1775 401 1780 ,
427 1707 477 1850 (pud
488 1710 663 1886 lilssledpii6m
684 1710 768 1780 iistra
787 1711 919 1790 kuster),
942 1723 988 1779 att
1012 1714 1023 1774 i
1045 1713 1106 1782 den
1127 1713 1211 1790 stad,
1244 1713 1306 1814 der
1322 1712 1385 1776 han
1407 1713 1520 1772 hunuit
1542 1720 1645 1772 utrota
1689 1710 1920 1787 hedendomen,
1954 1711 2071 1772 tittsnn

1539 1905 1569 1962 F.
1592 1921 1613 1957 1:
1634 1923 1673 1974 rr,
1705 1907 1759 1960 An.
1779 1909 1803 1964 8.
1822 1905 1875 1976 Ep·
1898 1924 1954 1980 197.

920 2046 1173 2130 ,Innocentius
1203 2047 1277 2122 &a
1309 2041 1458 2122 Eidem.

462 2187 565 2270 Cum
593 2184 644 2266 de
673 2185 889 2266 Christiani
918 2187 1091 2268 nominis
1120 2186 1268 2294 injuria
1298 2183 1500 2264 vindicata
1527 2183 1631 2294 juste
1661 2213 1707 2264 ac
1735 2187 1801 2292 pie
1822 2187 2012 2292 ‘cogitans
2038 2213 2080 2265 ex

299 2299 488 2411 religioso
517 2300 660 2386 mentis
689 2300 900 2405 proposito
934 2313 1282 2406 contrapaganos
1311 2294 1534 2376 decreveris
1584 2295 1802 2404 proficisci,
1847 2299 2080 2376 auctoritate

300 2403 379 2490 tibi
404 2409 649 2517 presentium
679 2405 949 2518 indulgemus,
978 2423 1025 2487 ut
1053 2409 1096 2488 in
1124 2409 1315 2501 Ciuitate,
1343 2435 1464 2515 quam
1478 2409 1733 2513 Paganorum
1748 2408 1954 2488 eliminata
1974 2436 2080 2514 spur·
2169 2403 2170 2412 '

300 2520 394 2600 eitia
422 2518 584 2599 Christo
614 2515 778 2624 juvante
806 2521 959 2627 poteris
988 2515 1041 2598 ad
1069 2518 1221 2600 cultum
1251 2518 1343 2598 fidei
1355 2517 1580 2598 Christiane
1595 2515 1799 2625 redigere,
1830 2519 2080 2604 Catholicum

266 2631 432 2711 ‘valeas
460 2630 706 2744 Episcopum
734 2628 934 2720 ordinare.
965 2629 1077 2716 Nulli
1106 2655 1204 2740 ergo
1232 2635 1304 2716 &a
1341 2629 1488 2724 Datum
1516 2627 1618 2724 ldib.
1647 2627 1842 2742 ianuar-ij.

240 3165 242 3170 ,
313 3023 439 3125 125.
659 3000 662 3006 ¹
808 2991 811 2997 ¹
948 2950 1468 3142 1206118111

377 3239 476 3304 ran.
507 3242 705 3314 Inuocrrrrus
739 3245 808 3314 lllts
839 3244 1026 3316 belrnl’telse
1054 3243 1330 3333 patrie-Bistop
1351 3248 1494 3310 Assum
1513 3197 1681 3309 'suffiscus
1703 3245 1737 3306 at
1764 3243 1984 3309 Svartbriidrn
2003 3247 2087 3310 llan-

434 3323 531 3388 kume
553 3325 563 3383 i
584 3325 744 3386 Danmarlr
765 3327 850 3410 gifna
870 3327 963 3390 bifull
984 3338 1031 3390 att
1053 3329 1104 3393 till
1125 3328 1252 3392 allmtnt
1273 3330 1394 3412 Cepitel
1416 3328 1642 3391 summantrtda
1663 3327 1922 3412 uti.Allhelgoua
1944 3329 2088 3392 klostreti

324 3454 328 3462 .
432 3403 534 3484 Lund,
555 3405 652 3469 hvars
673 3407 779 3470 Abbot
800 3411 944 3474 utveldes
965 3412 1015 3473 till
1037 3410 1126 3473 deras
1153 3433 1378 3492 gemensamma
1399 3412 1586 3496 Styresman.

1537 3525 1568 3582 F.
1590 3538 1611 3575 r:
1634 3541 1673 3577 12.
1707 3523 1762 3580 An.
1780 3527 1805 3579 8.
1824 3523 1877 3595 Ep.
1900 3529 1962 3595 198.

923 3662 1177 3750 Innocentius
1205 3669 1276 3752 &o
1305 3659 1459 3742 Eidem.

468 3785 639 3866 Gratum
667 3786 840 3893 gerimus
867 3801 908 3864 et
936 3786 1163 3895 acceptum,
1192 3815 1238 3866 ac
1266 3779 1527 3874 Fraternitati
1539 3805 1608 3868 tue
1623 3784 1745 3895 digna
1760 3789 1989 3894 gratiarum
2004 3811 2093 3894 pro·
2166 3857 2167 3862 ,

300 3898 507 4008 sequimur
537 3897 711 3994 actione,
741 3894 854 4006 quod
882 3897 986 3976 sicut
1013 3899 1077 3980 vir
1110 3895 1305 4006 providus
1333 3913 1374 3977 et
1403 3897 1594 3980 honestus
1617 3897 1667 3977 ad
1683 3926 1728 3978 ea
1743 3896 1931 4006 diligenti
1947 3897 2091 3980 sollici·

301 4009 442 4090 tudine
470 4008 593 4089 aciem
609 4023 677 4087 tue
692 4005 1025 4088 considerationis
1040 4007 1240 4104 extendis,
1257 4035 1423 4118 perque
1438 4011 1569 4090 valeat
1584 4009 1626 4098 in
1642 4009 1771 4088 Domo
1788 4011 1958 4090 Domini
1975 4012 2093 4090 Sacra

268 4191 271 4194 .
301 4119 458 4227 Religio
488 4120 716 4228 propagari.
745 4120 807 4197 Ex
833 4133 995 4197 tuarum
1023 4145 1119 4199 sane
1149 4117 1434 4227 perpendimus
1462 4122 1562 4204 serie
1592 4119 1835 4216 litterarum,
1862 4121 2097 4229 quodcum

247 4327 255 4336 .
300 4257 351 4309 ex
393 4227 578 4337 injuncto
606 4228 684 4308 tibi
712 4227 956 4336 provisionis
986 4227 1121 4318 officio
1150 4230 1326 4310 Ecclesie
1356 4232 1487 4338 Regni
1523 4232 1645 4313 Dacie
1673 4232 1864 4326 visitares,
1893 4234 2095 4341 prospici-

302 4367 371 4418 ens
398 4357 547 4424 statum
575 4338 728 4419 ordinis
761 4341 868 4446 nigri
910 4340 1202 4422 Monachorum
1243 4348 1287 4422 in
1328 4342 1513 4450 pluribus
1546 4339 1743 4440 vacillare,
1777 4340 1890 4451 quod
1938 4371 2098 4453 preser-

212 4467 220 4479 ·
305 4449 377 4526 tim
405 4475 455 4531 ex
498 4449 745 4531 diversarum
787 4451 999 4558 regionum
1041 4451 1211 4533 diversis
1252 4452 1612 4542 consuetudinibus
1656 4452 1942 4560 contingebat,
1991 4451 2098 4545 ordin

303 4583 396 4636 nem
422 4561 474 4642 ad
504 4560 819 4644 uniformitatem
850 4561 1044 4654 reducere
1073 4561 1272 4656 studuisti.
1324 4567 1476 4646 Verum
1519 4591 1646 4676 quum
1673 4567 1758 4646 sine
1794 4565 1930 4672 capite
1972 4593 2101 4677 quan-

304 4665 492 4749 tumlibet
540 4691 662 4754 tenax
710 4668 923 4781 disciplina
966 4673 1204 4774 resolvitur,
1246 4695 1289 4773 et
1332 4681 1465 4786 gregis
1506 4679 1712 4759 sinceritas
1755 4675 2006 4783 dissipatur,
2052 4671 2102 4757 ad

150 4862 161 4917 ἶ
214 4903 216 4911 y
280 4785 442 4888 ‘preces
484 4783 731 4885 prelatorum
775 4783 968 4892 ejusdem,
997 4784 1187 4886 Ordinis,
1231 4792 1287 4872 eis
1315 4787 1605 4879 deliberatione
1633 4785 1806 4899 provida
1841 4787 2100 4878 concessisti.

302 4891 421 4972 utin
451 4907 559 4970 certo
589 4894 679 4977 loco
708 4912 863 4980 certum
892 4897 973 4981 sibi
1001 4917 1204 4987 rectorem
1232 4901 1447 5016 eligerent,
1463 4904 1535 5019 qui
1550 4899 1717 4992 utilitati
1731 4899 1855 5090 totitlts
1872 4901 2043 5026 ordinis
2064 4911 2107 4983 et

1774 5037 1815 5091 sa
1832 5027 1891 5098 utt
