4404 5960
981 565 1042 620 ·.·
1146 518 1228 616 402
1324 479 1400 588 ⁸·-

303 776 433 904 47⁰·
953 717 1108 858 ‘1261
1157 751 1209 855 d.
1261 749 1454 893 t'Maj.

307 1019 313 1028 -
385 971 670 1042 'n'rle-Bisl.1.ans
688 970 728 1033 Its
750 970 763 1032 i
780 928 902 1055 lipsala
923 967 1100 1052 Stadgande
1112 969 1171 1050 ldr
1191 970 1242 1034 sitt
1263 969 1326 1030 stist
1351 979 1405 1046 att,
1427 970 1439 1028 i'
1458 968 1556 1031 lithet
1566 943 1637 1032 med
1647 967 1864 1033 hradiLunds
1872 933 1926 1034 och
1935 945 2047 1042 Rodttds

431 1057 529 1120 sedan
550 1054 625 1136 ffgde
646 1076 727 1132 rum,
748 1054 856 1135 hvarjc
887 1053 1003 1136 nyvigd
1033 1053 1138 1132 Prest,
1163 1073 1230 1113 som
1251 1053 1278 1131 ej
1311 1062 1393 1113 strar
1422 1050 1563 1113 lallades
1592 1052 1641 1114 till
1662 1053 1765 1134 ndgon
1784 1053 1864 1135 ledig
1891 1056 2048 1142 basanim,

432 1140 534 1206 skulle
550 1137 609 1201 vid
625 1137 834 1220 Domkyrkau
852 1145 896 1199 ett
916 1137 952 1196 dr
975 1133 1115 1197 nhamta
1132 1133 1308 1198 ktnnedom
1328 1135 1342 1195 i
1360 1132 1752 1217 embctsliirttttningmne.

1743 1253 1945 1312 Adana

391 1379 393 1386 ’
443 1353 677 1442 ,Πῃίυονείε
703 1367 911 1461 presentes
936 1352 1112 1434 Litteras
1138 1350 1387 1460 Jnspecturis
1414 1352 1482 1433 uel
1509 1350 1708 1434 audituris
1728 1353 1870 1433 Frater
1895 1355 1935 1434 L.
1961 1355 2051 1437 Mise-

305 1467 512 1548 seracionc
537 1462 678 1544 diuina
704 1461 925 1570 upsalensis
951 1463 1279 1570 archiepiscopus
1309 1465 1502 1543 Eternam
1531 1464 1582 1541 Jn
1605 1461 1772 1544 domino
1786 1463 1944 1545 salutem
1970 1467 2052 1546 Cura

305 1575 519 1686 pastoralis
546 1573 671 1681 olficij
705 1571 761 1653 de·
783 1573 1041 1654 ecclesiarum
1067 1572 1311 1653 utilitatibus
1345 1599 1419 1664 nos
1447 1573 1625 1654 sollicite·
1657 1573 1909 1654 considerare
1934 1603 2052 1656 amno·

60 1671 65 1688 ⁸
182 1753 191 1766 .
304 1706 376 1769 net
406 1703 452 1768 vt
479 1683 666 1764 dillatato
691 1682 857 1778 ecclesie
883 1681 950 1764 dei
976 1683 1147 1764 seruicio
1175 1682 1359 1765 Libertas
1386 1711 1540 1792 semper
1569 1700 1720 1782 crescat
1735 1682 1896 1765 ecclesie
1923 1689 1959 1765 n
1982 1711 2053 1764 snos

305 1799 427 1890 faciat
453 1793 657 1874 funiculos
682 1793 886 1902 longiores
913 1795 999 1876 Nos
1039 1795 1165 1903 igitur
1207 1795 1376 1875 aliarum
1411 1795 1667 1876 ecclesiarum
1709 1795 2056 1875 Circumiacenciun

306 1904 641 1990 consuetudinem
668 1901 932 1986 adtendentes
959 1900 1111 1986 Habito
1138 1931 1259 2012 super
1294 1904 1373 1988 hoc
1415 1932 1507 1996 cum
1548 1903 1857 1986 discrecioribns
1907 1902 2055 2012 diligenti

304 2031 480 2100 tractatu
506 2014 664 2096 'nichil‘
689 2015 747 2098 int
774 2016 1011 2125 cuiusquam
1051 2015 1319 2126 preiudicium
1352 2031 1574 2112 statuentes
1600 2015 1751 2096 scilicet
1781 2029 1971 2096 statutum
1993 2043 2054 2092 ma·

295 2132 381 2211 'tris
408 2140 546 2208 nostre
572 2140 713 2205 sancte
737 2123 945 2210 ‘lundensis
972 2153 1048 2206 nec
1074 2156 1160 2208 non
1186 2132 1226 2206 8(
1254 2126 1581 2213 Rosscheldensis
1594 2125 1853 2207 ecclesiarum
1873 2128 1921 2205 ln
1946 2142 2055 2204 nostra

305 2237 521 2350 upsaliensi
550 2235 715 2318 ecclesia
745 2241 1047 2348 prosequentes.
1076 2238 1279 2319 communi
1307 2236 1476 2318 consilio
1504 2239 1563 2318 sic
1589 2236 1779 2318 duximus
1802 2253 1990 2344 perpetuo
2002 2251 2060 2313 sta·

306 2347 503 2430 tuendum
532 2363 577 2428 vt
605 2345 791 2428 decetero
819 2349 1064 2457 quicumque
1091 2347 1142 2429 ad
1172 2346 1394 2455 sacerdocij
1409 2346 1591 2430 ordinem
1606 2363 1877 2456 promouetur
1891 2347 2061 2453 nisiprius

307 2459 549 2542 heneficium
576 2457 885 2540 ecclesiasticum
919 2457 1065 2540 habeat
1099 2455 1153 2539 ad
1193 2456 1306 2569 quod
1354 2459 1581 2566 specialiter
1624 2455 1846 2540 ordinatur
1881 2457 1943 2538 vel
1967 2457 2062 2536 eciam

307 2567 561 2682 principibus
589 2569 645 2648 ita
673 2567 726 2648 sit
752 2569 940 2669 astrictus
967 2585 1014 2648 ut
1042 2594 1110 2648 eos
1138 2569 1271 2678 ipsum
1305 2569 1420 2679 sequi
1454 2584 1642 2678 oporteat
1683 2596 1763 2650 nec
1788 2583 1924 2677 potest
1962 2565 2066 2646 abeis

308 2681 564 2791 aliquatenus
588 2677 803 2786 segregarj.
832 2681 911 2759 Pro
940 2676 1185 2761 addiscendo
1205 2678 1480 2764 ecclesiastico
1521 2678 1658 2763 officio
1685 2685 1725 2760 &
1766 2678 1984 2772 ministerio
2018 2703 2061 2754 sa·
2102 2707 2103 2710 ¹

307 2790 521 2886 cerdotali.
545 2787 758 2869 discrecins
785 2788 831 2897 jn
857 2807 1065 2898 posterum
1093 2787 1351 2902 exsequendo
1379 2792 1431 2870 Jn-
1457 2792 1590 2899 primo
1616 2817 1727 2872 anno
1735 2788 2004 2871 ordinacionis
2012 2809 2066 2864 sue

307 2920 387 2985 stet
415 2903 467 2982 Jn
495 2899 623 2982 choro
637 2899 805 2981 ecclesie
828 2901 1064 3010 upsalensis.
1090 2927 1179 3009 pro.
1206 2903 1351 2982 Marca.
1368 2904 1525 3008 argenti
1553 2899 1695 3010 ibique
1707 2902 1857 3000 discat.
1882 2895 2065 3012 quomodo.

306 3013 376 3094 uel
404 3012 580 3122 qualiter
604 3011 857 3092 commissum
884 3040 908 3091 a
936 3008 1017 3093 deo
1048 3011 1126 3091 sihi
1167 3009 1343 3092 officium
1383 3013 1464 3091 rite
1526 3012 1755 3094 ostmodum
1799 3011 1936 3092 ualeat
1973 3006 2070 3087 adin·

307 3123 424 3237 plere
450 3119 536 3227 Quj
562 3145 661 3200 vero
686 3119 746 3201 ibi
771 3119 942 3204 ulterius
968 3138 1079 3203 stare
1115 3120 1293 3204 uoluerit
1321 3040 1542 3204 dummodo
1576 3122 1864 3204 Laudabiliter
1888 3142 2068 3203 converse·

308 3252 378 3316 tur
405 3231 573 3340 dignum
599 3248 658 3312 est
685 3232 813 3312 eciam
838 3248 884 3312 vt
911 3233 999 3343 ipse
1026 3232 1375 3345 ampliorigracia
1401 3232 1638 3342 perfruatur
1661 3233 1813 3315 habeat
1833 3257 1934 3342 ergo
1960 3226 2070 3310 eodan

309 3370 420 3426 anno
447 3344 482 3422 si
509 3368 718 3422 remanere
742 3341 932 3426 uoluerit.
956 3345 1011 3424 X..
1036 3344 1153 3424 horas
1177 3341 1342 3454 argenti
1369 3344 1422 3424 Jn
1448 3371 1571 3454 super
1598 3343 1800 3426 adicimus
1827 3339 2030 3424 statuendo
2040 3350 2073 3413 ut

310 3481 403 3536 cum
431 3453 607 3561 primum
633 3451 874 3533 beneficium
901 3453 979 3534 sibi
1006 3471 1241 3565 competens.
1278 3481 1423 3536 uacare
1450 3456 1665 3562 contigerit
1698 3457 1732 3536 si
1761 3455 1957 3536 uoluntas
1971 3469 2072 3559 'paro-

173 3619 176 3624 ·
310 3566 547 3647 chianorum
574 3563 713 3672 aliquo
740 3561 863 3647 modo
891 3564 1056 3646 alluerit
1084 3594 1158 3647 nos
1185 3565 1223 3645 ei
1251 3592 1374 3674 super
1403 3565 1485 3647 hoc
1509 3567 1762 3646 uoluntatem
1789 3584 1973 3646 nostram
2004 3585 2075 3670 pro·

300 3674 382 3757 ¹cul
407 3670 535 3756 dubio
561 3699 648 3753 non
673 3699 864 3781 negamus
890 3675 998 3778 Quia
1025 3703 1122 3759 vero
1149 3676 1232 3756 hoc
1255 3675 1420 3776 salubre
1442 3691 1638 3758 statutum
1664 3674 1761 3762 satis
1797 3677 1988 3760 decenter
2012 3693 2073 3750 esse

292 3783 512 3892 ‚credimus
540 3783 856 3892 promulgatum.
882 3786 1062 3893 Dignum
1089 3803 1149 3866 est
1176 3801 1237 3866 ut.
1254 3785 1388 3868 ,huius
1411 3803 1724 3896 transgressores
1753 3787 1904 3869 statuti
1920 3779 2076 3894 penade-

310 3895 397 3978 hita
425 3893 672 4001 castigentur
702 3893 875 4003 projnde
903 3892 1114 3980 statuimus
1141 3912 1188 3975 ut
1245 3899 1290 3978 ui
1318 3899 1497 4005 promoti
1523 3896 1575 3979 ad
1584 3895 1874 3980 sacerdocium
1902 3891 2080 3978 fuerint&

310 4007 393 4088 hoc
418 4019 614 4106 statutum
627 4015 791 4085 seruare
817 4005 1069 4114 neglexerint
1097 4006 1150 4086 ab
1180 3924 1305 4116 oidcij
1317 4009 1381 4088 sui
1395 4011 1636 4090 executione
1664 4007 1797 4094 donec
1821 4035 1907 4120 que
1935 4007 1998 4086 hic
2019 4017 2079 4080 sta·

311 4133 402 4198 tuta
430 4130 529 4196 sunt
560 4111 873 4223 adimpleverint
900 4119 981 4197 sint
1009 4118 1194 4226 suspensi
1218 4133 1262 4196 vt
1290 4118 1419 4226 igitur
1442 4147 1608 4228 presens
1635 4135 1837 4202 statutum
1867 4119 1995 4202 robur
2028 4112 2081 4191 ha·

311 4227 408 4309 beat
449 4240 644 4335 perpetue
685 4223 882 4308 firmitatis
923 4227 1096 4338 sigillum
1130 4244 1316 4308 nostrum
1341 4221 1422 4310 vna
1449 4258 1543 4310 cum
1569 4231 1700 4338 sigillo
1736 4233 1914 4340 capituli
1946 4221 2082 4308 ecclesie

313 4336 546 4446 upsallensis
589 4335 770 4444 presenti
808 4334 941 4418 littere
983 4337 1169 4422 duximus
1215 4331 1505 4450 apponendum
1531 4342 1683 4424 Datum
1707 4371 1827 4426 anno·
1856 4333 2020 4424 Domini
2039 4331 2085 4414 Μ’

315 4447 553 4533 CC⁰LX⁰I'.
577 4445 656 4528 kal.
683 4442 792 4554 Maij.

787 4554 905 4640 sigillet
910 4603 925 4641 „
940 4555 1107 4644 tangenda·
1121 4559 1136 4624 i
1152 4555 1233 4626 rdda
1248 4557 1468 4642 sinantur,
1482 4557 1659 4626 bortfallet'.
