4370 5950
987 440 1045 460 ...
1153 397 1233 480 '132
1341 415 1520 474 ¹...',

298 641 384 704 non
412 621 613 713 venerint,
641 613 705 698 tel
734 612 1033 723 incorrigibiles.
1056 613 1114 698 ibi
1140 617 1425 725 apparuerint,
1454 615 1508 700 ad
1529 612 2059 714 -tertiamllonlesiamtertioe

296 729 445 842 synodi
473 728 647 837 legitime
672 725 926 808 citabuntur:
950 731 1001 808 a&
1025 725 1063 806 si
1077 726 1372 838 incorrigibiles
1401 725 1536 813 adhuc
1564 730 1795 827 extiterint,
1874 757 1899 810 ο
1933 745 2061 832 contu

236 903 241 909 -
293 840 423 925 macie
460 867 535 920 sua
576 835 841 921 anathematis
881 837 1078 920 sententia
1124 836 1332 928 ferientur.
1389 841 1508 925 Nunc
1534 857 1672 929 autem
1713 842 1858 952 popul
1896 839 2061 948 ejusdem

295 969 416 1050 terrae
456 948 640 1031 volentes
681 975 753 1028 sua
803 947 908 1030 colla
954 948 1195 1032 subtrahere
1242 947 1507 1057 synodalibus
1542 953 1767 1051 ,irretitutim
1795 980 1887 1034 oum
1920 951 2063 1059 majori·

292 1063 394 1160 bus,
436 1062 510 1172 qui
552 1059 828 1171 praeficiuntur
870 1058 958 1142 aliis
1000 1059 1092 1168 jure
1133 1059 1232 1159 fori,
1274 1062 1445 1143 consilio
1488 1063 1611 1160 inito,
1653 1065 1710 1145 eis
1751 1091 1838 1144 non
1882 1062 2064 1146 modicam
2152 1161 2154 1168 Ι

273 1174 565 1284 ¹quantitatem
578 1172 759 1281 pecuniae
774 1171 1067 1280 promiserunt,
1081 1185 1128 1251 ut
1156 1193 1298 1255 eornm
1327 1173 1477 1255 auxilio
1506 1181 1546 1257 8r
1573 1173 1904 1271 favoresuffulti,
1929 1175 1964 1254 si
1990 1171 2065 1256 fue·

297 1285 382 1368 rint
409 1286 453 1366 in
480 1281 641 1390 synodo
669 1283 845 1364 accusati
872 1281 986 1396 quod
1014 1284 1373 1366 excommunicatis
1400 1287 1698 1368 communicare
1733 1285 2067 1395 praesumpserint,

297 1423 384 1480 non
409 1411 625 1478 teneantur
652 1418 774 1502 snper
801 1393 879 1475 hoc
906 1391 1175 1503 respondere,
1205 1401 1636 1508 &quantumcunque
1677 1398 1854 1506 legitime
1896 1397 1985 1508 quis
2022 1393 2068 1476 ad
2166 1423 2168 1432 ·

90 1545 94 1560 ¹
232 1553 240 1567 ·
297 1507 500 1616 synodum
527 1505 580 1587 sit
608 1505 770 1603 citatus,
797 1506 831 1586 si
859 1507 996 1590 venire
1024 1504 1218 1603 noluerit,
1245 1523 1416 1618 propter
1445 1509 1738 1592 contumaciam
1753 1536 1838 1589 non
1852 1509 1978 1616 possit
1990 1507 2067 1586 rin·

296 1617 391 1702 culo
418 1616 843 1716 excommunicationis
870 1615 1065 1724 astringi,
1106 1615 1213 1698 Illud
1242 1620 1363 1700 etiarn
1391 1615 1510 1700 valde
1538 1617 1852 1728 reprehensibile
1896 1617 1947 1699 de
1973 1643 2069 1700 noro

298 1733 406 1814 inter
432 1728 530 1810 alias
556 1726 870 1839 consuetudipes
895 1726 1144 1837 perniciosas
1171 1729 1272 1810 obre
1322 1730 1398 1812 isse
1426 1730 1628 1827 dolemus,
1656 1729 1769 1840 quod
1786 1747 2069 1841 quantumcun-

296 1869 379 1953 que
406 1842 499 1952 quis
525 1838 608 1921 deli
639 1839 742 1921 uisse
771 1854 981 1936 noscatur,
1009 1865 1094 1919 non
1122 1839 1201 1920 nisi
1229 1757 1320 1920 arf)⁶
1316 1839 1627 1924 satisfactionem
1662 1835 1789 1940 ¹erarius
1832 1869 1975 1938 marcas
1990 1840 2069 1925 sol·
2158 1901 2161 1906 .

276 1951 436 2036 ,rendae
463 1950 649 2060 compel'
677 1952 823 2059 possit3
836 2034 840 2044 ,
853 1948 948 2031 licet
974 1947 1221 2060 quandoque
1249 1949 1396 2032 damna
1424 1951 1612 2034 Ecclesiis
1640 1953 1703 2040 rel
1730 1952 1821 2032 aliis
1848 1951 1948 2032 locis
1988 1950 2070 2031 reli·

295 2066 419 2174 glosis
447 2063 578 2160 illata,
606 2061 727 2170 longe
754 2059 918 2170 majoris
946 2061 1218 2142 aestimationis
1246 2063 1416 2144 existere
1452 2062 1680 2146 videantur.
1723 2065 1796 2144 Est
1824 2064 1945 2144 etiam
1968 2059 2070 2146 aliud

293 2174 409 2287 quod
438 2175 525 2255 Deo
552 2171 713 2254 videtur
744 2178 784 2254 8r
811 2171 932 2252 sacris
961 2170 1186 2254 canonibus
1214 2173 1437 2269 inimicum,
1465 2173 1654 2258 videlicet
1681 2175 1777 2285 quia
1806 2175 1993 2255 nituntur
2020 2174 2073 2252 in·

294 2286 509 2370 troducere
538 2281 746 2378 violenter,
775 2299 821 2364 ut
846 2283 1080 2392 quicunque
1110 2280 1161 2364 de
1189 2285 1366 2392 equestri
1401 2283 1545 2366 ordine
1581 2287 1758 2396 aliquam
1792 2313 1834 2368 se
1863 2287 1908 2366 in
1931 2285 2072 2393 ¹quinta

294 2399 358 2484 vel
386 2413 499 2478 sexta
527 2393 888 2503 consanguinitatis
916 2394 1022 2474 linea
1051 2395 1354 2500 contingentem
1388 2393 1550 2477 duxerit
1584 2398 1628 2478 in
1655 2424 1843 2494 uxorem,
1880 2397 2073 2504 Episcopo

294 2510 359 2591 vel
387 2507 608 2618 Praeposito
642 2505 800 2613 gerenti
828 2505 936 2587 vices
964 2506 1156 2614 Episcopi
1185 2504 1387 2587 marcham
1402 2508 1560 2616 argenti
1587 2507 1813 2618 persolvat,
1843 2513 1884 2588 &
1913 2506 1970 2588 sic
1985 2531 2073 2598 eam,

294 2617 431 2733 quoad
458 2617 622 2713 vixerit,
650 2615 729 2697 sibi
756 2615 887 2696 invito
915 2616 1118 2723 Episcopo
1146 2619 1265 2698 etiam
1307 2616 1439 2697 valeat
1480 2621 1668 2700 retinere.
1732 2618 1776 2699 Si
1819 2646 1921 2700 vero
1964 2613 2076 2726 pede·

296 2734 464 2816 strium*
495 2726 620 2808 fuerit
663 2726 872 2808 consortio
914 2725 1144 2833 deputatus,
1188 2724 1394 2808 dimidiam
1436 2756 1610 2810 marcam
1661 2729 1819 2837 argenti
1879 2724 2075 2838 persolvat

291 2843 514 2954 Episcopo,
528 2839 639 2918 &sic
663 2833 1002 2944 consanguineam
1030 2864 1141 2916 suam
1169 2837 1305 2948 quoad
1333 2839 1481 2920 vixerit
1508 2868 1595 2922 non
1621 2839 1806 2921 dimittet.
1836 2842 1993 2920 Vestrae
2012 2836 2077 2944 igi·

291 2973 361 3038 tur
389 2948 640 3034 universitati
668 2976 742 3057 per
769 2947 990 3056 apostolica
1019 2947 1169 3057 scripta
1197 2946 1434 3030 mandamus
1462 2967 1585 3059 atque
1614 2951 1869 3060 praecipimus
1884 2967 2077 3061 quatenus

291 3065 335 3149 id
363 3059 477 3174 quod
505 3089 528 3140 a
557 3060 687 3170 prima
715 3054 809 3139 fidei
837 3058 1085 3168 plantatione
1114 3087 1236 3168 super
1276 3059 1442 3167 synodis
1484 3059 1737 3143 celebrandis
1766 3055 2078 3170 &corrigendis

141 3183 148 3196 '
234 3266 242 3286 ⁸
290 3174 518 3259 excessibus
546 3172 727 3252 noscitur
768 3167 1064 3251 rationabiliter
1097 3169 1393 3269 introductum,
1421 3168 1745 3255 &laudabiliter
1780 3172 1981 3254 hactenus
2013 3166 2079 3252 ob

291 3301 512 3381 servatum,
527 3281 681 3365 faciatis
693 3278 981 3363 inviolabiliter
997 3279 1222 3378 observari,
1239 3272 1450 3393 quoslibet
1463 3298 1614 3363 temere
1650 3285 1881 3364 resistentes
1920 3311 1996 3392 per
2023 3278 2076 3361 di·

291 3397 542 3480 strictionem
569 3392 876 3475 ecclesiasticam
904 3391 1176 3501 appellatione
1204 3396 1430 3502 postposita
1465 3409 1775 3502 compescentes.
1805 3395 2075 3476 Perniciosam

159 3567 164 3573 ·
290 3505 390 3590 rero
420 3502 753 3587 consuetudinem
782 3500 833 3584 de
861 3501 1131 3594 satisfactione
1159 3505 1278 3585 unius
1306 3533 1466 3604 marcae,
1509 3520 1850 3615 quantuscunque
1873 3504 2077 3587 'videanu
2166 3537 2168 3544 ⁴

291 3644 500 3714 excessus,
529 3622 569 3696 δι
597 3613 648 3695 de
678 3614 961 3713 matrimoniis,
989 3643 1079 3724 quac
1122 3615 1215 3697 licet
1243 3617 1376 3699 minus
1404 3616 1581 3726 legitime
1609 3631 1820 3698 contracta
1846 3616 1961 3696 inter
1990 3642 2079 3696 con·

149 3761 174 3784 ‘-
283 3729 531 3841 sanguineos
559 3722 657 3806 dato
684 3726 819 3834 pretio
847 3743 953 3805 stare
982 3742 1282 3807 consueverunt
1310 3728 1514 3835 Episcopo
1543 3729 1763 3824 renitente,
1792 3726 1990 3808 facientes
2016 3751 2082 3836 pe·

290 3843 401 3922 nitus
429 3836 605 3932 aboleri,
633 3838 665 3918 si
692 3864 796 3946 quos
823 3834 880 3913 ita
909 3832 1147 3938 conjunctos
1175 3863 1260 3918 csse
1294 3837 1506 3934 noveritis,
1547 3856 1618 3919 aut
1645 3839 1751 3920 tueri
1786 3835 1976 3920 volentes
2011 3833 2082 3919 sub

290 3951 414 4062 hujus
442 3963 645 4059 praetextu
679 3942 983 4028 consuetudinis
1011 3944 1266 4026 matrimonia
1294 3945 1590 4047 contrahenda,
1619 3949 1683 4029 vel
1713 3977 1804 4060 quae
1819 3947 1964 4030 taliter
1993 3961 2105 4030 sunt.

291 4079 518 4158 contracta,
547 4059 625 4140 nisi
653 4073 809 4139 tantam
837 4055 1191 4168 praesumptionem
1219 4056 1439 4140 secundum
1473 4060 1688 4146 canonicas
1722 4060 2008 4142 institutiones
2034 4055 2082 4140 ad

68 4165 71 4178 '
157 4271 159 4276 ,
290 4173 553 4257 monitionem
581 4185 753 4252 vestram
782 4169 905 4278 digna
932 4164 1201 4249 satisfactione
1230 4173 1500 4268 correxerint,
1528 4171 1690 4254 sublato
1712 4170 2002 4280 appellationis
2016 4171 2084 4254 ob·

290 4284 464 4382 staculo,
506 4281 918 4365 excommunicatione
960 4277 1123 4376 notetis,
1158 4285 1198 4360 n
1233 4296 1303 4360 tan
1333 4309 1426 4363 uam
1460 4283 1826 4365 excommunicatos
1862 4311 2000 4394 usque
2034 4277 2083 4362 ad

290 4394 597 4476 satisfactionem
626 4390 871 4496 condignam
900 4391 1139 4472 auctoritate
1168 4309 1400 4500 Apostdlica
1427 4395 1627 4477 nunciatis
1646 4392 1700 4474 ab
1729 4392 1920 4490 omnibus
1936 4396 2086 4479 arctius

291 4503 514 4586 evitandos.
546 4503 748 4606 Quocirca
775 4497 1016 4581 fraternitati
1044 4515 1124 4581 tuae
1139 4530 1214 4611 per
1227 4506 1448 4615 apostolica
1463 4507 1613 4615 scripta
1628 4504 1864 4586 mandamus
1881 4521 2098 4614 quatenus

291 4615 326 4695 si
353 4610 453 4695 dicti
480 4614 723 4723 Praepositus
750 4617 790 4694 &
817 4611 978 4692 Praelati
1004 4612 1238 4696 mandatum
1272 4634 1459 4700 nostrum
1492 4618 1701 4705 noluerint
1733 4618 1800 4697 rel
1828 4633 2087 4728 contempse-

291 4725 375 4808 rint
403 4719 640 4830 adimplcre,
668 4740 716 4804 tu
744 4747 813 4805 eos
841 4721 998 4805 adhoc
1025 4726 1247 4808 monitione
1274 4735 1475 4839 praemissa
1505 4759 1587 4840 perv
1606 4755 1813 4809 censuram
1839 4725 2088 4811 ecclesiasti·

292 4863 382 4920 cam
409 4832 679 4943 appellatione
707 4833 1118 4943 remota-compellas
1147 4839 1277 4926 Nullis
1306 4840 1432 4928 literis
1460 4837 1714 4926 obstantibus
1747 4840 1922 4922 veritate
1961 4839 2087 4923 tacita

292 4951 367 5032 &c
397 4947 547 5028 Datum
573 4943 765 5029 Laterani
791 4945 932 5033 Idibus
960 4946 1210 5033 Novembris.
1301 5013 1303 5016 -
