4406 5966
869 357 1418 476 '-·6as-

320 735 465 821 perum
491 703 748 815 leprosorum
778 701 988 816 ‘lundensis
1016 718 1228 814 reparetur
1255 700 1307 784 de
1336 729 1459 784 nouo.
1514 730 1563 784 ao
1590 705 1712 786 etiam
1752 703 1869 814 ijdem
1909 733 2062 817 paupera

236 826 243 837 '
318 836 435 904 tanto
462 831 701 927 premantur
730 843 853 898 onere
882 817 1134 927 paupertatis
1162 813 1276 926 quod
1299 815 1371 895 uix
1399 813 1563 896 ualeant
1590 816 1810 925 sustentarj
1836 815 1908 895 nisi
1931 817 2062 900 fidelium

318 931 462 1016 christi
489 926 671 1012 subsidio
700 926 968 1026 adimantur,
997 929 1301 1010 uniuersitatem
1328 943 1504 1009 uestram
1533 954 1724 1036 rogamus
1757 927 1944 1009 attencius
1966 936 1998 1010 8(
2017 958 2062 1011 es·

2050 152 2056 158 ’
2134 253 2143 474 a

319 597 404 682 na
433 593 512 702 275
545 593 611 678 att
636 592 763 674 uitam
791 605 985 674 eternam.
1014 591 1117 674 Cum
1145 591 1272 701 igitur
1301 589 1480 694 Ecclesia
1508 588 1623 700 beatj
1648 543 1976 676 Johaunisdomus
1988 623 2059 704 pau·
2136 560 2141 573 ’

317 1045 530 1133 hortamur
556 1042 602 1122 iu
630 1038 797 1123 domino
814 1068 861 1124 ac
877 1041 920 1120 in
935 1041 1208 1124 remissionem
1222 1036 1341 1120 uobis
1355 1039 1601 1146 iniungimus
1630 1054 1897 1148 peccatorum,
1923 1041 2064 1149 quatinus
2142 1065 2143 1070 ‘

234 1226 238 1234 ,
319 1153 517 1238 debonis
545 1180 569 1233 a
598 1149 677 1233 'eleo
706 1152 824 1232 uobis
853 1151 1011 1232 collatis
1038 1150 1089 1232 ad
1118 1149 1284 1231 ecclesie
1321 1153 1623 1258 reparaciouem
1649 1156 1691 1232 8(
1718 1153 1897 1260 ipsorum
1935 1151 2064 1232 subuen-

318 1267 476 1348 cioncm
505 1265 591 1372 pias
619 1263 853 1344 elemosinas
882 1267 922 1341 8(
950 1279 1063 1372 grata
1085 1263 1265 1344 caritatis
1279 1261 1459 1343 subsidia
1487 1264 1687 1372 erogetis..
1705 1281 1751 1344 ut
1778 1272 1852 1370 par'
1878 1260 2066 1343 subueneio

319 1387 412 1458 nem
446 1390 622 1457 uestram
650 1374 792 1456 eadem
819 1374 985 1454 ecclesia
1014 1374 1155 1456 ualeat·
1177 1371 1348 1454 feliciter
1377 1373 1592 1482 repararrj.
1623 1377 1663 1455 8(
1685 1400 1832 1482 ‘eorum
1860 1373 1981 1480 inopie
2002 1400 2069 1453 cou-

318 1490 473 1570 sulatur
502 1515 549 1568 ac
578 1515 653 1567 uos
681 1514 756 1598 per
784 1485 858 1565 hee
886 1501 926 1564 et
954 1485 1033 1564 alia
1048 1485 1155 1566 bona
1181 1511 1262 1594 que
1278 1483 1454 1565 feceritis
1469 1484 1635 1566 domino
1660 1487 1882 1594 inspirante
1897 1481 1944 1564 ad
1968 1499 2070 1564 eterna

320 1600 483 1707 possitis
511 1598 659 1706 gaudia
688 1596 913 1704 peruenire.
944 1597 1026 1676 Nos
1046 1597 1162 1676 enim
1184 1596 1235 1676 dc
1257 1596 1528 1704 omnipotenti
1557 1595 1625 1705 dej
1653 1593 1923 1678 misericordia
1948 1599 1982 1672 8(
2003 1594 2069 1676 bea·

318 1729 455 1790 torum
498 1707 777 1817 apostolorum
819 1706 929 1814 Petrj
959 1723 1000 1787 et
1029 1706 1146 1815 Paulj
1181 1707 1333 1790 meritis
1362 1722 1403 1786 et
1432 1708 1717 1789 intercessione
1745 1706 2070 1802 conlisi,on1nihus

319 1821 395 1931 quj
423 1820 475 1902 ad
503 1819 709 1899 ecclesiam
751 1819 877 1926 ipsam
919 1818 1186 1925 personaliter
1229 1819 1493 1914 accesserint,
1521 1834 1563 1898 et
1586 1816 1643 1898 ad
1671 1819 1960 1928 reparationem
1984 1817 2071 1924 ipsius

321 1960 369 2012 ac
399 1930 601 2013 dictorum
630 1926 800 2009 fratrum
828 1929 1139 2011 subuentionem
1167 1957 1333 2009 manum
1361 1928 1827 2038 porrexerintcaritatis,
1855 1926 2072 2039 quadraginta
2141 1979 2143 2026 p

321 2042 407 2126 dies
435 2039 487 2122 de
514 2041 694 2120 iniuncta
722 2040 800 2121 sibi
828 2041 1053 2148 penitentia
1100 2043 1342 2122 auctoritate
1387 2040 1599 2147 legationis
1627 2068 1707 2151 qua
1735 2039 1938 2148 fungimur
1963 2039 2073 2118 miseri·
2141 2027 2143 2118 i

322 2152 478 2234 coditer
505 2152 731 2233 relaxamus
747 2149 780 2264 *)
810 2153 960 2231 Datum
988 2149 1124 2232 lundis
1154 2153 1193 2232 X
1220 2151 1308 2232 kal:
1328 2181 1416 2259 aug.

604 2282 607 2287 ’
669 2331 671 2336 -
700 2289 825 2374 Sigillet
845 2292 856 2352 i
876 2293 968 2374 griiut
988 2311 1048 2354 vax
1068 2289 1185 2374 htnger
1204 2290 1247 2378 pa
1267 2312 1306 2354 en
1327 2288 1421 2354 fiatad
1448 2291 1530 2354 brun
1551 2287 1747 2356 sillessuodd.

329 2524 516 2672 839..
970 2521 1486 2671 1231d.6Seps
1545 2615 1552 2630 .
1687 2559 1690 2568 ’
1868 2627 1872 2636 ,
1953 2462 2076 2624 Reate.
2142 2633 2143 2662 g

397 2741 499 2814 ,Palu
518 2743 697 2804 Gssoourus
717 2740 785 2806 lxta
806 2717 886 2806 Bref
900 2741 949 2806 till
970 2742 1211 2842 Hospitaliterua
1231 2743 1443 2824 i'Daumark,
1474 2741 1547 2808 med
1567 2739 1757 2812 castaneta
1787 2739 1833 2826 pfl
1854 2740 1926 2826 Aby
1952 2736 2002 2802 och
2018 2735 2078 2815 Arlt
2142 2685 2143 2696 ¹

459 2825 510 2889 for
531 2825 579 2888 sa
599 2824 700 2888 Eslils
720 2825 823 2909 lyrla
843 2827 855 2888 i
876 2825 976 2889 Tama.
1081 2881 1088 2888 .
1721 2905 1749 2964 D
1778 2906 1798 2960 g
1893 2907 1933 2976 49,
1948 2903 1987 2969 aa)

1753 2946 1761 2960 .
1799 2943 1807 2960 .
1834 2923 1892 2978 ¹³7

492 3011 727 3090 Gassonrus
757 3011 1011 3119 Episcopus‚.
1040 3037 1179 3092 servus
1212 3039 1421 3094 servorum
1466 3007 1553 3108 dei,
1594 3008 1751 3092 dilectis
1792 3007 1889 3097 liliis
1928 3004 2080 3088 Priori&
2137 3000 2140 3006 ’

327 3119 523 3204 fratribus
552 3118 774 3230 Hospitalis
817 3121 1130 3204 ierosolimitani
1158 3124 1203 3204 in
1229 3125 1353 3206 Dacia
1382 3122 1552 3204 salutem
1580 3127 1621 3202 8(
1642 3118 1926 3231 ,Αροεῑοίἱοαω
1958 3109 2080 3197 benedt

328 3233 504 3324 ctionem
542 3232 645 3312 Cum
688 3229 851 3316 anobis
872 3236 1028 3343 petitur
1055 3239 1130 3315 &a
1156 3238 1286 3316 scisom
1327 3235 1410 3319 Nso
1444 3235 1518 3338 157
1546 3237 1612 3318 till
1637 3235 1873 3344 Eapropter
1916 3225 2079 3312 dilectiin

328 3345 505 3426 Domino
533 3341 624 3438 filii,
652 3345 797 3424 vestris
825 3344 941 3449 fustis
970 3345 1315 3454 postulationibus
1342 3363 1459 3454 grato
1486 3353 1786 3438 concurrentes
1825 3367 1998 3435 assensu,
2030 3336 2080 3416 ne·

328 3455 490 3538 clesiam
518 3451 627 3550 beati
655 3449 797 3535 Eskilli
823 3375 1013 3564 llartyris
1041 3462 1081 3537 8(
1108 3457 1310 3568 pontilicis
1347 3457 1399 3539 de
1427 3456 1574 3554 Tunes,
1616 3483 1739 3567 quam
1768 3454 1901 3538 bona
1931 3446 2081 3538 memort'ae

171 3554 198 3682 '-
329 3569 401 3648 W.
432 3564 716 3674 Strengnensis
743 3567 989 3679 Episcopus,
1018 3567 1097 3648 loci
1111 3569 1371 3662 dioecesanus
1387 3569 1556 3676 capituli
1582 3570 1647 3650 sui
1674 3564 1899 3656 accedente
1921 3581 2080 3652 conant,

331 3678 400 3788 pia
421 3674 610 3758 videlicet
626 3673 881 3766 'liberalitate
909 3681 1119 3777 concessit,
1149 3687 1188 3762 8(
1216 3682 1293 3790 piae
1327 3678 1620 3772 recordationis
1633 3741 1640 3749 -
1654 3680 1694 3760 S.
1724 3677 1959 3786 Upsaleusis
1983 3665 2085 3752 Archi·

231 3795 236 3804 “
331 3789 547 3898 episcopus
574 3787 910 3896 Metropolitanus
938 3817 1099 3892 eorum,
1131 3789 1183 3884 de
1213 3817 1378 3882 assensu
1404 3792 1598 3877 carissimi
1624 3789 1670 3882 iu
1698 3789 1886 3870 Christo
1901 3786 1971 3868 lilii
1996 3778 2087 3864 nostri

331 3903 384 3982 K,
413 3900 535 4008 Regis
563 3898 741 4010 illustris,
771 3897 928 3980 Nobilis
956 3903 1035 3994 viri
1062 3902 1105 3983 Β.
1134 3903 1259 3982 Ducis
1286 3903 1460 3999 Sveeiae‚·
1482 3903 1556 4012 qui
1569 3902 1634 4010 jus
1649 3916 1895 4010 patronatus
1922 3900 1963 3990 in
1986 3890 2089 3976 eaden
2142 3923 2143 3952 ÷

332 4009 511 4102 Ecclesia
539 4007 690 4096 dicitur
717 4009 881 4110 habere,
907 4011 990 4104 suis
1017 4011 1163 4109 litteris
1188 4014 1460 4110 confirmavit,
1495 4039 1587 4094 cum
1623 4014 1751 4122 agris,
1780 4011 1962 4121 pascuis,
1998 4002 2089 4091 silvis}
2141 4033 2143 4096 t

333 4121 628 4232 piscationibus
655 4125 696 4212 8(
724 4122 811 4204 aliis
839 4124 1093 4230 pertinentiis
1120 4124 1220 4222 suis,
1255 4152 1330 4206 nec
1358 4149 1441 4205 non
1477 4153 1524 4205 ea
1551 4151 1642 4234 quae
1668 4123 1738 4205 ab
1766 4119 1915 4212 eodem
1959 4111 2091 4210 ducein
2141 4097 2143 4150 ¹

257 4231 259 4236 ’
333 4234 436 4316 locis
460 4258 552 4343 quse
578 4231 773 4326 dicuntur
802 4233 896 4342 Aby
923 4241 963 4318 8(
989 4235 1106 4344 Arby
1132 4237 1362 4344 proponitis
1390 4262 1463 4316 vos
1490 4233 1679 4349 adeptos,
1706 4235 1813 4328 sicut
1843 4260 1893 4312 ea
1914 4222 2091 4330 omniuju·
2142 4275 2143 4282 κ

334 4360 395 4426 ste
423 4343 658 4452 &pacifice
686 4342 916 4454 possidetis,
945 4351 986 4442 8(
1015 4347 1058 4426 in
1087 4345 1231 4439 litteris
1259 4344 1354 4427 inde
1387 4343 1582 4441 confectis
1619 4346 1781 4454 plenius
1824 4342 1976 4434 dicitur
2000 4333 2094 4420 conti·
2142 4381 2143 4384 κ

336 4456 445 4551 ne'ri,
471 4454 589 4536 vobis
618 4457 659 4534 8(
686 4481 760 4563 per
791 4481 865 4537 vos
892 4456 1085 4566 hospitali
1116 4475 1251 4549 vestro
1279 4457 1571 4555 confirmamus,
1598 4461 1642 4550 8(
1668 4455 1880 4566 praesentis
1897 4451 2093 4564 Scriptips·

337 4566 514 4645 trocinio
541 4568 846 4647 communimus.
876 4567 988 4648 Nulli
1016 4594 1115 4677 ergo
1143 4573 1217 4664 &a
1245 4569 1559 4666 confirmationis
1587 4573 1662 4660 &c
1693 4571 1855 4670 Datum·
1867 4568 1991 4650 Reate
2011 4555 2093 4642 Vlll·

238 4765 242 4770 ,
338 4672 440 4755 idus
466 4659 717 4795 ¹Septembris
744 4676 1007 4770 Pontificatus
1035 4683 1164 4777 nostri
1190 4705 1300 4766 anuo
1332 4679 1382 4759 V.

380 4849 410 5001 2
428 4843 492 4943 liar
512 4839 724 4982 l‘iirekommer
738 4905 781 4984 ‘en
802 4855 904 4964 saorra
923 4885 986 4959 och
1006 4883 1082 4949 darni
1091 4886 1186 4985 mnan
1202 4888 1349 4967 skrifrett
1369 4887 1568 4966 Praseutibus
1581 4831 1820 4970 totoilegatiouis
1834 4893 1979 4973 oemporc
1987 4873 2095 4977 aaut

348 5019 352 5028 .
410 4964 788 5134 lplgrttlslrgppipffmotmu
808 4969 1014 5034 cronebi.
1038 4970 1116 5044 1310
1136 4972 1175 5034 ar
1199 4969 1901 5108 P1·ior,AruonaiEslilst1ma3'’Coll.med
1922 4970 2006 5051 On'g.
2022 4959 2093 5028 ndu*
