4398 5958
1034 440 1137 526 -1
1204 397 1284 494 540
1394 441 1451 463 .-

345 634 410 702 cte
438 612 654 695 mansionis
682 610 882 722 &predii
909 617 1130 715 memorati,
1178 616 1366 726 uolumus
1407 632 1544 714 autem
1581 616 1762 698 unanimi
1801 603 2002 705 consensus
2033 655 2084 720 uu

219 761 227 778 ·
342 723 557 826 fratrueles
577 735 632 803 'ut
662 749 712 804 ex
734 722 862 827 'dictis'
886 724 1004 806 bonis
1032 753 1112 807 vna
1140 729 1311 809 canonia
1339 730 1443 811 sicut
1472 727 1577 810 idem
1598 728 1848 830 ¹venerabilis
1875 747 1981 839 pater
2017 738 2085 847 Epi·

341 835 490 944 sco'pus
516 836 790 950 strengnen'sis
811 834 931 916 uobis
945 842 1198 945 promiserat
1212 840 1255 919 in
1283 841 1370 948 ipsa
1398 837 1564 921 ecclesia
1592 837 1826 949 peripsum
1854 833 2086 932 ordinetur&

342 947 412 1030 liat
439 943 590 1029 ibidem
618 973 742 1028 vnum
772 946 899 1050 altare
925 945 1037 1058 quod
1051 951 1095 1029 in
1112 950 1240 1030 nostri
1255 953 1486 1031 memoriam
1500 948 1608 1030 dicte
1636 950 1807 1031 canonic
1822 970 2007 1061 perpetuo
2017 985 2086 1040 oon·

342 1073 529 1143 uectamr
555 1055 668 1168 quod
697 1057 969 1166 promittimus
996 1085 1089 1140 cum
1117 1059 1399 1162 calicecasula
1431 1067 1471 1142 8(
1498 1059 1687 1141 omnibus
1728 1067 1968 1144 ornamentis
1991 1093 2086 1152 sacer·
2139 1051 2141 1056 ¹

340 1167 616 1254 dotalibus&
644 1182 733 1272 toto
761 1184 911 1270 ornatu
938 1168 1076 1251 altaris
1104 1197 1179 1250 nos
1208 1173 1251 1250 in
1279 1172 1427 1254 nostris
1468 1171 1654 1280 expensis
1680 1174 1722 1248 &
1749 1172 1971 1282 sumptibus
1994 1205 2089 1283 para·

341 1281 548 1364 ttrros.'ln
578 1281 693 1360 cuius
720 1279 779 1359 rei
806 1279 1079 1362 testimonium
1109 1299 1313 1390 presentes
1347 1282 1514 1367 litteras¹
1528 1279 1664 1390 sigillo
1690 1280 1846 1366 domini
1875 1288 1993 1366 nostri
2015 1290 2088 1398 regis

341 1390 498 1476 domini
526 1390 831 1499 Archiepiscopi
860 1387 1014 1470 domini
1041 1397 1313 1501 strengnensis
1342 1392 1494 1475 domini
1524 1393 1662 1484 Rurici
1683 1394 1821 1501 generi
1837 1397 1966 1488 nostri
1986 1403 2089 1479 &no

340 1506 434 1586 stris
462 1501 651 1586 duximus
679 1497 925 1581 muniendas.
982 1503 1130 1583 Datum
1158 1503 1420 1585 Glanshamar
1463 1529 1569 1585 anno
1612 1502 1775 1585 domini.
1804 1505 2089 1604 M⁰.CC'.LXX⁰,

339 1614 544 1718 conclu
572 1612 638 1697 die
666 1611 784 1692 beate
801 1611 981 1693 'Julianc

226 1771 229 1784 ·
372 1745 498 1825 timet
517 1753 576 1819 har
596 1754 607 1815 i
629 1751 726 1816 likhet
745 1752 818 1834 med
839 1754 876 1817 A.
900 1753 927 1814 3.
948 1773 978 1837 g.
1002 1769 1029 1838 (ε
1051 1774 1069 1816 2
1091 1753 1160 1816 hall
1180 1753 1201 1816 6
1222 1755 1312 1837 sigill,
1334 1753 1450 1818 bvaruf
1466 1757 1525 1818 Nto
1546 1754 1567 1832 4
1587 1753 1648 1815 och
1669 1751 1690 1815 5
1711 1753 1959 1818 sro'bibehetlne
1977 1755 2027 1820 och
2043 1755 2072 1818 (1(
2140 1727 2141 1736 ³

457 1873 460 1880 ⁴
505 1853 511 1870 ‘
572 1856 687 1902 eamme
707 1857 774 1901 som
794 1839 854 1902 Nto
874 1835 904 1916 4,
927 1835 987 1900 68
1008 1835 1060 1900 det
1080 1837 1262 1922 nyssnimde
1281 1836 1344 1900 och
1364 1839 1424 1902 lito
1444 1836 1474 1917 5,
1496 1836 1517 1900 6
1537 1835 1693 1900 under'A.
1714 1837 1743 1899 3.
1763 1855 1793 1918 g.
1819 1853 1846 1899 1:
1868 1858 1895 1919 q.

342 2099 510 2286 661(
978 2205 1129 2315 1279
1175 2145 1224 2275 (1.
1275 2207 1303 2276 2
1352 2174 1500 2278 Mars.
1551 2133 1557 2144 ,
1607 2175 1618 2190 '

417 2390 499 2460 nuk.
519 2389 651 2457 Huncs
672 2392 683 2451 i
704 2389 878 2475 Link‘o'ping
899 2385 1078 2454 eluceret
1093 2389 1134 2473 pl
1155 2388 1308 2474 Otltauby
1329 2391 1510 2474 lbtsamling
1529 2389 1570 2476 pd
1591 2390 1689 2480 bland
1710 2391 1760 2456 till
1780 2393 1810 2458 N
1811 2391 1907 2478 ydola
1926 2390 2043 2482 kloster..

1761 2506 1989 2575 buxum

264 2737 268 2745 Ι
502 2636 702 2722 Omnibus
730 2651 935 2746 presentes
961 2634 1117 2718 litteras
1145 2639 1396 2747 inspecturis.
1426 2639 1476 2724 H.
1504 2637 1571 2721 dei
1599 2641 1733 2748 gracia
1762 2640 1997 2746 lincopensis
2020 2640 2085 2746 Epi·

331 2779 482 2860 scopus
509 2751 677 2832 salutem
705 2749 749 2828 in
778 2747 943 2830 domino
969 2751 1264 2858 sempiternam.
1294 2747 1401 2829 Cura
1431 2752 1645 2858 pastoralis
1672 2744 1952 2834 sollicitudinis
1983 2749 2024 2830 de
2043 2750 2084 2828 sui

312 2861 475 2948 debito
502 2860 626 2943 officii
666 2885 872 2966 sacrorum
900 2884 1100 2940 canonum
1128 2862 1289 2942 statutis
1317 2879 1438 2971 etque
1470 2861 1682 2969 scripturis
1710 2880 1940 2945 sanctorum
1965 2877 2084 2968 patrum

334 2973 617 3056 attestantibus
645 2973 688 3050 in
716 2971 795 3050 hoc
822 2970 993 3050 maxime
1028 2972 1166 3080 uigere
1203 2969 1429 3052 dinoscitur
1457 2990 1504 3053 ut
1530 2973 1670 3054 christi
1705 2971 1887 3054 fidelium
1921 2999 2005 3053 cura
2026 2970 2084 3048 mi·

333 3111 490 3166 marum
518 3078 818 3190 redemptarum
846 3081 1102 3164 inestimabili
1129 3083 1268 3190 precio
1296 3085 1498 3190 sanguinis
1513 3083 1606 3192 agni
1634 3081 1882 3164 immaculati
1896 3085 2083 3164 &inconta-

331 3194 471 3276 minati
492 3191 645 3274 domini
673 3192 787 3273 ihesu
814 3191 953 3273 christi
981 3190 1060 3273 illis
1088 3194 1258 3273 manium
1272 3195 1543 3274 committatur
1572 3196 1732 3274 maioris
1758 3183 2011 3304 specialitatis
2021 3216 2083 3298 pre

333 3305 529 3386 electione
544 3329 647 3414 quos
663 3300 806 3406 adhoc
820 3303 948 3383 maior
962 3303 1211 3383 consciencie
1226 3305 1395 3410 puritas.
1425 3302 1659 3385 deuocionis
1675 3302 1824 3384 feruor.
1858 3308 1899 3382 8(
1924 3307 1999 3383 uite
2021 3301 2082 3380 reli·

330 3417 402 3524 gio
430 3431 546 3523 aptos
573 3413 737 3495 exhibet
765 3420 805 3494 8(
832 3410 1000 3506 idoneos
1028 3429 1289 3521 representat.
1318 3413 1513 3523 quodque
1540 3415 1582 3493 in
1611 3414 1730 3496 uinea
1772 3408 1930 3496 domini
1957 3409 2082 3494 sabaoth

331 3525 571 3630 laborantes
591 3522 739 3604 debitis
767 3521 978 3631 stipendiis
1007 3549 1091 3603 non
1118 3523 1366 3607 fraudentur.
1410 3527 1469 3603 Ea
1497 3539 1665 3632 propter
1693 3549 1786 3605 cum
1815 3527 1860 3604 in
1890 3525 2021 3605 christo
2035 3518 2081 3599 'di-

330 3635 535 3718 lectissimi
571 3633 644 3738 filii
686 3633 810 3715 abbas
846 3639 886 3716 8(
930 3631 1156 3716 conuentus
1197 3633 1428 3716 Novevillis
1445 3683 1448 3692 .
1468 3635 1742 3716 Cisterciensis
1782 3635 1957 3732 ordinis,
1993 3631 2081 3710 nimio

330 3761 611 3860 premerentur
639 3742 800 3826 defectu
827 3740 879 3825 de
908 3743 1007 3824 allec
1035 3746 1150 3826 cuius
1178 3743 1397 3826 refectione
1409 3747 1677 3826 communiter
1691 3752 1732 3826 8(
1747 3749 1941 3828 continue
1966 3759 2078 3826 susten·

330 3861 411 3940 tari
450 3857 647 3940 deberent
689 3856 786 3963 ipsis
828 3854 980 3962 pariter
1008 3861 1048 3936 8(
1075 3854 1241 3935 ecclesie
1280 3853 1331 3936 de
1374 3854 1569 3961 Othanby
1611 3847 1726 3937 iuxta¹
1767 3856 1959 3965 gresgard
1995 3877 2081 3962 poro

329 3963 565 4080 chionisque
592 3964 742 4049 ibidem
769 3963 988 4075 prouidere
1017 3964 1201 4047 uolentes
1235 3962 1382 4045 dictam
1420 3965 1626 4046 ecclesiam
1665 3969 1762 4076 ipsis
1804 3963 1941 4050 abbati
1967 3971 2000 4045 8(
2022 3985 2081 4040 no
2143 4003 2145 4008 ·

329 4078 469 4162 nachis
495 4106 571 4189 pro
599 4093 645 4158 vt
672 4102 759 4157 eam
788 4077 885 4184 ipsis
899 4071 1104 4186 possidere
1133 4076 1224 4156 licet
1237 4101 1289 4186 ex
1304 4101 1445 4156 eorum
1472 4076 1627 4158 ordinis
1641 4077 1835 4158 institutis
1862 4103 1945 4186 qno
1970 4071 2015 4154 ad
2026 4073 2081 4177 spi·

328 4189 491 4272 ritualia
519 4197 558 4272 8(
587 4185 824 4297 temporalia
853 4213 904 4266 er
932 4185 1098 4295 capituli
1126 4187 1257 4266 nostri
1285 4186 1455 4268 consilio
1481 4192 1521 4266 8(
1549 4214 1744 4268 consensu
1775 4203 1900 4296 atque
1926 4201 2080 4295 patrono

184 4299 186 4306 '
328 4329 419 4384 rum
449 4286 627 4389 eiusdem
655 4298 819 4379 ecclesie
847 4299 1038 4378 canonice
1066 4296 1310 4378 contulimus
1352 4313 1552 4407 perpetuo
1593 4296 1897 4408 possidendam,
1939 4293 2080 4396 Retectis

329 4412 449 4493 nobis
477 4417 518 4494 8(
545 4411 693 4490 nostris
718 4407 1014 4513 successoribus
1041 4411 1114 4519 qui
1142 4434 1218 4516 pro
1246 4421 1428 4516 tempore
1455 4406 1609 4489 fuerint
1623 4413 1665 4491 in
1679 4409 1784 4490 dicta
1801 4407 1962 4490 ecclesia
1988 4401 2079 4486 omn'r

331 4523 410 4606 bus
438 4529 478 4600 8(
504 4520 673 4631 singulis
699 4521 857 4601 iuribus
884 4545 964 4626 que
987 4519 1069 4599 alie
1097 4517 1262 4599 ecclesie
1304 4515 1547 4628 lincopensis
1589 4515 1764 4626 diocesis
1791 4520 1888 4627 ipsis
1915 4518 1991 4598 suis
2023 4511 2080 4619 epi

332 4634 466 4739 scopis
493 4637 531 4714 8(
560 4656 700 4714 eorum
728 4627 969 4714 officialibus
998 4630 1085 4737 lege
1110 4629 1379 4712 iuridictiouis
1393 4624 1465 4712 seu
1479 4633 1690 4714 diocesana'
1706 4627 1938 4740 impendere
1953 4621 2079 4707 &exhi-

331 4745 430 4825 bere
456 4757 664 4840 tenentur,
693 4740 758 4825 Ad
786 4742 900 4822 cuius
928 4757 1064 4822 nostre
1091 4739 1323 4822 collacionis
1366 4739 1483 4824 fidem
1511 4737 1778 4824 indubitatam
1806 4745 1846 4822 8(
1873 4733 2084 4824 euidentiam·

331 4854 554 4966 pleniorem
582 4843 807 4964 presentem
835 4849 1008 4934 litteram
1043 4851 1176 4959 sigillo
1202 4865 1342 4930 nostro
1370 4855 1411 4931 8(
1437 4854 1570 4963 sigillo
1598 4847 1770 4962 capituli
1795 4854 1924 4935 nostri
1950 4845 2079 4926 fecium

330 4963 569 5136 communiri
600 4964 747 5077 Datum
770 4967 896 5048 'Anno
923 4959 1441 5154 Dominsinbldfbffrbfflo'
1469 4993 1602 5068 nono,
1628 4981 1747 5062 sexto
1773 4965 1914 5052 Nonas
1935 4949 2064 5058 Martii
