4384 5946
794 425 1015 507 ..r-23
1128 465 1184 486 ·-

91 648 195 731 sedis
223 645 430 728 decretum
458 662 535 741 est,
563 641 743 724 inclinati
772 645 962 753 precibus
990 642 1212 724 Hadumari
1240 641 1448 724 Fuldensis
1482 643 1668 743 Abbatis,
1711 648 1886 757 Aposto-

91 761 165 868 lica
194 757 433 839 auctoritaie
463 754 720 837 concedimus
750 783 843 835 cum
873 754 1060 836 omnibus
1089 751 1326 862 generaliter
1354 783 1400 834 ac
1428 756 1651 864 specialiter
1694 759 1792 839 locis
1835 757 1886 841 ad

89 869 263 954 eundem
291 867 501 977 praefatum
529 884 708 949 vestrum
744 867 1145 976 Archiepiscopatum
1187 867 1498 975 pertinentibus,
1542 869 1691 950 scilicet
1733 871 1886 968 omnia,

87 1009 179 1092 quae
208 982 331 1060 vestri
360 995 626 1061 antecessores
655 979 735 1058 suis
765 977 971 1059 laboribus
1000 976 1316 1088 adquisiverant,
1345 978 1409 1056 vel
1438 978 1555 1058 etiam
1598 1007 1731 1062 amore
1753 998 1887 1063 'aeter-

1 1087 2 1102 ³
88 1121 149 1172 11oe
179 1092 323 1172 Patriae
352 1091 411 1170 ibi
437 1082 767 1168 Christicolarum
796 1088 981 1170 fidelibus
1011 1087 1153 1195 largita
1181 1107 1293 1186 sunt,
1322 1088 1385 1168 rel
1415 1087 1660 1196 largiuntur,
1689 1093 1887 1173 cumillis

86 1205 225 1299 etiam,
254 1203 326 1311 qui
353 1227 481 1296 nunc,
509 1217 582 1281 tuo
610 1217 808 1307 tempore,
837 1199 976 1280 divina
1003 1217 1238 1306 protegente
1267 1199 1414 1306 gratia,
1443 1198 1494 1278 ad
1523 1199 1671 1281 Christi
1707 1203 1888 1284 conversi

62 1322 187 1398 'sunt
213 1312 353 1408 fidem,
382 1309 569 1391 videlicet
598 1311 810 1418 Episcopis
840 1311 1067 1405 Bonorum,
1096 1309 1376 1390 Norvenorum
1419 1310 1644 1410 Sueonum,
1686 1339 1760 1394 nec
1803 1341 1886 1394 non

75 1427 269 1520 ,omnium
298 1421 679 1530 Septentrionalium
707 1422 894 1528 partium.
952 1420 1121 1501 Pallium
1149 1448 1316 1531 quoque
1343 1426 1381 1500 8(
1409 1448 1526 1500 usum
1553 1419 1649 1528 ejus,
1666 1422 1707 1501 in
1729 1451 1889 1532 praeno·

89 1535 249 1618 muratis
293 1563 316 1614 a
344 1531 538 1641 praedicto
567 1534 676 1639 Papa
704 1531 824 1636 festis,
852 1530 1092 1627 habendum,
1122 1531 1197 1613 tibi
1225 1539 1265 1613 8(
1292 1533 1478 1613 omnibus
1506 1535 1781 1616 succesoribus
1808 1535 1890 1618 tuis

93 1664 293 1758 perpetuo
322 1643 582 1728 decernimus.
641 1643 838 1750 Deinceps
867 1671 965 1724 vero
993 1642 1149 1722 nullum
1177 1643 1582 1754 Archiepiscoporum
1624 1645 1687 1725 vel
1725 1640 1889 1726 Coloni·

89 1787 238 1853 ensem,
265 1754 329 1835 vel
358 1754 480 1835 alium
508 1751 727 1864 quemlibet
755 1755 798 1834 in
826 1771 965 1834 vestra·
985 1751 1135 1834 diocesi
1177 1754 1300 1834 ullam
1342 1755 1420 1837 sibi
1462 1752 1665 1835 vindicare
1710 1756 1905 1838 decerni«

89 1897 178 1952 mus
209 1883 468 1978 potestatem,
498 1866 680 1974 quinimo
709 1870 747 1944 8(
776 1865 872 1973 ipsis
901 1870 942 1945 8(
982 1865 1169 1946 omnibus
1211 1866 1375 1946 omnino
1418 1866 1628 1948 suademus
1665 1867 1900 1950 cultoribus¹

89 2003 195 2064 verae
226 1978 450 2086 religionis,
479 1993 525 2056 ut
553 1974 799 2082 adjutorium
826 1981 866 2056 8(
894 1975 1034 2057 solatia
1061 1978 1178 2057 vobis
1206 1978 1250 2056 in
1278 1976 1464 2056 omnibus
1486 1975 1774 2077 administrent,
1789 2007 1891 2090 qua·

91 2112 211 2176 tenus
242 2117 319 2198 pro
348 2087 477 2196 gratia
503 2084 624 2194 hujus
653 2085 835 2167 beneficii
864 2085 1024 2194 plenam
1052 2088 1231 2195 recipere
1259 2086 1481 2169 mercedem
1509 2115 1532 2166 a
1561 2090 1748 2170 Domino·
1763 2118 1890 2172 mere·

1 2263 2 2274 ,
94 2221 238 2297 anun,
265 2199 392 2308 quum
419 2200 554 2278 omnia
582 2224 664 2305 qua
692 2197 881 2304 praeficua
909 2199 1094 2279 Ecclesiae
1123 2198 1348 2306 probantur
1376 2199 1561 2296 existere,
1591 2205 1630 2279 8(
1646 2199 1792 2282 diuinis
1806 2229 1891 2283 non

1 2343 2 2346 ¹
91 2317 333 2424 impugnant
361 2308 698 2418 praeceptionibus
726 2305 933 2389 efficienda
961 2315 999 2389 8(
1029 2306 1245 2416 praebenda
1275 2311 1578 2417 omnipotentis.
1600 2311 1674 2391 Dei
1716 2315 1893 2394 auctori-

92 2443 173 2509 tate
203 2429 245 2502 8(
272 2424 483 2504 beatorum
510 2419 799 2528 Apostolorum
827 2421 934 2500 Petri
963 2447 1009 2500 ac
1036 2418 1151 2499 Pauli
1178 2447 1262 2499 esse
1289 2448 1373 2500 non
1415 2419 1652 2501 dubitamus.
1721 2425 1774 2503 Et
1814 2423 1893 2506 hoc

88 2555 232 2626 nostro
261 2532 424 2614 decreto
447 2529 702 2612 decernimus
730 2529 950 2613 secundum
978 2530 1257 2639 praenominati
1285 2531 1402 2611 bon'ae
1432 2534 1631 2613 memoriae
1647 2534 1801 2614 Nicolai
1817 2537 1892 2614 Pa-

93 2677 155 2768 pae
185 2644 434 2728 sanctionem
463 2646 502 2722 8(
530 2641 851 2722 Reverentissimi
879 2642 999 2748 Regis
1027 2640 1227 2722 Ludovici
1256 2661 1395 2724 votum
1425 2645 1529 2751 ipsas
1558 2643 1767 2752 praedictas
1787 2646 1891 2727 dioe-

1 2785 2 2788 ‘
91 2785 202 2842 ceses
232 2755 643 2860 Hammaburgeusem
671 2757 711 2832 8(
739 2753 988 2833 Bremensem
1015 2780 1100 2838 nou
1128 2751 1317 2861 deinceps
1346 2753 1445 2834 duas
1473 2751 1543 2834 sed
1571 2783 1693 2834 unam
1722 2784 1805 2836 esse
1849 2753 1902 2836 &'

1 2963 2 2966 g
90 2867 244 2952 vocari.
301 2868 476 2948 Omnem
500 2891 665 2974 quoque
693 2861 968 2945 adversantem
996 2864 1253 2945 anathematis
1282 2891 1473 2945 mucrone
1507 2867 1770 2972 percutimus,
1798 2893 1891 2975 per·

88 2999 305 3093 petuaeque
331 2975 496 3059 ultionis
523 3002 637 3055 reum
666 2972 866 3055 diabolica
893 2992 1002 3057 sorte
1030 2973 1314 3084 dampnamus,
1346 2993 1391 3056 ut
1419 2975 1577 3056 culmen
1613 2978 1891 3085 Apostolicum

1 3082 7 3097 ⁹
88 3117 203 3176 more
233 3089 576 3170 Praedecessorum
605 3094 857 3182 nostrorum,
886 3114 1124 3195 causamque
1153 3087 1228 3167 Dei
1256 3115 1333 3194 pro
1368 3085 1512 3171 affeetu
1542 3087 1712 3170 celantes
1740 3091 1792 3170 ab
1821 3088 1892 3170 ad·

89 3205 221 3288 uersis
249 3201 343 3280 hinc
372 3198 465 3279 inde
492 3197 677 3306 partibus
706 3200 937 3278 muniamus.
995 3196 1229 3305 Apostolica
1257 3201 1380 3304 igitur
1407 3199 1656 3280 Auctoritate
1685 3198 1893 3282 Bernardo

90 3317 300 3425 Episcopo
328 3307 663 3405 Alverstedensis,
692 3307 900 3391 Thidardo
929 3308 1225 3390 Hildenesensis
1254 3308 1438 3390 Ecclesiae
1467 3315 1508 3389 8(
1543 3313 1694 3391 caeteris
1730 3321 1891 3393 conter-

88 3419 307 3508 minalibus
336 3421 546 3530 Episcopis
576 3420 740 3526 insuper
765 3421 952 3528 jubemus
980 3427 1020 3501 8(
1048 3448 1117 3500 eos
1146 3439 1372 3518 monemus,
1400 3437 1447 3502 ut
1473 3438 1513 3502 te
1540 3421 1584 3500 in
1612 3422 1798 3516 omnibus
1820 3421 1914 3528 ad·-

87 3541 252 3648 juvent,
282 3551 479 3641 qnatenus
508 3529 760 3613 Sacerdotale
786 3533 1052 3638 ministerium
1080 3531 1241 3638 explere
1270 3537 1311 3612 8(
1339 3533 1559 3613 animarum
1588 3533 1700 3612 lucra
1716 3533 1893 3614 Domino

1 3659 2 3664 ’
86 3653 188 3738 Iesu
215 3645 374 3726 Christo
403 3643 557 3723 facilius
586 3642 794 3751 acquirere
824 3639 965 3721 valeas.
1023 3644 1272 3722 Auctoritate
1301 3643 1426 3750 igitur
1454 3644 1686 3750 Apostolica
1714 3651 1754 3725 8(
1797 3672 1892 3725 cen·

87 3789 206 3855 sura,
236 3757 312 3838 sub
342 3753 470 3846 divini
497 3751 638 3861 judicii
665 3753 931 3833 obtestatione
959 3758 998 3834 8(
1027 3753 1283 3834 anathematis
1322 3751 1536 3835 interdictu
1578 3755 1805 3853 statuimus,
1829 3762 1896 3834 ¹ut

87 3872 209 3954 nulla
237 3893 431 3976 persona,
475 3891 618 3970 magna
660 3864 724 3943 vel
766 3891 912 3971 parua,
955 3863 1231 3973 cujuscunque
1274 3865 1426 3945 ordinis
1466 3882 1534 3946 aut
1575 3865 1781 3972 dignitatis
1822 3865 1892 3960 sit,

90 3985 250 4075 omnia,
279 4005 371 4087 quae
400 4005 423 4056 a
450 3976 586 4072 nobis,
616 3973 678 4053 vel
708 3974 1067 4081 praedecessoribus
1096 3977 1242 4056 nostris
1271 3976 1455 4056 Ecclesia
1482 3992 1562 4056 tuae
1589 3981 1630 4056 8(
1644 3979 1718 4059 tibi
1733 4003 1895 4058 conces·
1953 4059 1959 4066 ,

88 4089 138 4178 sa
170 4109 268 4192 sunt
294 4090 428 4169 violet.
485 4088 729 4196 Quicunque
757 4103 889 4167 autem
915 4086 1128 4166 mutaverit
1156 4088 1220 4166 vel
1248 4089 1291 4167 in
1319 4086 1456 4196 aliquo
1484 4085 1635 4168 violare
1662 4113 1895 4195 praesumse—

90 4206 167 4300 rit,
196 4202 271 4280 nisi
300 4198 536 4307 resipuerit,
565 4196 803 4278 auctoritate
832 4198 907 4277 Dei
936 4203 976 4276 8(
1002 4197 1109 4279 beati
1139 4197 1247 4277 Petri
1274 4202 1315 4282 8(
1343 4217 1501 4294 nostra,
1530 4200 1602 4308 qui
1630 4199 1716 4307 ejus
1740 4198 1892 4305 tungi-

87 4342 186 4400 mur
214 4312 495 4406 vicariatione,
524 4307 713 4416 perpetui
740 4306 998 4388 anathematis
1027 4308 1189 4390 vinculo
1218 4311 1270 4390 sit
1297 4309 1524 4390 innodatus.
1586 4310 1668 4412 Qui
1696 4337 1792 4390 vero
1822 4338 1892 4390 cu·

89 4447 178 4509 atos
208 4430 248 4503 8(
275 4423 510 4512 observator
538 4418 755 4515 exstiterit,
784 4418 1077 4500 benedictionis
1107 4419 1275 4524 gratiam
1293 4425 1341 4500 8(
1369 4420 1540 4502 coelestis
1568 4421 1846 4502 retributionis
1868 4449 1891 4502 a

90 4538 204 4648 justo
231 4532 365 4640 judice
394 4530 561 4612 domino
588 4531 675 4610 Deo
704 4546 843 4610 nostro
872 4532 1064 4639 consequi
1092 4549 1301 4611 mereatur.
1374 4531 1577 4640 Scriptum
1619 4559 1692 4638 per
1734 4559 1896 4612 manum
1957 4535 1960 4544 ⁴

89 4646 251 4730 Azouis
277 4642 452 4738 Notarii,
482 4641 713 4748 Regionarii
741 4658 861 4747 atque
890 4641 1094 4736 Scriniarii
1109 4659 1254 4722 sanctae
1283 4643 1472 4724 Romanae
1500 4643 1696 4739 Ecclesiae,
1726 4644 1768 4722 in
1780 4669 1894 4724 men-

75 4759 138 4842 'se
165 4755 380 4850 ianuario,
409 4751 635 4835 Indiietione
663 4751 732 4832 Vl.
789 4752 902 4832 Datrc
930 4752 1011 4832 lIlI
1040 4753 1175 4834 Nonas
1203 4752 1398 4851 ianuarii,
1427 4782 1500 4864 per
1534 4781 1695 4835 manum
1724 4754 1895 4835 Andreae

1 4903 2 4978 3
94 4867 254 4951 Arcarii
285 4866 441 4954 Sanctae
469 4862 584 4947 Scdis
613 4862 866 4972 Apostolicae,
895 4861 938 4944 in
967 4863 1236 4948 Sacratissima
1263 4863 1365 4950 Sede
1392 4865 1500 4948 beati
1514 4867 1622 4948 Petri
1635 4866 1820 4976 Apostoli
1833 4866 1895 4945 in·
