4362 5946
844 449 915 478 ....
1013 367 1107 516 369.
1203 449 1260 478 ..,

145 662 219 744 per
233 629 454 742 apostoliea
466 629 617 736 scripta
631 623 875 708 mandamus.
890 629 1083 736 quatinus
1091 628 1130 710 ‚si
1152 642 1212 706 est
1236 627 1300 705 ita
1328 621 1468 708 dictos.
1485 621 1647 714 snoolas
1676 639 1723 705 ut
1749 617 1947 732 deinceps,
1975 699 1982 709 ,

145 747 300 854 integre
334 741 507 824 decimas
524 742 640 848 ¹ipsas
666 737 869 832 exoluant,
897 751 939 816 et
967 735 1018 819 de
1039 736 1255 818 subtractis
1268 733 1448 822 debitam
1460 735 1772 824 satisfactionem
1786 732 1942 843 impen-
2064 759 2067 770 ¹

144 855 246 936 dant
272 852 590 960 Archiepiscopo
619 857 854 928 memorato.
885 849 1105 929 monitione
1134 847 1338 956 premissa·
1353 871 1427 953 per
1459 871 1668 930 censuram
1696 845 1947 958 ecclesiasti.
2025 854 2031 864 '

144 991 233 1045 cam
262 963 534 1072 appellatione
551 958 786 1068 postposita
814 959 1075 1066 compellatis.
1133 955 1258 1059 Quod
1286 957 1320 1036 si
1348 983 1434 1039 non
1462 979 1600 1038 omnes
1626 955 1715 1064 hijs·
1735 951 1939 1066 exequen-
2007 1059 2011 1064 ι
2054 994 2057 1004 ,
2148 979 2158 1004 ·

143 1073 206 1156 dis
233 1073 448 1186 potueritis
476 1075 677 1152 interesse.
708 1067 791 1149 duo
820 1083 999 1149 uestrum
1028 1098 1074 1150 ea
1087 1068 1374 1149 nichilominus
1388 1085 1652 1178 exequantur.
1693 1067 1785 1148 Dat
1830 1069 1938 1150 Aue·

142 1188 247 1294 gnie.
276 1186 366 1265 llll.
396 1185 500 1264 Non.
532 1178 773 1262 Nouembris
803 1179 1063 1261 pontificatus
1091 1179 1221 1260 nostri
1249 1183 1370 1259 Anno
1401 1178 1535 1259 Sexto.
1811 1186 1813 1190 ’

723 1317 892 1400 Blybullen
913 1318 1029 1418 hesper
1049 1323 1061 1382 i
1082 1317 1350 1424 segelparnmndm.

18 1731 22 1738 ·
150 1690 289 1838 ²69.
347 1776 412 1822 Δ,
556 1666 563 1680 Χ
795 1603 1335 1790 1232d.2N0v.'
1419 1627 1424 1634 Ι
1507 1601 1510 1634 ³
1613 1675 1616 1684 ’
1683 1683 1937 1830 ‚anagni

156 1950 160 1962 .
217 1907 314 1972 ran.
334 1906 511 1968 ananus
532 1901 865 1968 mantuensem
880 1903 930 1966 nr
951 1883 1102 1988 raupa
1123 1905 1133 1965 i
1154 1903 1412 1987 Linkeping,.au
1430 1899 1480 1964 nn
1500 1896 1641 1964 name
1660 1897 1937 1985 mannahun

274 1987 397 2070 audlige
416 1985 566 2050 fb'rordue
583 2006 747 2074 persona,
766 2007 833 2050 scm
854 1986 957 2050 dertill
978 1987 1072 2050 hafva
1092 1985 1295 2068 erforderliga
1316 1983 1513 2068 egenskaper.
1578 2053 1582 2056 ,
1848 2023 1851 2032 .
1892 2025 1897 2038 .

1831 2070 1837 2086 ,
1933 2075 1936 2082 Α

1667 2093 1847 2162 tt.s=ss.,

1933 2177 1937 2189 .

246 2287 249 2295 =
272 2239 506 2318 Gmoonns
521 2238 735 2346 episcopus
749 2263 892 2318 seruus
904 2263 1116 2319 seruorum
1131 2237 1198 2319 dei
1212 2220 1437 2317 uenerabili
1445 2230 1575 2314 fratri
1588 2233 1793 2344 Episcopo
1805 2233 1935 2319 linces

136 2349 258 2460 pensi
271 2349 439 2429 salutem
454 2355 494 2428 &
508 2347 768 2454 apostolicam
782 2346 1126 2430 benediccionem,
1139 2349 1362 2430 Cumsicut
1375 2344 1589 2455 peticionis
1603 2347 1799 2429 tuenobis
1814 2347 1935 2429 series
1957 2427 1960 2434 .

136 2459 364 2543 declarauit
405 2459 570 2540 ecclesia
610 2457 852 2566 lincopensis
887 2476 1120 2567 atempore
1164 2458 1279 2541 cuius
1311 2476 1396 2538 non
1424 2472 1534 2536 extat
1567 2459 1758 2540 memoria
1799 2455 1958 2538 nullos.

137 2571 358 2653 canonicos
386 2567 601 2664 habuisset
629 2568 747 2649 nobis
777 2568 983 2651 humiliter
1016 2569 1252 2678 supplicasti
1286 2584 1331 2649 vt
1366 2569 1410 2646 in
1438 2575 1486 2646 e'a
1520 2565 1685 2647 creandi
1720 2568 1935 2648 carronieos

134 2682 334 2762 &eciam
362 2679 456 2759 alias
487 2677 702 2786 dignitates
730 2683 771 2760 8c
798 2681 969 2762 eumad
997 2678 1077 2760 hoc
1104 2678 1347 2760 sufficientes
1375 2675 1524 2756 habeat
1557 2673 1771 2757 facultates
1809 2673 1934 2776 licem

134 2794 241 2872 ciam
268 2791 343 2871 tibi
373 2788 595 2870 concedere
623 2787 884 2898 dignaremur
913 2793 997 2872 Nos
1025 2792 1150 2898 igitur
1178 2801 1468 2900 prosequentes
1489 2803 1608 2868 tuum
1640 2786 1753 2894 pium
1780 2813 1935 2897 propo·

135 2903 263 2982 situm
291 2903 334 2981 in
361 2899 439 2981 hac
468 2918 583 3008 parte
610 2898 685 2979 tibi
715 2896 765 2979 de
793 2929 876 3010 quo
905 2901 948 2996 in
977 2898 1142 3003 domino
1159 2957 1162 2964 a
1179 2902 1357 3010 plenam·
1382 2896 1613 3004 optinemus
1651 2893 1840 2978 fiduciam
1882 2896 1932 2978 li·

97 3013 319 3114 ,oenciam
359 3009 616 3091 concedimus
657 3012 896 3092 auctoritate
916 3016 920 3028 '
939 3013 1195 3120 presencium
1239 3009 1497 3120 postulatam..
1567 3007 1718 3091 Datum
1747 3006 1934 3116 ·auagnie

134 3121 277 3204 Illlrto
304 3123 409 3204 Non.
441 3119 684 3201 Nouembris
711 3121 973 3206 pontificatus
1000 3124 1131 3206 nostri
1159 3128 1280 3204 Auno
1309 3120 1443 3200 Sexto.

139 3547 274 3654 270.
680 3447 686 3455 ι
789 3515 936 3620 1232
985 3513 1035 3619 d.
1084 3551 1112 3618 2
1160 3513 1290 3682 Nor.
1712 3489 1930 3656 dnagui.

139 3711 148 3724 '
216 3719 306 3797 Pan.
326 3729 503 3792 sumans
525 3726 593 3794 nes
613 3729 785 3812 niumag
804 3730 855 3793 en
875 3733 1025 3818 suspen
1046 3701 1252 3817 r'unrapng
1273 3743 1319 3796 aa
1338 3731 1440 3797 mne
1460 3730 1655 3795 mammet
1676 3727 1780 3795 sena
1800 3689 1926 3812 anas

271 3810 382 3875 tionde.
1689 3836 1698 3851 .

324 3973 334 3986 ,
1659 3889 1695 3949 a
1708 3893 1734 3948 3:
1750 3893 1794 3949 sl.

300 4029 530 4110 Gaueonrus
559 4031 772 4138 episcopus
815 4057 956 4112 seruus
990 4057 1199 4112 seruorum
1242 4029 1307 4112 dei
1350 4031 1573 4114 venerabili
1605 4028 1721 4109 fratri
1751 4084 1762 4105 .
1791 4085 1801 4105 .
1827 4025 1926 4134 Epi·
2006 4041 2011 4056 ”

123 4167 257 4249 scopo
286 4138 510 4246 lincopensi
539 4139 718 4220 Salutem
745 4147 782 4221 Sc
812 4143 1073 4250 apostolicam
1102 4141 1443 4225 benediccionem.
1474 4141 1539 4223 Ad
1568 4137 1818 4222 audienciam
1848 4161 1921 4217 no·

120 4265 257 4332 stram
285 4266 325 4331 te
353 4248 551 4328 referente
580 4252 766 4358 peruenit
793 4250 906 4361 quod
938 4253 1119 4334 homines
1148 4253 1190 4332 in
1219 4271 1290 4334 tua
1319 4250 1483 4359 dyocesi
1516 4250 1725 4332 constituti
1759 4247 1922 4326 minime

121 4360 385 4442 attendentes
413 4360 526 4468 quod
568 4363 845 4441 uniuersorum
891 4361 1078 4445 dominus
1112 4365 1341 4472 insignum
1381 4360 1618 4442 vninersalis
1647 4357 1817 4465 dominij
1845 4355 1925 4437 sihi

120 4471 305 4554 decimas
334 4472 559 4551 reseruauit
588 4497 653 4552 eas
681 4473 855 4553 ecelesiis
920 4474 1041 4554 uibus
1055 4526 1061 4533 -
1076 4474 1277 4555 debentur
1318 4471 1518 4580 denegant
1560 4471 1716 4553 soluere
1745 4493 1823 4577 pro
1850 4493 1925 4547 sue

119 4581 507 4663 libito‘voluntatis.
538 4583 639 4663 Cum
668 4583 793 4692 igitur
821 4501 1022 4691 predictas
1049 4584 1221 4666 decimas
1247 4584 1423 4665 retinere
1457 4610 1543 4663 non
1578 4582 1732 4691 possint
1767 4575 1924 4688 absque

118 4717 295 4774 suarum
324 4691 513 4801 periculo⁴
534 4695 766 4773 animarum.
795 4691 848 4774 ad
879 4705 979 4806 quas
1007 4694 1222 4777 soluendae
1250 4692 1507 4776 ecclesiarum
1535 4690 1726 4774 ministris
1750 4703 1923 4794 *tenetur

118 4803 262 4886 fidelis
290 4799 462 4913 quilibet
489 4805 657 4884 veritate
686 4804 853 4886 iubente
879 4804 1086 4912 predictos
1111 4793 1292 4887 homines
1321 4801 1523 4916 rogandos
1551 4803 1739 4886 duximus
1767 4804 1808 4880 br
1834 4823 1923 4878 mo-

115 4913 297 4996 nendos·
329 4913 471 4996 dantes
499 4915 556 4996 eis
584 4917 732 4996 nostris
775 4916 918 4996 litteris
953 4919 996 4996 in
1024 4916 1222 4998 mandatis
1264 4932 1310 4996 ut
1339 4917 1513 4998 decimas
1554 4915 1744 5016 ecclesiis,
1770 4911 1923 5020 quihus

114 5027 333 5110 debentur
372 5025 529 5136 integre
566 5028 658 5109 'siue
693 5024 929 5130 difficultate
956 5027 1199 5136 persoluant.
1237 5026 1419 5137 Ideoque
1463 5023 1707 5108 fraternitati
1748 5041 1923 5134 turpet·
