4384 5946
1842 413 1892 480 ‘r

294 561 379 636 Post
403 551 568 654 singulas
586 527 748 639 litteras,
761 575 807 626 ex
833 551 1065 654 autographis
1092 528 1251 670 caducas,
1273 551 1390 654 sigilla
1416 581 1459 631 eo
1483 556 1624 646 ordine,
1640 563 1777 662 quaeis
1798 591 1937 670 appen.
2047 619 2049 626 >
2117 557 2125 572 ’

70 679 77 695 ’
147 703 183 754 sa
207 676 317 762 fuere,
340 685 584 756 recensentur,
609 672 716 744 citata
742 667 852 745 simul
878 669 1056 758 tabula,
1044 697 1085 748 ru
1111 697 1183 773 qua
1208 671 1324 747 efficta
1337 673 1579 773 reperiuntur,
1591 693 1627 753 et
1640 680 1938 792 omissisquoque
2046 703 2057 710 ·

147 795 204 872 vel
228 794 369 870 extritis
394 791 604 866 observatis.

168 1046 175 1063 Ι
292 959 414 1060 Sigilla
442 972 522 1032 tum
546 957 821 1056 Magistratuum
845 970 883 1030 et
919 956 1142 1043 societatum,
1180 970 1259 1031 tum
1293 957 1487 1035 hominum
1518 967 1664 1066 propria
1696 964 1940 1072 effinguntur,
2014 1007 2018 1020 ·

143 1082 174 1157 si
198 1080 275 1155 baec
299 1079 430 1179 clypeo
455 1076 627 1150 distincta
653 1077 726 1149 sint
751 1074 939 1176 exsculpto
964 1075 1108 1150 velalio
1132 1076 1247 1174 signo,
1272 1101 1318 1150 ex
1343 1103 1417 1178 quo
1441 1077 1579 1156 familia
1598 1091 1808 1184 possessoris
1833 1094 1968 1170 inve..

143 1199 263 1298 stigari
287 1209 421 1300 potest3
447 1196 506 1270 sin
527 1195 650 1284 minus
674 1194 863 1293 inscriptio
889 1206 1046 1281 tantum,
1070 1218 1203 1280 nomen
1229 1196 1431 1282 continens,
1466 1219 1531 1272 suo
1569 1198 1698 1277 ordine
1728 1213 1936 1308 exponitur,
2063 1237 2066 1242 ·

141 1317 265 1394 addita
289 1315 336 1390 dc
361 1313 481 1414 sigillo
505 1311 639 1399 clerici,
662 1311 879 1388 emblemate
904 1309 1064 1418 quodam
1084 1335 1184 1386 sacro
1209 1311 1400 1412 insignito,
1439 1309 1709 1394 observatione.
1746 1329 1937 1408 clericum
2076 1347 2080 1365 ·

287 1483 535 1572 Notationes
526 1508 566 1556 ιιι
587 1482 697 1580 tergis
722 1478 1017 1555 membranarum
1042 1479 1181 1554 l'actoe
1170 1494 1391 1569 inseruntur,
1417 1485 1457 1559 in
1483 1486 1613 1586 primis
1646 1488 1938 1603 quandocunque

139 1601 330 1707 quidpiam
354 1602 564 1675 contineant
587 1600 836 1702 exploratum,
874 1597 1023 1700 quod
1013 1625 1052 1674 ιιι
1078 1599 1210 1672 litteris
1234 1623 1310 1674 non
1352 1602 1555 1692 ἱιινιιιὶιιιι,
1590 1631 1672 1710 quoe
1696 1609 1808 1686 etiam
1832 1617 1938 1704 ratio,

1 1739 7 1760 ³
134 1748 223 1801 curn
248 1721 449 1797 notationes
475 1719 619 1796 serioris
644 1741 720 1792 esse
745 1719 861 1791 aetatis
887 1717 1072 1807 ridentur,
1098 1707 1225 1793 addita
1251 1718 1350 1796 illius
1375 1720 1635 1862 admonitione,
1660 1723 1886 1810 observatur.

288 1887 477 1966 Coloribns
503 1913 646 1990 quoque
671 1911 761 1960 cerae
786 1887 945 1990 lorisque
969 1885 1209 1963 dissimilibus
1222 1912 1296 1960 non
1312 1890 1431 1963 minor
1456 1892 1608 1966 attenuo
1620 1890 1796 1971 tribuitur
1810 1919 1852 1973 ac
1867 1903 1937 1976 im·
2025 1895 2030 1903 ⁸

1 1995 2 2004 ¹
137 2007 382 2111 pressionibus
409 2008 447 2080 in
473 2007 608 2081 aversis
633 2005 835 2106 sigillorum
859 2005 989 2093 obviis,
1016 2019 1058 2082 ut
1082 2006 1330 2106 investigetur,
1344 2019 1523 2109 quatenus
1546 2009 1625 2086 haee
1638 2010 1784 2089 fortuita
1798 2015 1936 2110 suerint

138 2127 243 2200 autsi
267 2125 433 2199 homines
458 2124 637 2200 nominati
665 2121 723 2198 vel
755 2120 911 2200 diverse
936 2146 983 2198 cx
1007 2123 1135 2202 eadem
1159 2140 1266 2228 gente
1290 2125 1439 2203 familiae
1464 2153 1581 2204 unum
1607 2128 1779 2236 idemque
1791 2118 1935 2241 semper

138 2244 403 2365 usurpaverint
421 2251 427 2260 '

287 2411 381 2488 Cum
406 2412 521 2486 exteri
547 2412 626 2486 sine
651 2410 779 2487 notitia
805 2409 939 2510 lingua
965 2410 1135 2488 Sueeauoe
1158 2408 1228 2487 bac
1252 2409 1463 2489 collectione
1488 2438 1563 2490 nou
1586 2413 1681 2492 bene
1704 2420 1761 2494 uti
1782 2423 1935 2535 posint,

135 2546 172 2608 et
195 2543 346 2634 propter
370 2532 514 2631 copiam
538 2543 702 2604 aetorum
728 2530 867 2604 Suetice
892 2529 1122 2630 scriptarum,
1146 2542 1183 2604 et
1208 2533 1459 2610 necomitatem
1481 2557 1568 2610 cum
1604 2534 1669 2610 illa
1694 2524 1935 2641 comparandi

134 2651 293 2752 reliquos
320 2662 461 2724 nostros
485 2646 598 2722 libros
623 2646 810 2749 fontesque
835 2646 1036 2736 historicos,
1060 2649 1291 2748 aptissimum
1316 2649 1411 2725 mibi
1445 2651 1566 2728 risum
1590 2651 1672 2740 suit,
1698 2656 1936 2741 vernaculam

122 2767 309 2862 ¹adbibere
334 2782 410 2842 tam
432 2764 480 2843 ad
505 2764 667 2852 titulum,
688 2763 885 2868 praelamen
910 2779 947 2842 et
977 2765 1168 2868 cujuslibet
1205 2769 1278 2844 acti
1314 2780 1568 2868 argumentum
1599 2769 1821 2877 fontemque,
1859 2802 1931 2854 un·
2059 2861 2065 2880 ¹

1 2889 2 2972 ζ
134 2889 179 2964 dc
203 2889 362 2990 petitum
388 2887 452 2972 sit,
477 2883 730 2970 indicandum,
756 2883 940 2987 quemad
963 2883 1166 2983 sigillorum
1190 2887 1370 2962 rationem
1390 2887 1677 2976 monstrandam,
1703 2891 1932 2998 reliquasque
2021 2925 2024 2934 ¹

133 3006 401 3085 observationes
426 3016 464 3077 et
488 3005 807 3104 interpretamenta
813 3032 826 3091 ι
852 3001 918 3078 sed
942 3000 1158 3109 adjungetur
1184 3001 1297 3080 index
1313 3001 1597 3107 chronologicus,
1610 3007 1724 3086 latine
1736 3012 1932 3106 coniectus.
1993 3017 2030 3092 ’.
2077 3039 2114 3096 ,·
2154 3047 2155 3056 ¹

133 3127 196 3231 qui
219 3149 406 3202 summam
430 3126 601 3228 cujusque
624 3123 698 3198 acti
723 3121 890 3224 excipiet.
969 3187 973 3194 .

282 3291 589 3396 Diplomatarium
605 3288 730 3399 *lorma
756 3265 1005 3391 quaternaria,
1028 3287 1130 3390 typis
1154 3289 1295 3364 Latinis
1327 3303 1364 3364 et
1390 3291 1429 3364 in
1450 3287 1573 3367 charta
1598 3293 1713 3393 praelo
1746 3297 1934 3397 aptissima

130 3411 342 3498 excuditur,
369 3409 434 3484 sed
459 3409 651 3484 siueomni
676 3408 781 3494 fastu,
794 3431 841 3480 ne
854 3409 1014 3510 pretium
1038 3407 1138 3481 illius
1156 3419 1314 3494 auctum,
1326 3409 1521 3510 quominus
1533 3407 1639 3510 longe
1651 3411 1795 3515 lateque
1806 3413 1932 3493 divul.

1 3553 2 3568 ι
130 3544 245 3632 getur,
271 3525 460 3631 impediat.
510 3525 719 3625 Sigillorum
743 3527 943 3626 specimina
968 3538 1005 3599 et
1029 3525 1310 3626 scripturarum,
1335 3550 1416 3626 quae
1441 3523 1490 3601 ad
1514 3528 1770 3604 monstrandas
1793 3558 1860 3633 per
1872 3559 1930 3612 tn
1997 3617 2005 3630 ,

1 3661 2 3684 ’
128 3647 283 3726 terualla
308 3660 516 3747 temporum
538 3645 758 3718 mutationes
781 3643 870 3717 artis
895 3641 1080 3717 scribendi
1104 3642 1227 3730 saetas,
1253 3642 1450 3718 necmaria
1487 3658 1699 3735 censentur,
1723 3647 1930 3787 chalcogra·
1970 3659 1975 3670 '

1 3851 2 3868 χ
127 3767 235 3872 pbice
262 3762 323 3842 vel
347 3763 610 3864 lithograpbice
634 3761 873 3862 effinguntur,
900 3762 1034 3838 talibus
1060 3787 1158 3847 vero,
1184 3785 1341 3862 quorum
1365 3761 1564 3861 specimina
1588 3763 1629 3838 in
1661 3762 1777 3838 aliis
1766 3793 1839 3871 pam
1857 3770 1929 3846 im-

1 3927 3 3961 ι
128 3885 262 3989 pressis
287 3881 393 3980 libris
418 3893 572 3968 exstant,
595 3879 726 3967 obviis,
752 3879 878 3956 notula
903 3879 950 3957 ad
976 3879 1046 3956 boc
1071 3878 1311 3954 indicendum
1336 3877 1516 3984 adjicitur.

280 4042 429 4144 Summa
453 4064 539 4114 cura
564 3997 775 4115 adbibenda
800 4038 880 4115 erit»
895 4053 933 4117 et
957 4038 998 4114 in
1022 4036 1261 4114 exscribendo
1285 4050 1322 4111 et
1346 4038 1387 4112 in
1412 4016 1684 4140 imprimendo,
1713 4040 1764 4113 ita
1789 4053 1832 4114 ut
1863 4051 1927 4118 au2
2060 4053 2064 4064 '

11 4188 12 4195 ¹
127 4159 304 4266 tograpba
329 4161 468 4258 integra
493 4157 643 4231 omnino
667 4155 881 4233 reddantur.
931 4154 1064 4234 blenda
1089 4181 1233 4258 quoque
1258 4155 1447 4256 scripturae
1470 4153 1570 4232 baud
1595 4169 1795 4245 mutantur,
1809 4181 1927 4260 quan·
2010 4237 2015 4248 ,

127 4281 175 4356 do
205 4303 334 4356 eorum
372 4275 583 4379 expurgatio
620 4273 896 4374 ambiguitatem
933 4272 993 4350 vel
1031 4273 1298 4350 dubitationem
1333 4273 1618 4372 significationis·
1637 4273 1765 4349 afferre
1793 4289 1927 4378 posset,

127 4397 227 4501 quod
252 4398 285 4472 si
308 4407 458 4481 constet,
483 4393 532 4468 ad
556 4417 667 4494 φικιιι
692 4417 859 4468 normam
884 4417 957 4470 vox
982 4391 1047 4467 illa
1071 4393 1287 4491 corrigatur,
1325 4391 1365 4465 iu
1404 4391 1529 4466 notula
1560 4389 1782 4469 observetur.
1833 4396 1925 4472 Om-

59 4515 63 4522 ’
124 4518 188 4591 nia
214 4517 404 4617 scripturae
427 4509 666 4620 compendia,
687 4535 843 4615 quorum
869 4511 1000 4590 litterae
1022 4536 1070 4588 ex
1093 4507 1222 4586 eodem
1248 4507 1307 4586 rel
1331 4533 1377 4584 ex
1402 4509 1473 4585 alio
1511 4505 1670 4612 quodam
1706 4507 1926 4588 documento

124 4631 289 4738 ejusdem
313 4631 486 4733 temporis
509 4630 788 4729 etgerrerieerui
807 4644 969 4732 possunt,
987 4629 1191 4731 explentur.
1215 4629 1254 4703 Si
1268 4639 1475 4710 autemnon
1486 4627 1757 4731 exquiripossit
1768 4633 1925 4707 auceori·
2058 4669 2061 4678 ·

125 4765 190 4839 tas,
216 4775 292 4854 qua
316 4747 409 4824 duce
433 4762 624 4825 conuecta
651 4773 757 4826 voces
781 4747 889 4852 plene
912 4735 1071 4850 exprimi
1094 4759 1258 4850 possunt,
1281 4745 1338 4821 bae
1354 4747 1576 4835 retinenturr
1602 4748 1752 4822 seorsim
1767 4745 1924 4826 addetur

1 4915 2 4918 ι
103 4867 250 4950 “brevis
273 4869 450 4974 expositio
473 4866 775 4972 compendiorum
798 4868 998 4972 scripturae,
1022 4890 1105 4972 quer
1128 4863 1199 4942 sub
1222 4861 1346 4942 medio
1369 4887 1448 4952 aevo
1465 4863 1660 4966 vulgariiu
1684 4864 1923 4964 uauluerunt.

917 5004 922 5012 ·
1762 5005 1786 5056 ι
