4368 5950
957 457 1014 504 .·.·.
1132 433 1206 536 ,84
1315 487 1373 504 ...

283 669 408 774 158.
516 713 521 721 ·
910 667 1442 815 1216d.31Maj.
1639 653 1644 661 ⁵
1831 673 2057 818 Perugia.

327 883 440 956 ‚Pate
470 892 670 956 lruocsrrrrus
701 884 771 953 lllts
792 889 1012 972 Teckstgelser
1034 891 1084 954 tlll
1108 889 1229 975 Upsalu
1249 893 1332 956 stille
1354 891 1543 955 innevlnare
1563 891 1613 955 idr-
1632 891 1724 956 deror
1745 890 1996 973 beredvilligbet
2017 901 2060 952 att

287 995 295 1004 ¹
397 976 510 1055 ulgdrs
529 975 575 1036 sin
596 975 679 1036 skatt
699 968 751 1037 till
774 974 905 1036 Pdl'ren.
1237 973 1239 978 ’

1765 1086 1929 1142 Luto.

431 1221 696 1318 Itntoceurtus
725 1221 938 1331 episcopus
966 1247 1107 1303 seruus
1134 1245 1347 1303 seruorum
1389 1218 1467 1301 dei.
1512 1218 1677 1301 Dilectis
1719 1217 1813 1328 lilijs
1855 1219 2061 1302 nobilibus

266 1333 364 1436 uiris
392 1327 634 1410 Beronibus
658 1330 854 1411 Militibus
882 1337 922 1411 8(
950 1331 1038 1441 alijs
1066 1357 1140 1439 per
1168 1327 1431 1439 vpsullensem
1460 1329 1649 1411 diocesim
1670 1331 1906 1411 constitutis
1948 1331 2063 1412 Salu-

263 1461 347 1523 tem
363 1446 414 1524 8(
443 1440 705 1549 apostolicum
732 1441 1065 1523 benedictionem.
1105 1442 1235 1548 Super
1263 1468 1313 1521 eo
1341 1441 1455 1550 quod
1482 1440 1664 1522 debitum
1692 1438 1812 1520 nobis
1834 1467 2000 1520 censum
2016 1441 2062 1520 li·
2110 1487 2116 1496 ·

262 1552 453 1635 beraliter
480 1557 520 1630 8(
547 1547 694 1630 deuote
721 1551 897 1632 soluistis
926 1554 1029 1632 sicut
1056 1551 1277 1632 venerabili
1306 1550 1421 1630 fratri
1450 1567 1600 1631 nostro.
1630 1549 1948 1658 Archiepisoopo
1992 1578 2061 1631 ue-

263 1679 351 1744 stro
366 1663 609 1742 insinuante
638 1659 850 1741 didicimus
878 1669 917 1744 8(
945 1665 1030 1770 ipse
1059 1662 1118 1741 rei
1147 1659 1316 1742 effectus
1344 1660 1497 1748 indicat
1537 1657 1756 1741 euidenter.
1802 1658 2057 1742 deuotionem

263 1789 438 1853 uestram
466 1770 787 1851 commendamus
817 1772 859 1850 in
886 1769 1054 1854 domiuo
1083 1776 1122 1850 &
1156 1769 1279 1879 digna
1311 1771 1539 1876 graciarum
1566 1771 1851 1879 prosequimur
1885 1771 2056 1850 actione.

246 1899 453 1990 'rogantes
480 1896 631 1960 attente
659 1901 706 1961 uc
743 1907 816 1987 per
844 1882 1066 1990 apostolice
1095 1880 1216 1961 uobis
1242 1883 1391 1989 scriptu
1430 1878 1678 1961 mandantes.
1707 1881 1905 1988 quatinus¹
1928 1882 1971 1960 in
1999 1883 2058 1989 ip·

245 2020 310 2100 ⁸so
338 2019 462 2072 censu
489 1988 637 2069 debitis
666 1993 918 2098 temporibus
946 1989 1175 2071 exoluendo
1212 2017 1283 2069 uos
1327 1990 1518 2071 exhibere
1560 1990 1706 2070 curetis
1734 1990 1789 2069 itu
1823 2005 1991 2097 paratos
2019 2011 2060 2074 et

147 2109 153 2116 '
262 2117 475 2211 promptos
494 2097 616 2208 'quod
645 2099 868 2208 apostolica
895 2099 1007 2182 sedes
1036 2107 1075 2181 8(
1103 2128 1178 2179 nos
1206 2101 1278 2212 qui
1306 2103 1343 2181 ci
1372 2101 1465 2180 licet
1498 2098 1687 2179 immeriti
1715 2098 1962 2207 presidemus
1984 2128 2060 2181 uos

261 2213 441 2294 caritatis
470 2208 647 2316 braobijs
674 2227 884 2291 teneamur
910 2211 1022 2293 sicut·
1050 2208 1242 2318 speciales
1283 2209 1388 2292 lilios
1432 2209 1557 2290 artius
1600 2206 1833 2315 amplexari.
1861 2226 1902 2288 et
1929 2238 1953 2288 a
1981 2206 2061 2292 deo

262 2319 431 2430 dignum
461 2346 687 2400 mereamur
714 2321 913 2428 premium
943 2319 1140 2402 obtinere.
1195 2322 1344 2400 Datum
1385 2318 1539 2428 perusij
1569 2320 1619 2399 ll.
1650 2315 1729 2396 kal.
1759 2318 1863 2426 jnuij
1897 2321 2080 2426 pontili-¹

263 2448 377 2512 catus
406 2433 533 2526 nostri
562 2433 687 2510 Anno,
712 2430 1000 2526 Nonodecimo.

1007 2571 1176 2657 Blybulleu
1200 2573 1378 2636 borlfellen.

276 3063 400 3214 159.
490 3023 492 3028 V
906 3069 1055 3172 1216
1103 3067 1151 3172 d.
1200 3071 1270 3173 25
1319 3067 1436 3176 Juli.
1828 3071 2062 3215 Perugia.

347 3287 438 3352 Pttv.
457 3266 633 3352 'Honorius
664 3287 734 3349 lllts
766 3285 987 3350 underrdttelse
1020 3287 1068 3352 till
1089 3283 1270 3350 hle-nist.
1292 3287 1450 3351 Vmerus
1470 3287 1616 3374 iUpseln
1637 3290 1696 3352 och
1718 3287 1793 3350 huns
1814 3286 2056 3372 Lyd-Bidopcr

408 3388 458 3434 om
483 3376 682 3436 triocmtms
701 3363 772 3432 lllts
793 3365 937 3430 lrlulltllc
956 3369 1015 3431 och
1036 3383 1089 3431 om
1108 3369 1163 3432 det
1182 3391 1244 3454 uye
1266 3371 1462 3438 Pdsvevelet.

1769 3533 1804 3587 ι(
1822 3550 1846 3587 e
1867 3535 1926 3604 (σῃ.

235 3663 238 3668 ’
297 3615 505 3753 Honorius
533 3671 652 3779 Papa
679 3669 762 3748 III.
789 3669 950 3749 Vaterno
985 3668 1287 3779 Arcbiepircopo
1312 3671 1525 3779 Vpsaleast
1548 3674 1588 3750 8(
1616 3673 1903 3778 suffraganeis
1930 3676 2021 3751 eins.

288 3845 289 3850 ¹
335 3913 341 3922 ι
429 3811 596 3921 Magnvs
627 3811 822 3891 Dominus
851 3815 891 3890 8(
919 3807 1132 3892 laudabilis
1168 3811 1305 3908 nimis,
1343 3812 1542 3919 gloriosus
1575 3813 1620 3894 in
1657 3815 1829 3911 Sanctis,
1864 3813 2065 3896 mirabilis

149 3926 154 3937 “
263 3927 306 4006 in
334 3917 609 4004 Maiestatibus
640 3919 865 4030 faciensque
893 3918 1098 4029 prodigia,
1137 3915 1325 4001 immittat
1359 3939 1543 4032 tempora
1585 3922 1667 4004 alto
1704 3951 1785 4005 suae
1827 3923 2065 4033 dispositio·

263 4036 327 4115 nis
353 4033 544 4128 consilio,
573 4033 641 4113 cui
669 4031 919 4113 consiliarius
948 4027 1050 4110 alius
1079 4054 1163 4110 non
1197 4029 1352 4126 existit,
1381 4039 1420 4112 &
1448 4047 1568 4114 vocat
1610 4058 1655 4113 ee
1700 4059 1792 4145 quae
1834 4064 1919 4116 non
1961 4053 2065 4116 sunt

135 4187 139 4190 ·
264 4160 457 4253 tanquam
484 4171 532 4222 ea
560 4171 651 4252 quae
681 4157 794 4236 sunt,
823 4158 866 4220 vt
894 4165 979 4221 non
1006 4136 1203 4246 glorietur
1231 4142 1359 4221 omnis
1393 4172 1486 4224 caro
1515 4147 1557 4224 in
1588 4163 1806 4254 conspectu
1847 4149 1946 4242 eius,
1985 4147 2065 4226 sed
2179 4155 2180 4160 '

295 4253 602 4336 uemadmcdum
632 4254 936 4358 scriptumest,
965 4252 1037 4360 qui
1064 4251 1262 4358 gloriatur
1289 4254 1332 4332 in
1349 4253 1524 4334 Domino
1539 4253 1746 4363 glorietur.
1777 4258 1796 4336 l
1882 4281 2064 4365 namque

264 4283 337 4443 dat
364 4379 615 4445 secretorum
644 4363 924 4458 scrutatores&
944 4361 1060 4470 quusi
1089 4387 1171 4438 non
1201 4361 1299 4460 sint,
1342 4368 1381 4444 8(
1422 4363 1533 4444 velut
1569 4366 1706 4445 inanes
1744 4368 1784 4447 iu
1815 4368 1896 4446 ices
1939 4382 2064 4446 terres

262 4470 382 4576 facit,
411 4471 630 4552 arefaciens
658 4488 799 4577 stagna
827 4469 988 4550 flumina
1018 4471 1061 4549 in
1090 4471 1241 4554 insulas
1268 4471 1518 4569 collocando,
1549 4473 1601 4556 ab
1623 4477 1777 4557 oriente
1793 4475 2063 4558 &occidente

265 4599 485 4688 congregat
513 4583 590 4662 sibi
620 4608 763 4674 semen,
794 4584 834 4658 8(
861 4579 960 4661 dicit
988 4581 1180 4688 Aquiloni
1218 4581 1282 4680 de,
1311 4589 1351 4662 8(
1378 4594 1525 4666 Austro
1553 4585 1639 4665 noli
1667 4585 1896 4694 prohibere,
1925 4602 1969 4666 vt
1997 4587 2062 4667 illi

124 4731 127 4739 ,
267 4688 417 4798 quibus
445 4689 595 4770 arridet
623 4692 869 4799 prosperitas
897 4691 1000 4771 filios
1029 4691 1241 4803 Aquilonis
1270 4694 1464 4802 impedire
1479 4721 1564 4776 non
1586 4697 1742 4805 possint
1757 4694 1892 4778 venire
1908 4699 1949 4777 in
1965 4725 2063 4805 gra-

1755 4807 1851 4886 tiam
