<?xml version="1.0" encoding="UTF-8"?>
<!DOCTYPE html PUBLIC "-//W3C//DTD XHTML 1.0 Transitional//EN"
    "http://www.w3.org/TR/xhtml1/DTD/xhtml1-transitional.dtd">
<html xmlns="http://www.w3.org/1999/xhtml" xml:lang="en" lang="en">
 <head>
  <title>
</title>
<meta http-equiv="Content-Type" content="text/html;charset=utf-8" />
  <meta name='ocr-system' content='tesseract 3.04.00' />
  <meta name='ocr-capabilities' content='ocr_page ocr_carea ocr_par ocr_line ocrx_word'/>
</head>
<body>
  <div class='ocr_page' id='page_1' title='image "./svensktdiplomat00swegoog_0523.png"; bbox 0 0 4398 5958; ppageno 0'>
   <div class='ocr_carea' id='block_1_1' title="bbox 1008 155 1025 230">
    <p class='ocr_par' dir='ltr' id='par_1_1' title="bbox 1008 155 1025 230">
     <span class='ocr_line' id='line_1_1' title="bbox 1008 155 1025 230; baseline 0 0"><span class='ocrx_word' id='word_1_1' title='bbox 1008 155 1025 230; x_wconf 69' lang='grc' dir='ltr'>ἶ</span> 
     </span>
    </p>
   </div>
   <div class='ocr_carea' id='block_1_2' title="bbox 818 355 1246 494">
    <p class='ocr_par' dir='ltr' id='par_1_2' title="bbox 818 355 1246 494">
     <span class='ocr_line' id='line_1_2' title="bbox 818 355 1246 494; baseline 0.019 -22"><span class='ocrx_word' id='word_1_2' title='bbox 818 441 874 472; x_wconf 87' lang='grc'><strong>..-</strong></span> <span class='ocrx_word' id='word_1_3' title='bbox 986 376 1068 494; x_wconf 73' lang='lat' dir='ltr'><strong>aaa</strong></span> <span class='ocrx_word' id='word_1_4' title='bbox 1178 355 1246 462; x_wconf 82' lang='grc'><strong>-’</strong></span> 
     </span>
    </p>
   </div>
   <div class='ocr_carea' id='block_1_3' title="bbox 1 613 2072 3840">
    <p class='ocr_par' dir='ltr' id='par_1_3' title="bbox 1 613 2072 3840">
     <span class='ocr_line' id='line_1_3' title="bbox 1 613 1918 732; baseline -0.004 -25"><span class='ocrx_word' id='word_1_5' title='bbox 1 667 9 673; x_wconf 29' lang='lat'><strong>¹·</strong></span> <span class='ocrx_word' id='word_1_6' title='bbox 127 624 240 732; x_wconf 76' lang='lat' dir='ltr'><strong>genti</strong></span> <span class='ocrx_word' id='word_1_7' title='bbox 268 613 545 706; x_wconf 81' lang='lat' dir='ltr'><strong>serutarentur</strong></span> <span class='ocrx_word' id='word_1_8' title='bbox 579 618 781 714; x_wconf 81' lang='lat' dir='ltr'>examine,</span> <span class='ocrx_word' id='word_1_9' title='bbox 822 620 856 698; x_wconf 91' lang='lat' dir='ltr'><strong>si</strong></span> <span class='ocrx_word' id='word_1_10' title='bbox 890 615 1124 728; x_wconf 79' lang='lat' dir='ltr'><strong>frequenter</strong></span> <span class='ocrx_word' id='word_1_11' title='bbox 1165 613 1438 700; x_wconf 75' lang='lat' dir='ltr'><strong>meditationis</strong></span> <span class='ocrx_word' id='word_1_12' title='bbox 1478 625 1643 698; x_wconf 76' lang='lat' dir='ltr'><strong>ruente</strong></span> <span class='ocrx_word' id='word_1_13' title='bbox 1684 616 1918 722; x_wconf 83' lang='lat' dir='ltr'><strong>conspectui</strong></span> 
     </span>
     <span class='ocr_line' id='line_1_4' title="bbox 74 723 2072 842; baseline -0.005 -28"><span class='ocrx_word' id='word_1_14' title='bbox 74 751 78 757; x_wconf 88' lang='grc'>’</span> <span class='ocrx_word' id='word_1_15' title='bbox 128 749 439 842; x_wconf 76' lang='lat' dir='ltr'><strong>praesentarent,</strong></span> <span class='ocrx_word' id='word_1_16' title='bbox 468 729 655 840; x_wconf 84' lang='lat' dir='ltr'><strong>proiecto</strong></span> <span class='ocrx_word' id='word_1_17' title='bbox 684 757 825 824; x_wconf 89' lang='lat' dir='ltr'><strong>eorum</strong></span> <span class='ocrx_word' id='word_1_18' title='bbox 853 726 978 810; x_wconf 88' lang='lat' dir='ltr'><strong>corda</strong></span> <span class='ocrx_word' id='word_1_19' title='bbox 1005 727 1329 810; x_wconf 75' lang='lat' dir='ltr'><strong>concalescerent</strong></span> <span class='ocrx_word' id='word_1_20' title='bbox 1357 723 1463 808; x_wconf 73' lang='lat' dir='ltr'><strong>inira</strong></span> <span class='ocrx_word' id='word_1_21' title='bbox 1490 725 1599 835; x_wconf 90' lang='lat' dir='ltr'><strong>ipsos</strong></span> <span class='ocrx_word' id='word_1_22' title='bbox 1640 727 1733 836; x_wconf 84' lang='lat' dir='ltr'><strong>igue</strong></span> <span class='ocrx_word' id='word_1_23' title='bbox 1765 725 1809 804; x_wconf 88' lang='lat' dir='ltr'><strong>in</strong></span> <span class='ocrx_word' id='word_1_24' title='bbox 1837 753 1921 808; x_wconf 89' lang='lat' dir='ltr'><strong>me-</strong></span> <span class='ocrx_word' id='word_1_25' title='bbox 2070 805 2072 812; x_wconf 81' lang='grc'><em>,</em></span> 
     </span>
     <span class='ocr_line' id='line_1_5' title="bbox 94 835 2036 946; baseline -0.004 -22"><span class='ocrx_word' id='word_1_26' title='bbox 94 844 345 936; x_wconf 61' lang='lat' dir='ltr'><strong>,ditantium</strong></span> <span class='ocrx_word' id='word_1_27' title='bbox 387 845 529 924; x_wconf 88' lang='lat' dir='ltr'><strong>animis</strong></span> <span class='ocrx_word' id='word_1_28' title='bbox 570 839 823 924; x_wconf 84' lang='lat' dir='ltr'><strong>ardescente·</strong></span> <span class='ocrx_word' id='word_1_29' title='bbox 859 840 983 920; x_wconf 84' lang='lat' dir='ltr'><strong>Cuius</strong></span> <span class='ocrx_word' id='word_1_30' title='bbox 1025 840 1174 922; x_wconf 86' lang='lat' dir='ltr'><strong>etenim</strong></span> <span class='ocrx_word' id='word_1_31' title='bbox 1209 853 1367 946; x_wconf 84' lang='lat' dir='ltr'><strong>pectus</strong></span> <span class='ocrx_word' id='word_1_32' title='bbox 1401 862 1566 920; x_wconf 74' lang='lat' dir='ltr'><strong>saxeum</strong></span> <span class='ocrx_word' id='word_1_33' title='bbox 1594 862 1678 916; x_wconf 91' lang='lat' dir='ltr'><strong>non</strong></span> <span class='ocrx_word' id='word_1_34' title='bbox 1720 835 1920 916; x_wconf 86' lang='lat' dir='ltr'><strong>emolliret</strong></span> <span class='ocrx_word' id='word_1_35' title='bbox 1994 846 2036 918; x_wconf 60' lang='lat'><strong>‚⁸</strong></span> 
     </span>
     <span class='ocr_line' id='line_1_6' title="bbox 127 944 1991 1059; baseline -0.008 -23"><span class='ocrx_word' id='word_1_36' title='bbox 127 954 379 1037; x_wconf 85' lang='lat' dir='ltr'><strong>considerata</strong></span> <span class='ocrx_word' id='word_1_37' title='bbox 409 954 518 1034; x_wconf 89' lang='lat' dir='ltr'><strong>illius</strong></span> <span class='ocrx_word' id='word_1_38' title='bbox 544 951 844 1034; x_wconf 81' lang='lat' dir='ltr'><strong>humanationis</strong></span> <span class='ocrx_word' id='word_1_39' title='bbox 872 950 1093 1047; x_wconf 82' lang='lat' dir='ltr'><strong>humilitas,</strong></span> <span class='ocrx_word' id='word_1_40' title='bbox 1125 952 1276 1059; x_wconf 90' lang='lat' dir='ltr'><strong>inqua</strong></span> <span class='ocrx_word' id='word_1_41' title='bbox 1307 949 1382 1054; x_wconf 87' lang='lat' dir='ltr'><strong>Dei</strong></span> <span class='ocrx_word' id='word_1_42' title='bbox 1410 946 1515 1028; x_wconf 89' lang='lat' dir='ltr'><strong>filius</strong></span> <span class='ocrx_word' id='word_1_43' title='bbox 1541 944 1671 1028; x_wconf 81' lang='lat' dir='ltr'><strong>factus</strong></span> <span class='ocrx_word' id='word_1_44' title='bbox 1685 946 1806 1027; x_wconf 91' lang='lat' dir='ltr'><strong>homo</strong></span> <span class='ocrx_word' id='word_1_45' title='bbox 1835 947 1920 1030; x_wconf 80' lang='lat' dir='ltr'><strong>eni·</strong></span> <span class='ocrx_word' id='word_1_46' title='bbox 1986 1017 1991 1022; x_wconf 84' lang='lat'><em>.</em></span> 
     </span>
     <span class='ocr_line' id='line_1_7' title="bbox 127 1056 1920 1173; baseline -0.005 -25"><span class='ocrx_word' id='word_1_47' title='bbox 127 1066 288 1150; x_wconf 87' lang='lat' dir='ltr'><strong>naniuit</strong></span> <span class='ocrx_word' id='word_1_48' title='bbox 316 1069 571 1173; x_wconf 84' lang='lat' dir='ltr'><strong>semetipsum</strong></span> <span class='ocrx_word' id='word_1_49' title='bbox 600 1061 770 1144; x_wconf 86' lang='lat' dir='ltr'><strong>formam</strong></span> <span class='ocrx_word' id='word_1_50' title='bbox 798 1061 905 1144; x_wconf 91' lang='lat' dir='ltr'><strong>serui</strong></span> <span class='ocrx_word' id='word_1_51' title='bbox 935 1063 1136 1171; x_wconf 87' lang='lat' dir='ltr'><strong>accipiens</strong></span> <span class='ocrx_word' id='word_1_52' title='bbox 1149 1063 1191 1140; x_wconf 91' lang='lat' dir='ltr'><strong>in</strong></span> <span class='ocrx_word' id='word_1_53' title='bbox 1206 1056 1508 1140; x_wconf 90' lang='lat' dir='ltr'><strong>similitudinem</strong></span> <span class='ocrx_word' id='word_1_54' title='bbox 1535 1056 1709 1140; x_wconf 89' lang='lat' dir='ltr'><strong>hominis</strong></span> <span class='ocrx_word' id='word_1_55' title='bbox 1729 1057 1759 1170; x_wconf 87' lang='lat'><strong>¹)</strong></span> <span class='ocrx_word' id='word_1_56' title='bbox 1788 1056 1920 1140; x_wconf 82' lang='lat' dir='ltr'><strong>faretras</strong></span> 
     </span>
     <span class='ocr_line' id='line_1_8' title="bbox 121 1167 1920 1264; baseline -0.004 -8"><span class='ocrx_word' id='word_1_57' title='bbox 121 1183 168 1258; x_wconf 67' lang='lat' dir='ltr'><strong>,Sc</strong></span> <span class='ocrx_word' id='word_1_58' title='bbox 200 1175 344 1257; x_wconf 89' lang='lat' dir='ltr'><strong>habitu</strong></span> <span class='ocrx_word' id='word_1_59' title='bbox 373 1177 564 1260; x_wconf 91' lang='lat' dir='ltr'><strong>inuentus</strong></span> <span class='ocrx_word' id='word_1_60' title='bbox 591 1191 635 1252; x_wconf 91' lang='lat' dir='ltr'><strong>vt</strong></span> <span class='ocrx_word' id='word_1_61' title='bbox 663 1173 808 1256; x_wconf 78' lang='lat' dir='ltr'><strong>homo?</strong></span> <span class='ocrx_word' id='word_1_62' title='bbox 836 1173 962 1254; x_wconf 89' lang='lat' dir='ltr'><strong>Cuius</strong></span> <span class='ocrx_word' id='word_1_63' title='bbox 991 1175 1142 1254; x_wconf 86' lang='lat' dir='ltr'><strong>viscera</strong></span> <span class='ocrx_word' id='word_1_64' title='bbox 1170 1197 1257 1254; x_wconf 89' lang='lat' dir='ltr'><strong>non</strong></span> <span class='ocrx_word' id='word_1_65' title='bbox 1284 1167 1920 1264; x_wconf 79' lang='lat' dir='ltr'><strong>inflammaretcaritatisardore</strong></span> 
     </span>
     <span class='ocr_line' id='line_1_9' title="bbox 128 1276 1920 1396; baseline -0.003 -29"><span class='ocrx_word' id='word_1_66' title='bbox 128 1290 196 1396; x_wconf 90' lang='lat' dir='ltr'><strong>pia</strong></span> <span class='ocrx_word' id='word_1_67' title='bbox 226 1286 495 1368; x_wconf 78' lang='lat' dir='ltr'><strong>consideratio</strong></span> <span class='ocrx_word' id='word_1_68' title='bbox 525 1285 633 1369; x_wconf 91' lang='lat' dir='ltr'><strong>illius</strong></span> <span class='ocrx_word' id='word_1_69' title='bbox 661 1281 949 1370; x_wconf 85' lang='lat' dir='ltr'><strong>humiliationis</strong></span> <span class='ocrx_word' id='word_1_70' title='bbox 981 1301 1186 1378; x_wconf 86' lang='lat' dir='ltr'><strong>extremae,</strong></span> <span class='ocrx_word' id='word_1_71' title='bbox 1214 1284 1257 1361; x_wconf 89' lang='lat' dir='ltr'><strong>in</strong></span> <span class='ocrx_word' id='word_1_72' title='bbox 1289 1306 1372 1391; x_wconf 88' lang='lat' dir='ltr'><strong>qua</strong></span> <span class='ocrx_word' id='word_1_73' title='bbox 1400 1283 1484 1390; x_wconf 84' lang='lat' dir='ltr'><strong>ipse</strong></span> <span class='ocrx_word' id='word_1_74' title='bbox 1512 1276 1619 1360; x_wconf 88' lang='lat' dir='ltr'><strong>idem</strong></span> <span class='ocrx_word' id='word_1_75' title='bbox 1661 1279 1792 1362; x_wconf 78' lang='lat' dir='ltr'><strong>factm</strong></span> <span class='ocrx_word' id='word_1_76' title='bbox 1821 1281 1920 1364; x_wconf 86' lang='lat' dir='ltr'><strong>obe·</strong></span> 
     </span>
     <span class='ocr_line' id='line_1_10' title="bbox 127 1389 1921 1507; baseline -0.003 -29"><span class='ocrx_word' id='word_1_77' title='bbox 127 1397 241 1478; x_wconf 88' lang='lat' dir='ltr'><strong>diens</strong></span> <span class='ocrx_word' id='word_1_78' title='bbox 269 1426 394 1507; x_wconf 82' lang='lat' dir='ltr'><strong>usque</strong></span> <span class='ocrx_word' id='word_1_79' title='bbox 422 1396 475 1477; x_wconf 89' lang='lat' dir='ltr'><strong>ad</strong></span> <span class='ocrx_word' id='word_1_80' title='bbox 503 1414 672 1476; x_wconf 90' lang='lat' dir='ltr'><strong>mortem</strong></span> <span class='ocrx_word' id='word_1_81' title='bbox 701 1393 753 1475; x_wconf 89' lang='lat' dir='ltr'><strong>ad</strong></span> <span class='ocrx_word' id='word_1_82' title='bbox 782 1395 1117 1503; x_wconf 88' lang='lat' dir='ltr'><strong>exprobrantium</strong></span> <span class='ocrx_word' id='word_1_83' title='bbox 1145 1392 1367 1502; x_wconf 90' lang='lat' dir='ltr'><strong>opprobria</strong></span> <span class='ocrx_word' id='word_1_84' title='bbox 1390 1417 1532 1476; x_wconf 71' lang='lat' dir='ltr'><strong>,coram</strong></span> <span class='ocrx_word' id='word_1_85' title='bbox 1560 1389 1754 1474; x_wconf 89' lang='lat' dir='ltr'><strong>tondente</strong></span> <span class='ocrx_word' id='word_1_86' title='bbox 1781 1415 1838 1472; x_wconf 81' lang='lat' dir='ltr'><strong>se¹</strong></span> <span class='ocrx_word' id='word_1_87' title='bbox 1851 1417 1921 1472; x_wconf 91' lang='lat' dir='ltr'><strong>ve·</strong></span> 
     </span>
     <span class='ocr_line' id='line_1_11' title="bbox 128 1502 1920 1616; baseline -0.003 -29"><span class='ocrx_word' id='word_1_88' title='bbox 128 1510 187 1588; x_wconf 91' lang='lat' dir='ltr'><strong>lut</strong></span> <span class='ocrx_word' id='word_1_89' title='bbox 216 1537 346 1616; x_wconf 89' lang='lat' dir='ltr'><strong>agnus</strong></span> <span class='ocrx_word' id='word_1_90' title='bbox 375 1507 599 1603; x_wconf 89' lang='lat' dir='ltr'><strong>obmutuit,</strong></span> <span class='ocrx_word' id='word_1_91' title='bbox 630 1512 670 1585; x_wconf 86' lang='lat'>&amp;</span> <span class='ocrx_word' id='word_1_92' title='bbox 697 1508 801 1587; x_wconf 89' lang='lat' dir='ltr'><strong>sieut</strong></span> <span class='ocrx_word' id='word_1_93' title='bbox 829 1507 918 1588; x_wconf 88' lang='lat' dir='ltr'><strong>ouis</strong></span> <span class='ocrx_word' id='word_1_94' title='bbox 946 1504 999 1586; x_wconf 92' lang='lat' dir='ltr'><strong>ad</strong></span> <span class='ocrx_word' id='word_1_95' title='bbox 1028 1506 1268 1586; x_wconf 89' lang='lat' dir='ltr'><strong>occisionem</strong></span> <span class='ocrx_word' id='word_1_96' title='bbox 1297 1503 1455 1599; x_wconf 87' lang='lat' dir='ltr'><strong>ductus,</strong></span> <span class='ocrx_word' id='word_1_97' title='bbox 1483 1516 1575 1608; x_wconf 90' lang='lat' dir='ltr'><strong>post</strong></span> <span class='ocrx_word' id='word_1_98' title='bbox 1589 1502 1851 1586; x_wconf 89' lang='lat' dir='ltr'><strong>contumelias</strong></span> <span class='ocrx_word' id='word_1_99' title='bbox 1879 1507 1920 1582; x_wconf 84' lang='lat' dir='ltr'><strong>8t</strong></span> 
     </span>
     <span class='ocr_line' id='line_1_12' title="bbox 128 1609 1987 1729; baseline -0.004 -29"><span class='ocrx_word' id='word_1_100' title='bbox 128 1617 321 1715; x_wconf 78' lang='lat' dir='ltr'><strong>terrores,</strong></span> <span class='ocrx_word' id='word_1_101' title='bbox 351 1636 446 1729; x_wconf 90' lang='lat' dir='ltr'><strong>post</strong></span> <span class='ocrx_word' id='word_1_102' title='bbox 474 1619 612 1728; x_wconf 90' lang='lat' dir='ltr'><strong>spinas</strong></span> <span class='ocrx_word' id='word_1_103' title='bbox 641 1622 678 1696; x_wconf 73' lang='grc'><strong>8(</strong></span> <span class='ocrx_word' id='word_1_104' title='bbox 710 1635 849 1725; x_wconf 90' lang='lat' dir='ltr'><strong>sputa,</strong></span> <span class='ocrx_word' id='word_1_105' title='bbox 878 1632 971 1725; x_wconf 90' lang='lat' dir='ltr'><strong>post</strong></span> <span class='ocrx_word' id='word_1_106' title='bbox 1000 1613 1157 1724; x_wconf 85' lang='lat' dir='ltr'><strong>flagella</strong></span> <span class='ocrx_word' id='word_1_107' title='bbox 1187 1615 1319 1710; x_wconf 87' lang='lat' dir='ltr'><strong>varia,</strong></span> <span class='ocrx_word' id='word_1_108' title='bbox 1348 1628 1442 1722; x_wconf 88' lang='lat' dir='ltr'><strong>post</strong></span> <span class='ocrx_word' id='word_1_109' title='bbox 1471 1609 1630 1698; x_wconf 88' lang='lat' dir='ltr'><strong>diuersa</strong></span> <span class='ocrx_word' id='word_1_110' title='bbox 1658 1613 1836 1724; x_wconf 84' lang='lat' dir='ltr'><strong>denique</strong></span> <span class='ocrx_word' id='word_1_111' title='bbox 1851 1641 1922 1723; x_wconf 85' lang='lat' dir='ltr'><strong>ge·</strong></span> <span class='ocrx_word' id='word_1_112' title='bbox 1982 1691 1987 1708; x_wconf 20' lang='grc' dir='ltr'>κ</span> 
     </span>
     <span class='ocr_line' id='line_1_13' title="bbox 85 1723 1921 1832; baseline -0.005 -20"><span class='ocrx_word' id='word_1_113' title='bbox 85 1763 98 1776; x_wconf 62' lang='lat'><strong><em>‘</em></strong></span> <span class='ocrx_word' id='word_1_114' title='bbox 129 1759 224 1812; x_wconf 89' lang='lat' dir='ltr'><strong>nera</strong></span> <span class='ocrx_word' id='word_1_115' title='bbox 255 1747 551 1832; x_wconf 86' lang='lat' dir='ltr'><strong>tormentorum</strong></span> <span class='ocrx_word' id='word_1_116' title='bbox 580 1731 774 1808; x_wconf 88' lang='lat' dir='ltr'><strong>innocens</strong></span> <span class='ocrx_word' id='word_1_117' title='bbox 802 1729 887 1807; x_wconf 91' lang='lat' dir='ltr'><strong>sine</strong></span> <span class='ocrx_word' id='word_1_118' title='bbox 927 1754 1045 1808; x_wconf 88' lang='lat' dir='ltr'><strong>causa</strong></span> <span class='ocrx_word' id='word_1_119' title='bbox 1075 1725 1309 1820; x_wconf 89' lang='lat' dir='ltr'><strong>damnatur,</strong></span> <span class='ocrx_word' id='word_1_120' title='bbox 1345 1723 1574 1806; x_wconf 87' lang='lat' dir='ltr'><strong>&amp;demum</strong></span> <span class='ocrx_word' id='word_1_121' title='bbox 1615 1740 1818 1826; x_wconf 86' lang='lat' dir='ltr'><strong>saturatus</strong></span> <span class='ocrx_word' id='word_1_122' title='bbox 1846 1753 1921 1832; x_wconf 93' lang='lat' dir='ltr'><strong>op·</strong></span> 
     </span>
     <span class='ocr_line' id='line_1_14' title="bbox 128 1832 2060 1954; baseline -0.003 -35"><span class='ocrx_word' id='word_1_123' title='bbox 128 1841 305 1949; x_wconf 88' lang='lat' dir='ltr'><strong>probriis</strong></span> <span class='ocrx_word' id='word_1_124' title='bbox 324 1841 375 1954; x_wconf 78' lang='lat'><strong>²),</strong></span> <span class='ocrx_word' id='word_1_125' title='bbox 409 1839 534 1922; x_wconf 89' lang='lat' dir='ltr'><strong>clauis</strong></span> <span class='ocrx_word' id='word_1_126' title='bbox 562 1837 724 1934; x_wconf 86' lang='lat' dir='ltr'><strong>affixus,</strong></span> <span class='ocrx_word' id='word_1_127' title='bbox 754 1854 867 1919; x_wconf 89' lang='lat' dir='ltr'><strong>aceto</strong></span> <span class='ocrx_word' id='word_1_128' title='bbox 896 1843 936 1918; x_wconf 78' lang='lat' dir='ltr'><strong>8r</strong></span> <span class='ocrx_word' id='word_1_129' title='bbox 964 1836 1056 1918; x_wconf 84' lang='lat' dir='ltr'><strong>felle</strong></span> <span class='ocrx_word' id='word_1_130' title='bbox 1084 1854 1263 1948; x_wconf 90' lang='lat' dir='ltr'><strong>potatus,</strong></span> <span class='ocrx_word' id='word_1_131' title='bbox 1306 1832 1517 1919; x_wconf 83' lang='lat' dir='ltr'><strong>confossus</strong></span> <span class='ocrx_word' id='word_1_132' title='bbox 1551 1834 1691 1918; x_wconf 88' lang='lat' dir='ltr'><strong>lancea</strong></span> <span class='ocrx_word' id='word_1_133' title='bbox 1719 1837 1761 1918; x_wconf 92' lang='lat' dir='ltr'><strong>iu</strong></span> <span class='ocrx_word' id='word_1_134' title='bbox 1790 1837 1922 1916; x_wconf 88' lang='lat' dir='ltr'><strong>crucis</strong></span> <span class='ocrx_word' id='word_1_135' title='bbox 1983 1871 1992 1882; x_wconf 58' lang='grc'><em>’</em></span> <span class='ocrx_word' id='word_1_136' title='bbox 2054 1835 2060 1856; x_wconf 86' lang='grc'><strong>’</strong></span> 
     </span>
     <span class='ocr_line' id='line_1_15' title="bbox 126 1945 1923 2061; baseline -0.002 -29"><span class='ocrx_word' id='word_1_137' title='bbox 126 1951 313 2061; x_wconf 89' lang='lat' dir='ltr'><strong>patibulo</strong></span> <span class='ocrx_word' id='word_1_138' title='bbox 342 1969 422 2032; x_wconf 91' lang='lat' dir='ltr'><strong>tam</strong></span> <span class='ocrx_word' id='word_1_139' title='bbox 454 1949 551 2035; x_wconf 91' lang='lat' dir='ltr'><strong>dirae</strong></span> <span class='ocrx_word' id='word_1_140' title='bbox 579 1953 718 2030; x_wconf 88' lang='lat' dir='ltr'><strong>mortis</strong></span> <span class='ocrx_word' id='word_1_141' title='bbox 753 1949 877 2029; x_wconf 91' lang='lat' dir='ltr'><strong>subiit</strong></span> <span class='ocrx_word' id='word_1_142' title='bbox 906 1950 1151 2058; x_wconf 83' lang='lat' dir='ltr'><strong>passionem,</strong></span> <span class='ocrx_word' id='word_1_143' title='bbox 1187 1947 1418 2052; x_wconf 88' lang='lat' dir='ltr'><strong>mysterium</strong></span> <span class='ocrx_word' id='word_1_144' title='bbox 1448 1945 1736 2055; x_wconf 83' lang='lat' dir='ltr'><strong>redemptionis</strong></span> <span class='ocrx_word' id='word_1_145' title='bbox 1755 1961 1923 2028; x_wconf 25' lang='lat' dir='ltr'><strong>,nostru</strong></span> 
     </span>
     <span class='ocr_line' id='line_1_16' title="bbox 125 2056 1923 2171; baseline -0.003 -28"><span class='ocrx_word' id='word_1_146' title='bbox 125 2063 359 2170; x_wconf 77' lang='lat' dir='ltr'><strong>perficienS,</strong></span> <span class='ocrx_word' id='word_1_147' title='bbox 387 2064 473 2142; x_wconf 90' lang='lat' dir='ltr'><strong>sine</strong></span> <span class='ocrx_word' id='word_1_148' title='bbox 501 2089 583 2171; x_wconf 88' lang='lat' dir='ltr'><strong>qua</strong></span> <span class='ocrx_word' id='word_1_149' title='bbox 610 2088 752 2168; x_wconf 90' lang='lat' dir='ltr'><strong>parurn</strong></span> <span class='ocrx_word' id='word_1_150' title='bbox 783 2061 900 2140; x_wconf 91' lang='lat' dir='ltr'><strong>nohis</strong></span> <span class='ocrx_word' id='word_1_151' title='bbox 929 2059 1119 2144; x_wconf 83' lang='lat' dir='ltr'><strong>natiuitas</strong></span> <span class='ocrx_word' id='word_1_152' title='bbox 1147 2056 1377 2169; x_wconf 87' lang='lat' dir='ltr'><strong>profuisset.</strong></span> <span class='ocrx_word' id='word_1_153' title='bbox 1407 2056 1510 2158; x_wconf 90' lang='lat' dir='ltr'><strong>Quis</strong></span> <span class='ocrx_word' id='word_1_154' title='bbox 1538 2057 1663 2164; x_wconf 84' lang='lat' dir='ltr'><strong>igitur</strong></span> <span class='ocrx_word' id='word_1_155' title='bbox 1690 2058 1775 2138; x_wconf 87' lang='lat' dir='ltr'><strong>haec</strong></span> <span class='ocrx_word' id='word_1_156' title='bbox 1790 2061 1830 2142; x_wconf 84' lang='grc' dir='ltr'><strong>8ι</strong></span> <span class='ocrx_word' id='word_1_157' title='bbox 1844 2057 1923 2139; x_wconf 88' lang='lat' dir='ltr'><strong>alia</strong></span> 
     </span>
     <span class='ocr_line' id='line_1_17' title="bbox 127 2165 1921 2282; baseline -0.002 -29"><span class='ocrx_word' id='word_1_158' title='bbox 127 2174 327 2282; x_wconf 88' lang='lat' dir='ltr'><strong>largitatis</strong></span> <span class='ocrx_word' id='word_1_159' title='bbox 357 2171 506 2254; x_wconf 89' lang='lat' dir='ltr'><strong>diuinae</strong></span> <span class='ocrx_word' id='word_1_160' title='bbox 534 2171 771 2251; x_wconf 87' lang='lat' dir='ltr'><strong>charismata</strong></span> <span class='ocrx_word' id='word_1_161' title='bbox 800 2168 905 2250; x_wconf 89' lang='lat' dir='ltr'><strong>infra</strong></span> <span class='ocrx_word' id='word_1_162' title='bbox 934 2170 1110 2277; x_wconf 89' lang='lat' dir='ltr'><strong>pectoris</strong></span> <span class='ocrx_word' id='word_1_163' title='bbox 1146 2170 1321 2249; x_wconf 86' lang='lat' dir='ltr'><strong>claustra</strong></span> <span class='ocrx_word' id='word_1_164' title='bbox 1360 2165 1500 2249; x_wconf 78' lang='lat' dir='ltr'><strong>&#39;debita</strong></span> <span class='ocrx_word' id='word_1_165' title='bbox 1534 2172 1575 2248; x_wconf 87' lang='lat'>&amp;</span> <span class='ocrx_word' id='word_1_166' title='bbox 1603 2168 1809 2277; x_wconf 82' lang='lat' dir='ltr'><strong>frequenti</strong></span> <span class='ocrx_word' id='word_1_167' title='bbox 1837 2194 1921 2280; x_wconf 78' lang='lat' dir='ltr'><strong>me·</strong></span> 
     </span>
     <span class='ocr_line' id='line_1_18' title="bbox 127 2277 1938 2395; baseline -0.003 -29"><span class='ocrx_word' id='word_1_168' title='bbox 127 2284 324 2366; x_wconf 87' lang='lat' dir='ltr'><strong>ditatione</strong></span> <span class='ocrx_word' id='word_1_169' title='bbox 343 2282 375 2395; x_wconf 82' lang='lat'><strong>³)</strong></span> <span class='ocrx_word' id='word_1_170' title='bbox 403 2283 621 2368; x_wconf 89' lang='lat' dir='ltr'><strong>reuoluens</strong></span> <span class='ocrx_word' id='word_1_171' title='bbox 649 2309 732 2362; x_wconf 92' lang='lat' dir='ltr'><strong>non</strong></span> <span class='ocrx_word' id='word_1_172' title='bbox 761 2283 869 2361; x_wconf 91' lang='lat' dir='ltr'><strong>intus</strong></span> <span class='ocrx_word' id='word_1_173' title='bbox 905 2280 1070 2360; x_wconf 83' lang='lat' dir='ltr'><strong>leruidae</strong></span> <span class='ocrx_word' id='word_1_174' title='bbox 1113 2281 1200 2360; x_wconf 91' lang='lat' dir='ltr'><strong>zelo</strong></span> <span class='ocrx_word' id='word_1_175' title='bbox 1242 2278 1471 2364; x_wconf 90' lang='lat' dir='ltr'><strong>deuotionis</strong></span> <span class='ocrx_word' id='word_1_176' title='bbox 1513 2303 1702 2363; x_wconf 86' lang='lat' dir='ltr'><strong>accensus</strong></span> <span class='ocrx_word' id='word_1_177' title='bbox 1744 2277 1938 2378; x_wconf 73' lang='lat' dir='ltr'><strong>sarusar,</strong></span> 
     </span>
     <span class='ocr_line' id='line_1_19' title="bbox 83 2389 1922 2501; baseline -0.004 -23"><span class='ocrx_word' id='word_1_178' title='bbox 83 2460 93 2478; x_wconf 90' lang='lat'><strong>.</strong></span> <span class='ocrx_word' id='word_1_179' title='bbox 127 2394 224 2488; x_wconf 83' lang='lat' dir='ltr'><strong>foris</strong></span> <span class='ocrx_word' id='word_1_180' title='bbox 251 2395 440 2490; x_wconf 88' lang='lat' dir='ltr'><strong>ebulliat,</strong></span> <span class='ocrx_word' id='word_1_181' title='bbox 469 2392 663 2474; x_wconf 85' lang='lat' dir='ltr'><strong>exclamet</strong></span> <span class='ocrx_word' id='word_1_182' title='bbox 692 2397 731 2473; x_wconf 76' lang='lat' dir='ltr'><strong>St</strong></span> <span class='ocrx_word' id='word_1_183' title='bbox 759 2392 886 2490; x_wconf 87' lang='lat' dir='ltr'><strong>dieat,</strong></span> <span class='ocrx_word' id='word_1_184' title='bbox 914 2389 1026 2494; x_wconf 86' lang='lat' dir='ltr'><strong>Quid</strong></span> <span class='ocrx_word' id='word_1_185' title='bbox 1055 2391 1275 2478; x_wconf 87' lang='lat' dir='ltr'><strong>retribuam</strong></span> <span class='ocrx_word' id='word_1_186' title='bbox 1305 2391 1482 2471; x_wconf 90' lang='lat' dir='ltr'><strong>Domino</strong></span> <span class='ocrx_word' id='word_1_187' title='bbox 1510 2418 1586 2501; x_wconf 88' lang='lat' dir='ltr'><strong>pro</strong></span> <span class='ocrx_word' id='word_1_188' title='bbox 1614 2390 1801 2474; x_wconf 87' lang='lat' dir='ltr'><strong>omnibus</strong></span> <span class='ocrx_word' id='word_1_189' title='bbox 1829 2417 1922 2500; x_wconf 88' lang='lat' dir='ltr'><strong>quaa</strong></span> 
     </span>
     <span class='ocr_line' id='line_1_20' title="bbox 127 2499 2011 2614; baseline -0.002 -28"><span class='ocrx_word' id='word_1_190' title='bbox 127 2505 318 2586; x_wconf 86' lang='lat' dir='ltr'><strong>retribuit</strong></span> <span class='ocrx_word' id='word_1_191' title='bbox 343 2503 471 2594; x_wconf 80' lang='lat' dir='ltr'><strong>mihi?</strong></span> <span class='ocrx_word' id='word_1_192' title='bbox 500 2511 538 2586; x_wconf 86' lang='lat'>&amp;</span> <span class='ocrx_word' id='word_1_193' title='bbox 567 2529 650 2592; x_wconf 85' lang='lat' dir='ltr'><strong>non</strong></span> <span class='ocrx_word' id='word_1_194' title='bbox 680 2519 891 2614; x_wconf 84' lang='lat' dir='ltr'><strong>expeotato</strong></span> <span class='ocrx_word' id='word_1_195' title='bbox 921 2503 1130 2590; x_wconf 88' lang='lat' dir='ltr'><strong>monitoris</strong></span> <span class='ocrx_word' id='word_1_196' title='bbox 1157 2500 1221 2585; x_wconf 84' lang='lat' dir='ltr'><strong>vel</strong></span> <span class='ocrx_word' id='word_1_197' title='bbox 1249 2500 1520 2588; x_wconf 88' lang='lat' dir='ltr'><strong>sollicitatoris</strong></span> <span class='ocrx_word' id='word_1_198' title='bbox 1535 2499 1671 2581; x_wconf 85' lang='lat' dir='ltr'><strong>officio</strong></span> <span class='ocrx_word' id='word_1_199' title='bbox 1699 2499 1921 2609; x_wconf 84' lang='lat' dir='ltr'><strong>subiungat</strong></span> <span class='ocrx_word' id='word_1_200' title='bbox 2008 2600 2011 2612; x_wconf 71' lang='lat'><strong>,</strong></span> 
     </span>
     <span class='ocr_line' id='line_1_21' title="bbox 128 2610 1932 2722; baseline -0.003 -26"><span class='ocrx_word' id='word_1_201' title='bbox 128 2616 354 2712; x_wconf 77' lang='lat' dir='ltr'><strong>ultroneus,</strong></span> <span class='ocrx_word' id='word_1_202' title='bbox 384 2615 559 2696; x_wconf 88' lang='lat' dir='ltr'><strong>Calicem</strong></span> <span class='ocrx_word' id='word_1_203' title='bbox 586 2614 772 2695; x_wconf 87' lang='lat' dir='ltr'><strong>salutaris</strong></span> <span class='ocrx_word' id='word_1_204' title='bbox 800 2615 992 2722; x_wconf 85' lang='lat' dir='ltr'><strong>accipiam</strong></span> <span class='ocrx_word' id='word_1_205' title='bbox 1022 2619 1062 2694; x_wconf 85' lang='lat'>&amp;</span> <span class='ocrx_word' id='word_1_206' title='bbox 1090 2638 1237 2692; x_wconf 89' lang='lat' dir='ltr'><strong>nomen</strong></span> <span class='ocrx_word' id='word_1_207' title='bbox 1264 2612 1426 2694; x_wconf 90' lang='lat' dir='ltr'><strong>Domini</strong></span> <span class='ocrx_word' id='word_1_208' title='bbox 1439 2610 1659 2700; x_wconf 74' lang='lat' dir='ltr'><strong>inuocaboi</strong></span> <span class='ocrx_word' id='word_1_209' title='bbox 1687 2613 1820 2713; x_wconf 88' lang='lat' dir='ltr'><strong>Quem</strong></span> <span class='ocrx_word' id='word_1_210' title='bbox 1833 2639 1932 2694; x_wconf 86' lang='lat' dir='ltr'><strong>non.</strong></span> 
     </span>
     <span class='ocr_line' id='line_1_22' title="bbox 126 2716 1922 2837; baseline -0.002 -30"><span class='ocrx_word' id='word_1_211' title='bbox 126 2725 278 2837; x_wconf 86' lang='lat' dir='ltr'><strong>pudeat</strong></span> <span class='ocrx_word' id='word_1_212' title='bbox 320 2725 640 2834; x_wconf 37' lang='lat' dir='ltr'><strong>ingratitudinis·</strong></span> <span class='ocrx_word' id='word_1_213' title='bbox 665 2727 801 2831; x_wconf 84' lang='lat' dir='ltr'><strong>argui,</strong></span> <span class='ocrx_word' id='word_1_214' title='bbox 838 2727 938 2834; x_wconf 90' lang='lat' dir='ltr'><strong>quin</strong></span> <span class='ocrx_word' id='word_1_215' title='bbox 965 2726 1099 2834; x_wconf 89' lang='lat' dir='ltr'><strong>potius</strong></span> <span class='ocrx_word' id='word_1_216' title='bbox 1129 2724 1180 2805; x_wconf 93' lang='lat' dir='ltr'><strong>de</strong></span> <span class='ocrx_word' id='word_1_217' title='bbox 1208 2720 1444 2808; x_wconf 86' lang='lat' dir='ltr'><strong>infidelitate</strong></span> <span class='ocrx_word' id='word_1_218' title='bbox 1478 2716 1631 2817; x_wconf 82' lang='lat' dir='ltr'><strong>notari,</strong></span> <span class='ocrx_word' id='word_1_219' title='bbox 1673 2722 1707 2808; x_wconf 89' lang='lat' dir='ltr'><strong>si</strong></span> <span class='ocrx_word' id='word_1_220' title='bbox 1735 2724 1922 2804; x_wconf 88' lang='lat' dir='ltr'><strong>Creatori</strong></span> 
     </span>
     <span class='ocr_line' id='line_1_23' title="bbox 127 2833 1921 2949; baseline -0.001 -31"><span class='ocrx_word' id='word_1_221' title='bbox 127 2841 259 2948; x_wconf 90' lang='lat' dir='ltr'><strong>primo</strong></span> <span class='ocrx_word' id='word_1_222' title='bbox 276 2835 310 2949; x_wconf 79' lang='lat' dir='ltr'><strong>i)</strong></span> <span class='ocrx_word' id='word_1_223' title='bbox 338 2839 519 2924; x_wconf 82' lang='lat' dir='ltr'><strong>benefico</strong></span> <span class='ocrx_word' id='word_1_224' title='bbox 563 2837 754 2934; x_wconf 90' lang='lat' dir='ltr'><strong>Domino,</strong></span> <span class='ocrx_word' id='word_1_225' title='bbox 800 2836 980 2944; x_wconf 86' lang='lat' dir='ltr'><strong>pijssirno</strong></span> <span class='ocrx_word' id='word_1_226' title='bbox 1014 2833 1275 2941; x_wconf 87' lang='lat' dir='ltr'><strong>Redemptori</strong></span> <span class='ocrx_word' id='word_1_227' title='bbox 1303 2847 1427 2914; x_wconf 87' lang='lat' dir='ltr'><strong>tantae</strong></span> <span class='ocrx_word' id='word_1_228' title='bbox 1467 2833 1710 2922; x_wconf 79' lang='lat' dir='ltr'><strong>necessitatis</strong></span> <span class='ocrx_word' id='word_1_229' title='bbox 1737 2849 1921 2945; x_wconf 85' lang='lat' dir='ltr'><strong>tempore</strong></span> 
     </span>
     <span class='ocr_line' id='line_1_24' title="bbox 127 2943 1921 3054; baseline -0.003 -25"><span class='ocrx_word' id='word_1_230' title='bbox 127 2977 213 3030; x_wconf 88' lang='lat' dir='ltr'><strong>non</strong></span> <span class='ocrx_word' id='word_1_231' title='bbox 238 2949 419 3044; x_wconf 56' lang='lat' dir='ltr'><strong>,assistat</strong></span> <span class='ocrx_word' id='word_1_232' title='bbox 450 2947 551 3029; x_wconf 82' lang='lat' dir='ltr'><strong>dum&#39;</strong></span> <span class='ocrx_word' id='word_1_233' title='bbox 575 2946 820 3037; x_wconf 85' lang='lat' dir='ltr'><strong>haereditatis</strong></span> <span class='ocrx_word' id='word_1_234' title='bbox 849 2975 930 3026; x_wconf 88' lang='lat' dir='ltr'><strong>suae</strong></span> <span class='ocrx_word' id='word_1_235' title='bbox 959 2945 1182 3044; x_wconf 88' lang='lat' dir='ltr'><strong>funiculus,</strong></span> <span class='ocrx_word' id='word_1_236' title='bbox 1219 2945 1326 3025; x_wconf 81' lang='lat' dir='ltr'><strong>terra</strong></span> <span class='ocrx_word' id='word_1_237' title='bbox 1351 2962 1507 3042; x_wconf 86' lang='lat' dir='ltr'><strong>sancta,</strong></span> <span class='ocrx_word' id='word_1_238' title='bbox 1542 2970 1667 3054; x_wconf 88' lang='lat' dir='ltr'><strong>quam</strong></span> <span class='ocrx_word' id='word_1_239' title='bbox 1694 2943 1773 3030; x_wconf 90' lang='lat' dir='ltr'><strong>sibi</strong></span> <span class='ocrx_word' id='word_1_240' title='bbox 1800 2962 1921 3026; x_wconf 86' lang='lat' dir='ltr'><strong>testa·</strong></span> 
     </span>
     <span class='ocr_line' id='line_1_25' title="bbox 125 3051 1920 3168; baseline -0.002 -30"><span class='ocrx_word' id='word_1_241' title='bbox 125 3079 195 3140; x_wconf 86' lang='lat' dir='ltr'><strong>tur</strong></span> <span class='ocrx_word' id='word_1_242' title='bbox 226 3060 444 3168; x_wconf 86' lang='lat' dir='ltr'><strong>Scripturae</strong></span> <span class='ocrx_word' id='word_1_243' title='bbox 473 3085 594 3148; x_wconf 82' lang='lat' dir='ltr'><strong>sacrae</strong></span> <span class='ocrx_word' id='word_1_244' title='bbox 623 3058 895 3148; x_wconf 86' lang='lat' dir='ltr'><strong>testimonium</strong></span> <span class='ocrx_word' id='word_1_245' title='bbox 925 3058 1103 3148; x_wconf 87' lang='lat' dir='ltr'><strong>omnium</strong></span> <span class='ocrx_word' id='word_1_246' title='bbox 1132 3056 1327 3136; x_wconf 88' lang='lat' dir='ltr'><strong>cariorem</strong></span> <span class='ocrx_word' id='word_1_247' title='bbox 1355 3057 1399 3145; x_wconf 89' lang='lat' dir='ltr'><strong>in</strong></span> <span class='ocrx_word' id='word_1_248' title='bbox 1427 3055 1740 3144; x_wconf 85' lang='lat' dir='ltr'><strong>Christianitatis</strong></span> <span class='ocrx_word' id='word_1_249' title='bbox 1775 3051 1920 3138; x_wconf 78' lang='lat' dir='ltr'><strong>oonsu-</strong></span> 
     </span>
     <span class='ocr_line' id='line_1_26' title="bbox 30 3163 1962 3277; baseline -0.002 -27"><span class='ocrx_word' id='word_1_250' title='bbox 30 3189 34 3194; x_wconf 86' lang='grc'><em>“</em></span> <span class='ocrx_word' id='word_1_251' title='bbox 126 3174 280 3251; x_wconf 88' lang='lat' dir='ltr'><strong>sionem</strong></span> <span class='ocrx_word' id='word_1_252' title='bbox 309 3174 349 3248; x_wconf 74' lang='lat'><strong>8&lt;</strong></span> <span class='ocrx_word' id='word_1_253' title='bbox 376 3163 549 3258; x_wconf 77' lang='lat' dir='ltr'><strong>dedecus</strong></span> <span class='ocrx_word' id='word_1_254' title='bbox 578 3196 651 3277; x_wconf 91' lang='lat' dir='ltr'><strong>per</strong></span> <span class='ocrx_word' id='word_1_255' title='bbox 679 3170 852 3256; x_wconf 89' lang='lat' dir='ltr'><strong>nominis</strong></span> <span class='ocrx_word' id='word_1_256' title='bbox 880 3169 1100 3248; x_wconf 90' lang='lat' dir='ltr'><strong>Christiani</strong></span> <span class='ocrx_word' id='word_1_257' title='bbox 1128 3165 1382 3275; x_wconf 87' lang='lat' dir='ltr'><strong>blasphemos</strong></span> <span class='ocrx_word' id='word_1_258' title='bbox 1401 3192 1479 3276; x_wconf 89' lang='lat' dir='ltr'><strong>pro</strong></span> <span class='ocrx_word' id='word_1_259' title='bbox 1508 3181 1624 3276; x_wconf 79' lang='lat' dir='ltr'><strong>parte</strong></span> <span class='ocrx_word' id='word_1_260' title='bbox 1652 3167 1829 3254; x_wconf 73' lang='lat' dir='ltr'><strong>maxima</strong></span> <span class='ocrx_word' id='word_1_261' title='bbox 1851 3191 1921 3246; x_wconf 89' lang='lat' dir='ltr'><strong>oe-</strong></span> <span class='ocrx_word' id='word_1_262' title='bbox 1960 3225 1962 3227; x_wconf 92' lang='lat'>-</span> 
     </span>
     <span class='ocr_line' id='line_1_27' title="bbox 15 3274 1928 3390; baseline -0.003 -29"><span class='ocrx_word' id='word_1_263' title='bbox 15 3311 16 3318; x_wconf 49' lang='lat'>¹</span> <span class='ocrx_word' id='word_1_264' title='bbox 127 3299 274 3390; x_wconf 86' lang='lat' dir='ltr'><strong>cupeta</strong></span> <span class='ocrx_word' id='word_1_265' title='bbox 304 3296 483 3375; x_wconf 91' lang='lat' dir='ltr'><strong>tenetur,</strong></span> <span class='ocrx_word' id='word_1_266' title='bbox 512 3285 552 3358; x_wconf 86' lang='lat'>&amp;</span> <span class='ocrx_word' id='word_1_267' title='bbox 580 3279 631 3362; x_wconf 91' lang='lat' dir='ltr'><strong>ad</strong></span> <span class='ocrx_word' id='word_1_268' title='bbox 660 3280 965 3386; x_wconf 80' lang='lat' dir='ltr'><strong>occupationem</strong></span> <span class='ocrx_word' id='word_1_269' title='bbox 994 3278 1146 3364; x_wconf 88' lang='lat' dir='ltr'><strong>residui</strong></span> <span class='ocrx_word' id='word_1_270' title='bbox 1177 3304 1248 3384; x_wconf 86' lang='lat' dir='ltr'><strong>per</strong></span> <span class='ocrx_word' id='word_1_271' title='bbox 1264 3274 1421 3368; x_wconf 77' lang='lat' dir='ltr'><strong>eosdem</strong></span> <span class='ocrx_word' id='word_1_272' title='bbox 1452 3278 1644 3366; x_wconf 83' lang='lat' dir='ltr'><strong>instantia</strong></span> <span class='ocrx_word' id='word_1_273' title='bbox 1660 3275 1811 3360; x_wconf 86' lang='lat' dir='ltr'><strong>infestae</strong></span> <span class='ocrx_word' id='word_1_274' title='bbox 1825 3303 1928 3385; x_wconf 23' lang='lat' dir='ltr'><strong>per-¹¹</strong></span> 
     </span>
     <span class='ocr_line' id='line_1_28' title="bbox 124 3385 1922 3497; baseline -0.003 -25"><span class='ocrx_word' id='word_1_275' title='bbox 124 3393 342 3472; x_wconf 88' lang='lat' dir='ltr'><strong>secutionis</strong></span> <span class='ocrx_word' id='word_1_276' title='bbox 372 3388 588 3490; x_wconf 89' lang='lat' dir='ltr'><strong>insistitur,</strong></span> <span class='ocrx_word' id='word_1_277' title='bbox 616 3417 739 3497; x_wconf 89' lang='lat' dir='ltr'><strong>super</strong></span> <span class='ocrx_word' id='word_1_278' title='bbox 767 3418 817 3470; x_wconf 91' lang='lat' dir='ltr'><strong>eo</strong></span> <span class='ocrx_word' id='word_1_279' title='bbox 844 3390 1003 3474; x_wconf 86' lang='lat' dir='ltr'><strong>assidue</strong></span> <span class='ocrx_word' id='word_1_280' title='bbox 1031 3392 1073 3470; x_wconf 90' lang='lat' dir='ltr'><strong>in</strong></span> <span class='ocrx_word' id='word_1_281' title='bbox 1102 3385 1284 3496; x_wconf 86' lang='lat' dir='ltr'><strong>partibus</strong></span> <span class='ocrx_word' id='word_1_282' title='bbox 1328 3387 1405 3467; x_wconf 90' lang='lat' dir='ltr'><strong>illis</strong></span> <span class='ocrx_word' id='word_1_283' title='bbox 1449 3387 1626 3496; x_wconf 89' lang='lat' dir='ltr'><strong>populus</strong></span> <span class='ocrx_word' id='word_1_284' title='bbox 1668 3385 1922 3474; x_wconf 82' lang='lat' dir='ltr'><strong>Christianus</strong></span> 
     </span>
     <span class='ocr_line' id='line_1_29' title="bbox 126 3496 1921 3612; baseline -0.002 -31"><span class='ocrx_word' id='word_1_285' title='bbox 126 3504 354 3611; x_wconf 86' lang='lat' dir='ltr'><strong>impetitur,</strong></span> <span class='ocrx_word' id='word_1_286' title='bbox 384 3500 626 3590; x_wconf 84' lang='lat' dir='ltr'><strong>&amp;molestis</strong></span> <span class='ocrx_word' id='word_1_287' title='bbox 656 3500 975 3612; x_wconf 88' lang='lat' dir='ltr'><strong>impetitionibus</strong></span> <span class='ocrx_word' id='word_1_288' title='bbox 1004 3499 1228 3590; x_wconf 79' lang='lat' dir='ltr'><strong>infestatur.</strong></span> <span class='ocrx_word' id='word_1_289' title='bbox 1280 3499 1332 3577; x_wconf 85' lang='lat' dir='ltr'><strong>Et</strong></span> <span class='ocrx_word' id='word_1_290' title='bbox 1361 3497 1523 3611; x_wconf 85' lang='lat' dir='ltr'><strong>quidem</strong></span> <span class='ocrx_word' id='word_1_291' title='bbox 1553 3499 1586 3578; x_wconf 91' lang='lat' dir='ltr'><strong>si</strong></span> <span class='ocrx_word' id='word_1_292' title='bbox 1614 3496 1782 3586; x_wconf 81' lang='lat' dir='ltr'><strong>facultas</strong></span> <span class='ocrx_word' id='word_1_293' title='bbox 1822 3497 1921 3581; x_wconf 82' lang='lat' dir='ltr'><strong>reei-</strong></span> 
     </span>
     <span class='ocr_line' id='line_1_30' title="bbox 125 3607 2015 3730; baseline -0.003 -36"><span class='ocrx_word' id='word_1_294' title='bbox 125 3613 259 3696; x_wconf 89' lang='lat' dir='ltr'><strong>stendi</strong></span> <span class='ocrx_word' id='word_1_295' title='bbox 285 3628 553 3730; x_wconf 87' lang='lat' dir='ltr'><strong>competeret,</strong></span> <span class='ocrx_word' id='word_1_296' title='bbox 595 3639 678 3690; x_wconf 92' lang='lat' dir='ltr'><strong>non</strong></span> <span class='ocrx_word' id='word_1_297' title='bbox 708 3626 916 3717; x_wconf 85' lang='lat' dir='ltr'><strong>pateretur</strong></span> <span class='ocrx_word' id='word_1_298' title='bbox 946 3611 1089 3719; x_wconf 86' lang='lat' dir='ltr'><strong>aliquis</strong></span> <span class='ocrx_word' id='word_1_299' title='bbox 1118 3610 1269 3719; x_wconf 88' lang='lat' dir='ltr'><strong>absque</strong></span> <span class='ocrx_word' id='word_1_300' title='bbox 1297 3609 1462 3690; x_wconf 81' lang='lat' dir='ltr'><strong>desertae</strong></span> <span class='ocrx_word' id='word_1_301' title='bbox 1503 3607 1596 3696; x_wconf 90' lang='lat' dir='ltr'><strong>fidei</strong></span> <span class='ocrx_word' id='word_1_302' title='bbox 1635 3609 1829 3717; x_wconf 86' lang='lat' dir='ltr'><strong>scrupulo</strong></span> <span class='ocrx_word' id='word_1_303' title='bbox 1858 3610 1921 3688; x_wconf 87' lang='lat' dir='ltr'><strong>sui</strong></span> <span class='ocrx_word' id='word_1_304' title='bbox 2009 3624 2015 3634; x_wconf 80' lang='grc'><strong>“</strong></span> 
     </span>
     <span class='ocr_line' id='line_1_31' title="bbox 127 3718 1920 3840; baseline -0.003 -38"><span class='ocrx_word' id='word_1_305' title='bbox 127 3725 292 3803; x_wconf 90' lang='lat' dir='ltr'><strong>Domini</strong></span> <span class='ocrx_word' id='word_1_306' title='bbox 322 3722 552 3831; x_wconf 85' lang='lat' dir='ltr'><strong>temporalis</strong></span> <span class='ocrx_word' id='word_1_307' title='bbox 581 3721 644 3806; x_wconf 81' lang='lat' dir='ltr'><strong>rel</strong></span> <span class='ocrx_word' id='word_1_308' title='bbox 660 3725 792 3809; x_wconf 87' lang='lat' dir='ltr'><strong>vicum</strong></span> <span class='ocrx_word' id='word_1_309' title='bbox 808 3721 980 3840; x_wconf 81' lang='lat' dir='ltr'><strong>aliquem</strong></span> <span class='ocrx_word' id='word_1_310' title='bbox 999 3722 1200 3828; x_wconf 86' lang='lat' dir='ltr'><strong>occupari,</strong></span> <span class='ocrx_word' id='word_1_311' title='bbox 1229 3724 1268 3799; x_wconf 74' lang='lat'><strong>8&lt;</strong></span> <span class='ocrx_word' id='word_1_312' title='bbox 1296 3718 1541 3810; x_wconf 88' lang='lat' dir='ltr'><strong>haereditatis</strong></span> <span class='ocrx_word' id='word_1_313' title='bbox 1557 3720 1777 3810; x_wconf 84' lang='lat' dir='ltr'><strong>Dominicae</strong></span> <span class='ocrx_word' id='word_1_314' title='bbox 1805 3721 1920 3806; x_wconf 90' lang='lat' dir='ltr'><strong>inua-</strong></span> 
     </span>
    </p>
   </div>
   <div class='ocr_carea' id='block_1_4' title="bbox 127 3809 2117 3948">
    <p class='ocr_par' dir='ltr' id='par_1_4' title="bbox 127 3809 2117 3948">
     <span class='ocr_line' id='line_1_32' title="bbox 127 3809 2117 3948; baseline -0.004 -34"><span class='ocrx_word' id='word_1_315' title='bbox 127 3862 237 3914; x_wconf 88' lang='lat' dir='ltr'><strong>sores</strong></span> <span class='ocrx_word' id='word_1_316' title='bbox 264 3834 401 3920; x_wconf 86' lang='lat' dir='ltr'><strong>fideles</strong></span> <span class='ocrx_word' id='word_1_317' title='bbox 430 3829 596 3914; x_wconf 80' lang='lat' dir='ltr'><strong>ulterius</strong></span> <span class='ocrx_word' id='word_1_318' title='bbox 625 3831 854 3939; x_wconf 76' lang='lat' dir='ltr'><strong>patientur?</strong></span> <span class='ocrx_word' id='word_1_319' title='bbox 883 3828 1079 3948; x_wconf 89' lang='lat' dir='ltr'><strong>Nunquid</strong></span> <span class='ocrx_word' id='word_1_320' title='bbox 1100 3829 1344 3922; x_wconf 80' lang='lat' dir='ltr'><strong>¹marcebunt</strong></span> <span class='ocrx_word' id='word_1_321' title='bbox 1373 3831 1483 3924; x_wconf 87' lang='lat' dir='ltr'><strong>ocio,</strong></span> <span class='ocrx_word' id='word_1_322' title='bbox 1510 3846 1586 3910; x_wconf 90' lang='lat' dir='ltr'><strong>aut.</strong></span> <span class='ocrx_word' id='word_1_323' title='bbox 1605 3831 1820 3918; x_wconf 83' lang='lat' dir='ltr'><strong>ociusuon</strong></span> <span class='ocrx_word' id='word_1_324' title='bbox 1850 3854 1926 3908; x_wconf 86' lang='lat' dir='ltr'><strong>ex··</strong></span> <span class='ocrx_word' id='word_1_325' title='bbox 2027 3851 2063 3908; x_wconf 88' lang='grc'><strong>·,</strong></span> <span class='ocrx_word' id='word_1_326' title='bbox 2110 3809 2117 3829; x_wconf 54' lang='lat'>⁴</span> 
     </span>
    </p>
   </div>
   <div class='ocr_carea' id='block_1_5' title="bbox 2 3937 1986 4716">
    <p class='ocr_par' dir='ltr' id='par_1_5' title="bbox 2 3937 1986 4716">
     <span class='ocr_line' id='line_1_33' title="bbox 2 3937 1986 4053; baseline -0.003 -27"><span class='ocrx_word' id='word_1_327' title='bbox 2 4030 9 4038; x_wconf 70' lang='grc'><em>,</em></span> <span class='ocrx_word' id='word_1_328' title='bbox 124 3961 277 4053; x_wconf 85' lang='lat' dir='ltr'><strong>urgent</strong></span> <span class='ocrx_word' id='word_1_329' title='bbox 303 3944 358 4030; x_wconf 70' lang='lat' dir='ltr'><strong>,ad</strong></span> <span class='ocrx_word' id='word_1_330' title='bbox 387 3942 596 4034; x_wconf 74' lang='lat' dir='ltr'><strong>,vitandum</strong></span> <span class='ocrx_word' id='word_1_331' title='bbox 624 3939 748 4030; x_wconf 79' lang='lat' dir='ltr'><strong>tantae</strong></span> <span class='ocrx_word' id='word_1_332' title='bbox 777 3960 882 4022; x_wconf 88' lang='lat' dir='ltr'><strong>notae</strong></span> <span class='ocrx_word' id='word_1_333' title='bbox 911 3940 1147 4034; x_wconf 76' lang='lat' dir='ltr'><strong>discrimen?</strong></span> <span class='ocrx_word' id='word_1_334' title='bbox 1177 3943 1385 4048; x_wconf 70' lang='lat' dir='ltr'><strong>Exurgant</strong></span> <span class='ocrx_word' id='word_1_335' title='bbox 1414 3942 1550 4050; x_wconf 89' lang='lat' dir='ltr'><strong>itaque</strong></span> <span class='ocrx_word' id='word_1_336' title='bbox 1578 3942 1771 4050; x_wconf 88' lang='lat' dir='ltr'><strong>quisunt</strong></span> <span class='ocrx_word' id='word_1_337' title='bbox 1801 3937 1919 4022; x_wconf 89' lang='lat' dir='ltr'><strong>Chri·</strong></span> <span class='ocrx_word' id='word_1_338' title='bbox 1974 3983 1986 3992; x_wconf 90' lang='lat'><em>-</em></span> 
     </span>
     <span class='ocr_line' id='line_1_34' title="bbox 125 4045 1979 4163; baseline -0.004 -27"><span class='ocrx_word' id='word_1_339' title='bbox 125 4058 198 4150; x_wconf 90' lang='lat' dir='ltr'><strong>sti,</strong></span> <span class='ocrx_word' id='word_1_340' title='bbox 227 4061 267 4134; x_wconf 86' lang='lat'>&amp;</span> <span class='ocrx_word' id='word_1_341' title='bbox 295 4081 337 4136; x_wconf 91' lang='lat' dir='ltr'><strong>se</strong></span> <span class='ocrx_word' id='word_1_342' title='bbox 363 4055 491 4163; x_wconf 91' lang='lat' dir='ltr'><strong>ipsius</strong></span> <span class='ocrx_word' id='word_1_343' title='bbox 516 4080 600 4137; x_wconf 87' lang='lat' dir='ltr'><strong>esse</strong></span> <span class='ocrx_word' id='word_1_344' title='bbox 631 4080 715 4131; x_wconf 89' lang='lat' dir='ltr'><strong>non</strong></span> <span class='ocrx_word' id='word_1_345' title='bbox 736 4052 872 4142; x_wconf 86' lang='lat' dir='ltr'><strong>solum</strong></span> <span class='ocrx_word' id='word_1_346' title='bbox 901 4055 1061 4142; x_wconf 88' lang='lat' dir='ltr'><strong>nomine</strong></span> <span class='ocrx_word' id='word_1_347' title='bbox 1090 4051 1161 4141; x_wconf 93' lang='lat' dir='ltr'><strong>sed</strong></span> <span class='ocrx_word' id='word_1_348' title='bbox 1195 4078 1317 4160; x_wconf 92' lang='lat' dir='ltr'><strong>opere</strong></span> <span class='ocrx_word' id='word_1_349' title='bbox 1346 4050 1558 4141; x_wconf 82' lang='lat' dir='ltr'><strong>fateantur,</strong></span> <span class='ocrx_word' id='word_1_350' title='bbox 1599 4053 1811 4156; x_wconf 86' lang='lat' dir='ltr'><strong>Exurgant</strong></span> <span class='ocrx_word' id='word_1_351' title='bbox 1840 4049 1918 4132; x_wconf 83' lang='lat' dir='ltr'><strong>rti-</strong></span> <span class='ocrx_word' id='word_1_352' title='bbox 1972 4045 1979 4053; x_wconf 75' lang='grc'><strong>’</strong></span> 
     </span>
     <span class='ocr_line' id='line_1_35' title="bbox 119 4159 1970 4276; baseline -0.003 -30"><span class='ocrx_word' id='word_1_353' title='bbox 119 4193 208 4276; x_wconf 77' lang='lat' dir='ltr'><strong>,que</strong></span> <span class='ocrx_word' id='word_1_354' title='bbox 236 4168 279 4244; x_wconf 90' lang='lat' dir='ltr'><strong>in</strong></span> <span class='ocrx_word' id='word_1_355' title='bbox 309 4164 415 4256; x_wconf 87' lang='lat' dir='ltr'><strong>illius</strong></span> <span class='ocrx_word' id='word_1_356' title='bbox 444 4163 648 4257; x_wconf 76' lang='lat' dir='ltr'><strong>auxilium,</strong></span> <span class='ocrx_word' id='word_1_357' title='bbox 676 4161 887 4271; x_wconf 74' lang='lat' dir='ltr'><strong>Exurgant</strong></span> <span class='ocrx_word' id='word_1_358' title='bbox 915 4162 967 4244; x_wconf 89' lang='lat' dir='ltr'><strong>ad</strong></span> <span class='ocrx_word' id='word_1_359' title='bbox 994 4164 1132 4244; x_wconf 88' lang='lat' dir='ltr'><strong>salutis</strong></span> <span class='ocrx_word' id='word_1_360' title='bbox 1164 4191 1248 4248; x_wconf 86' lang='lat' dir='ltr'><strong>¹suae</strong></span> <span class='ocrx_word' id='word_1_361' title='bbox 1287 4160 1590 4270; x_wconf 84' lang='lat' dir='ltr'><strong>compendium,</strong></span> <span class='ocrx_word' id='word_1_362' title='bbox 1619 4165 1661 4248; x_wconf 80' lang='grc' dir='ltr'><strong>8ι</strong></span> <span class='ocrx_word' id='word_1_363' title='bbox 1688 4159 1797 4239; x_wconf 89' lang='lat' dir='ltr'><strong>illam</strong></span> <span class='ocrx_word' id='word_1_364' title='bbox 1826 4161 1918 4252; x_wconf 88' lang='lat' dir='ltr'><strong>bre·</strong></span> <span class='ocrx_word' id='word_1_365' title='bbox 1967 4235 1970 4246; x_wconf 88' lang='grc'><strong>,</strong></span> 
     </span>
     <span class='ocr_line' id='line_1_36' title="bbox 125 4269 1934 4390; baseline -0.003 -35"><span class='ocrx_word' id='word_1_366' title='bbox 125 4279 191 4358; x_wconf 89' lang='lat' dir='ltr'><strong>uis</strong></span> <span class='ocrx_word' id='word_1_367' title='bbox 217 4275 368 4366; x_wconf 87' lang='lat' dir='ltr'><strong>laboris</strong></span> <span class='ocrx_word' id='word_1_368' title='bbox 395 4273 530 4390; x_wconf 90' lang='lat' dir='ltr'><strong>pretio</strong></span> <span class='ocrx_word' id='word_1_369' title='bbox 559 4271 842 4381; x_wconf 84' lang='lat' dir='ltr'><strong>compendiose</strong></span> <span class='ocrx_word' id='word_1_370' title='bbox 872 4292 1110 4368; x_wconf 81' lang='lat' dir='ltr'><strong>mercentur.</strong></span> <span class='ocrx_word' id='word_1_371' title='bbox 1142 4275 1259 4367; x_wconf 88' lang='lat' dir='ltr'><strong>Nunc</strong></span> <span class='ocrx_word' id='word_1_372' title='bbox 1288 4275 1491 4388; x_wconf 78' lang='lat' dir='ltr'><strong>praecipue</strong></span> <span class='ocrx_word' id='word_1_373' title='bbox 1509 4269 1609 4358; x_wconf 79' lang='lat' dir='ltr'><strong>¹dum</strong></span> <span class='ocrx_word' id='word_1_374' title='bbox 1624 4275 1666 4353; x_wconf 94' lang='lat' dir='ltr'><strong>in</strong></span> <span class='ocrx_word' id='word_1_375' title='bbox 1680 4298 1792 4359; x_wconf 85' lang='lat' dir='ltr'><strong>sacro</strong></span> <span class='ocrx_word' id='word_1_376' title='bbox 1809 4271 1934 4372; x_wconf 72' lang='lat' dir='ltr'><strong>C⁰.¹,1·.,</strong></span> 
     </span>
     <span class='ocr_line' id='line_1_37' title="bbox 124 4383 1917 4493; baseline -0.004 -27"><span class='ocrx_word' id='word_1_377' title='bbox 124 4386 222 4468; x_wconf 89' lang='lat' dir='ltr'><strong>cilio</strong></span> <span class='ocrx_word' id='word_1_378' title='bbox 250 4385 304 4466; x_wconf 90' lang='lat' dir='ltr'><strong>ad</strong></span> <span class='ocrx_word' id='word_1_379' title='bbox 332 4387 408 4466; x_wconf 91' lang='lat' dir='ltr'><strong>hoc</strong></span> <span class='ocrx_word' id='word_1_380' title='bbox 439 4385 490 4493; x_wconf 86' lang='lat' dir='ltr'><strong>ijs</strong></span> <span class='ocrx_word' id='word_1_381' title='bbox 518 4384 661 4478; x_wconf 88' lang='lat' dir='ltr'><strong>diebus</strong></span> <span class='ocrx_word' id='word_1_382' title='bbox 686 4386 794 4478; x_wconf 51' lang='lat' dir='ltr'><strong>,inter</strong></span> <span class='ocrx_word' id='word_1_383' title='bbox 819 4400 965 4470; x_wconf 71' lang='lat' dir='ltr'><strong>,caetera</strong></span> <span class='ocrx_word' id='word_1_384' title='bbox 995 4385 1116 4464; x_wconf 84' lang='lat' dir='ltr'><strong>immo</strong></span> <span class='ocrx_word' id='word_1_385' title='bbox 1144 4411 1228 4490; x_wconf 89' lang='lat' dir='ltr'><strong>prae</strong></span> <span class='ocrx_word' id='word_1_386' title='bbox 1243 4383 1395 4463; x_wconf 83' lang='lat' dir='ltr'><strong>eaeteris</strong></span> <span class='ocrx_word' id='word_1_387' title='bbox 1409 4383 1634 4490; x_wconf 83' lang='lat' dir='ltr'><strong>&#39;specialiter</strong></span> <span class='ocrx_word' id='word_1_388' title='bbox 1655 4396 1917 4491; x_wconf 75' lang='lat' dir='ltr'><strong>congregato,</strong></span> 
     </span>
     <span class='ocr_line' id='line_1_38' title="bbox 124 4491 1917 4614; baseline -0.002 -38"><span class='ocrx_word' id='word_1_389' title='bbox 124 4495 305 4578; x_wconf 88' lang='lat' dir='ltr'><strong>eiusdem</strong></span> <span class='ocrx_word' id='word_1_390' title='bbox 335 4497 472 4590; x_wconf 82' lang='lat' dir='ltr'><strong>Terrae</strong></span> <span class='ocrx_word' id='word_1_391' title='bbox 500 4523 629 4614; x_wconf 86' lang='lat' dir='ltr'><strong>nuper</strong></span> <span class='ocrx_word' id='word_1_392' title='bbox 658 4493 846 4575; x_wconf 87' lang='lat' dir='ltr'><strong>ordinata</strong></span> <span class='ocrx_word' id='word_1_393' title='bbox 872 4495 1090 4588; x_wconf 87' lang='lat' dir='ltr'><strong>subuentio</strong></span> <span class='ocrx_word' id='word_1_394' title='bbox 1116 4494 1195 4580; x_wconf 89' lang='lat' dir='ltr'><strong>sub</strong></span> <span class='ocrx_word' id='word_1_395' title='bbox 1224 4519 1295 4600; x_wconf 89' lang='lat' dir='ltr'><strong>spe</strong></span> <span class='ocrx_word' id='word_1_396' title='bbox 1323 4491 1431 4584; x_wconf 88' lang='lat' dir='ltr'><strong>iilius</strong></span> <span class='ocrx_word' id='word_1_397' title='bbox 1465 4494 1516 4575; x_wconf 91' lang='lat' dir='ltr'><strong>de</strong></span> <span class='ocrx_word' id='word_1_398' title='bbox 1545 4493 1658 4573; x_wconf 78' lang='lat' dir='ltr'><strong>euius</strong></span> <span class='ocrx_word' id='word_1_399' title='bbox 1683 4492 1809 4578; x_wconf 77' lang='lat' dir='ltr'><strong>solius</strong></span> <span class='ocrx_word' id='word_1_400' title='bbox 1837 4491 1917 4572; x_wconf 89' lang='lat' dir='ltr'><strong>cle·</strong></span> 
     </span>
     <span class='ocr_line' id='line_1_39' title="bbox 119 4599 1914 4716; baseline -0.005 -27"><span class='ocrx_word' id='word_1_401' title='bbox 119 4609 251 4700; x_wconf 75' lang='lat' dir='ltr'><strong>ruenti</strong></span> <span class='ocrx_word' id='word_1_402' title='bbox 279 4605 557 4716; x_wconf 85' lang='lat' dir='ltr'><strong>prouidentia,</strong></span> <span class='ocrx_word' id='word_1_403' title='bbox 584 4611 626 4700; x_wconf 76' lang='lat'><strong>.&amp;</strong></span> <span class='ocrx_word' id='word_1_404' title='bbox 650 4606 862 4703; x_wconf 57' lang='lat' dir='ltr'><strong>,clementia</strong></span> <span class='ocrx_word' id='word_1_405' title='bbox 906 4605 1077 4716; x_wconf 86' lang='lat' dir='ltr'><strong>prouida</strong></span> <span class='ocrx_word' id='word_1_406' title='bbox 1117 4599 1324 4689; x_wconf 65' lang='lat' dir='ltr'><strong>,ordinatio</strong></span> <span class='ocrx_word' id='word_1_407' title='bbox 1356 4603 1449 4690; x_wconf 89' lang='lat' dir='ltr'><strong>talis</strong></span> <span class='ocrx_word' id='word_1_408' title='bbox 1478 4608 1518 4692; x_wconf 84' lang='lat'>&amp;</span> <span class='ocrx_word' id='word_1_409' title='bbox 1546 4617 1657 4690; x_wconf 85' lang='lat' dir='ltr'><strong>tanta</strong></span> <span class='ocrx_word' id='word_1_410' title='bbox 1699 4603 1914 4716; x_wconf 83' lang='lat' dir='ltr'><strong>processit,</strong></span> 
     </span>
    </p>
   </div>
   <div class='ocr_carea' id='block_1_6' title="bbox 122 4786 400 4814">
    <p class='ocr_par' dir='ltr' id='par_1_6' title="bbox 122 4786 400 4814">
     <span class='ocr_line' id='line_1_40' title="bbox 122 4786 400 4814; baseline -0.011 0"><span class='ocrx_word' id='word_1_411' title='bbox 122 4786 400 4814; x_wconf 60' lang='grc' dir='ltr'><strong>Μ·</strong></span> 
     </span>
    </p>
   </div>
   <div class='ocr_carea' id='block_1_7' title="bbox 71 4814 2027 5036">
    <p class='ocr_par' dir='ltr' id='par_1_7' title="bbox 71 4814 2027 5036">
     <span class='ocr_line' id='line_1_41' title="bbox 71 4814 2027 4930; baseline -0.014 -13"><span class='ocrx_word' id='word_1_412' title='bbox 71 4905 80 4917; x_wconf 73' lang='grc'>,</span> <span class='ocrx_word' id='word_1_413' title='bbox 166 4854 198 4930; x_wconf 73' lang='lat' dir='ltr'><strong>t)</strong></span> <span class='ocrx_word' id='word_1_414' title='bbox 220 4843 381 4907; x_wconf 84' lang='lat' dir='ltr'><strong>hominum</strong></span> <span class='ocrx_word' id='word_1_415' title='bbox 403 4848 425 4918; x_wconf 87' lang='grc' dir='ltr'><strong>,ἰ</strong></span> <span class='ocrx_word' id='word_1_416' title='bbox 442 4865 481 4905; x_wconf 83' lang='lat' dir='ltr'><strong>en</strong></span> <span class='ocrx_word' id='word_1_417' title='bbox 501 4843 637 4920; x_wconf 82' lang='lat' dir='ltr'><strong>samta&#39;da</strong></span> <span class='ocrx_word' id='word_1_418' title='bbox 657 4845 790 4928; x_wconf 79' lang='lat' dir='ltr'><strong>asslrrifl</strong></span> <span class='ocrx_word' id='word_1_419' title='bbox 810 4859 889 4907; x_wconf 79' lang='lat' dir='ltr'><strong>utun</strong></span> <span class='ocrx_word' id='word_1_420' title='bbox 910 4845 1115 4922; x_wconf 70' lang='lat' dir='ltr'><strong>vidimata&#39;on,·</strong></span> <span class='ocrx_word' id='word_1_421' title='bbox 1131 4843 1223 4923; x_wconf 75' lang='lat' dir='ltr'><strong>jemfi</strong></span> <span class='ocrx_word' id='word_1_422' title='bbox 1239 4849 1315 4915; x_wconf 51' lang='lat' dir='ltr'><strong>,ndat</strong></span> <span class='ocrx_word' id='word_1_423' title='bbox 1324 4839 1570 4926; x_wconf 62' lang='lat' dir='ltr'><strong>siiljande&#39;ffip</strong></span> <span class='ocrx_word' id='word_1_424' title='bbox 1586 4837 1660 4920; x_wconf 76' lang='lat'><strong>584,</strong></span> <span class='ocrx_word' id='word_1_425' title='bbox 1680 4841 1839 4907; x_wconf 69' lang='lat' dir='ltr'><strong>laceratur</strong></span> <span class='ocrx_word' id='word_1_426' title='bbox 1858 4839 1913 4923; x_wconf 64' lang='lat' dir='ltr'><strong>ets.</strong></span> <span class='ocrx_word' id='word_1_427' title='bbox 2025 4814 2027 4824; x_wconf 56' lang='grc'>’</span> 
     </span>
     <span class='ocr_line' id='line_1_42' title="bbox 206 4924 1851 5036; baseline -0.007 -44"><span class='ocrx_word' id='word_1_428' title='bbox 206 4951 271 5006; x_wconf 71' lang='lat' dir='ltr'><strong>peu</strong></span> <span class='ocrx_word' id='word_1_429' title='bbox 291 4925 524 4990; x_wconf 75' lang='lat' dir='ltr'><strong>nedansttende</strong></span> <span class='ocrx_word' id='word_1_430' title='bbox 541 4927 693 4988; x_wconf 82' lang='lat' dir='ltr'><strong>olilrheter</strong></span> <span class='ocrx_word' id='word_1_431' title='bbox 713 4934 769 4990; x_wconf 77' lang='lat' dir='ltr'><strong>a&#39;a&#39;ro</strong></span> <span class='ocrx_word' id='word_1_432' title='bbox 786 4926 941 4990; x_wconf 72' lang='lat' dir='ltr'><strong>lstimtade.</strong></span> <span class='ocrx_word' id='word_1_433' title='bbox 980 4931 1014 5004; x_wconf 70' lang='lat' dir='ltr'><strong>a)</strong></span> <span class='ocrx_word' id='word_1_434' title='bbox 1032 4925 1212 5012; x_wconf 89' lang='lat' dir='ltr'><strong>opprobrio.</strong></span> <span class='ocrx_word' id='word_1_435' title='bbox 1255 4925 1285 5004; x_wconf 83' lang='lat'><strong>3)</strong></span> <span class='ocrx_word' id='word_1_436' title='bbox 1306 4927 1484 4986; x_wconf 77' lang='lat' dir='ltr'><strong>attentione.</strong></span> <span class='ocrx_word' id='word_1_437' title='bbox 1524 4924 1556 5008; x_wconf 76' lang='lat'><strong>4)</strong></span> <span class='ocrx_word' id='word_1_438' title='bbox 1577 4925 1713 5010; x_wconf 84' lang='lat' dir='ltr'><strong>proprio.</strong></span> <span class='ocrx_word' id='word_1_439' title='bbox 1788 4931 1851 5036; x_wconf 36' lang='lat'><strong>⁴3·</strong></span> 
     </span>
    </p>
   </div>
   <div class='ocr_carea' id='block_1_8' title="bbox 0 0 2204 5958">
    <p class='ocr_par' dir='ltr' id='par_1_8' title="bbox 0 0 2204 5958">
     <span class='ocr_line' id='line_1_43' title="bbox 0 0 2204 5958; baseline 0 0"><span class='ocrx_word' id='word_1_440' title='bbox 0 0 2204 5958; x_wconf 95' lang='lat' dir='ltr'><strong> </strong></span> 
     </span>
    </p>
   </div>
  </div>
 </body>
</html>
