4362 5946
988 427 1045 448 ..
1152 379 1235 464 358
1346 421 1450 446 ..Ν

457 695 465 707 ,
493 607 633 706 solutio
660 603 888 686 conceditur
908 623 1184 714 peccatorum,
1213 604 1263 684 de
1290 605 1431 713 quibus
1458 606 1569 685 istra
1596 617 1678 684 tres
1691 631 1840 684 menses
1865 605 2045 692 cordecon·
2124 659 2127 668 =

491 723 588 800 trito
615 745 713 796 cere
740 718 913 819 confessi
923 719 1102 818 fuerint.
1215 757 1219 762 ·
1972 729 1975 736 “
2148 801 2149 814 ἶ

465 826 719 911 Innocentius
733 833 805 908 &c
821 828 1035 908 Carissimo
1054 832 1095 906 in
1110 827 1272 908 Cluisto
1275 826 1371 931 filio
1386 828 1455 906 W.
1471 825 1630 907 Illustri
1642 826 1765 931 Regi,
1784 845 1822 908 et
1836 827 1964 925 ddecto
1977 828 2048 930 filis

495 939 634 1022 Nobili
665 944 755 1021 otro
782 939 830 1018 B.
861 941 971 1022 Duci
997 938 1154 1067 ιδ’νυεειέζ
1186 967 1235 1017 oc
1262 938 1297 1018 I.
1326 941 1459 1023 Vnori
1470 935 1642 1036 eundem
1669 938 1797 1020 Ducis
1812 937 1977 1018 Salutem
1994 943 2047 1018 &u

454 1086 558 1165 Cum
586 1082 820 1164 desideretis
855 1081 959 1162 sicut
1001 1085 1228 1189 accepimus
1263 1085 1306 1162 in
1334 1080 1468 1162 cordis
1511 1080 1715 1163 mundicia
1758 1079 1951 1162 deducere
1986 1083 2050 1163 dies

189 1227 194 1237 ·
288 1214 441 1279 vestros
469 1195 654 1277 nolentes
686 1219 849 1274 currere
876 1195 920 1272 in
950 1197 1146 1277 incertum
1176 1193 1260 1272 Nos
1288 1190 1338 1273 de
1367 1193 1656 1301 omnipotentis
1692 1194 1766 1273 Dei
1794 1193 2050 1289 misericordia,

287 1324 329 1388 et
356 1308 572 1390 Beatorum
601 1307 710 1387 Petri
738 1323 778 1386 et
805 1307 920 1385 Pauli
950 1302 1238 1413 Apostolorum
1269 1306 1354 1385 eins
1383 1305 1624 1385 auctoritate
1639 1304 1779 1385 confisi
1794 1307 1966 1384 omnium
1979 1332 2051 1412 pec·

287 1438 471 1501 catorum
497 1435 725 1526 vestrorum
754 1414 1060 1511 absolutionem,
1087 1430 1128 1492 et
1155 1414 1335 1512 veniam,
1379 1414 1429 1495 de
1458 1414 1607 1524 quibus
1651 1416 1744 1495 estis
1772 1417 1836 1496 vel
1866 1415 1967 1497 inira
1990 1431 2052 1495 tres

287 1557 443 1611 menses
471 1557 496 1608 a
523 1530 751 1638 receptione
779 1527 1026 1634 presentium
1045 1525 1156 1606 eritis
1186 1521 1308 1605 corde
1337 1528 1513 1607 contrito
1542 1553 1634 1618 vere
1663 1525 1837 1607 confessi
1867 1525 1973 1606 vobis
1998 1527 2053 1605 ni·
2148 1605 2149 1612 Ν

188 1709 191 1714 ,
286 1639 544 1722 sericorditer
572 1639 810 1746 elargimur,
841 1637 1003 1716 Domini
1031 1635 1281 1716 clementiam
1310 1635 1588 1745 deprecantes,
1618 1653 1667 1715 ut
1692 1653 1917 1718 vestrorum
1943 1638 2055 1716 imne-

287 1779 378 1836 mor
406 1749 647 1832 delictorum
676 1751 879 1830 bonorum
908 1748 1114 1829 celestium
1144 1745 1264 1826 faciat
1292 1777 1365 1828 vos
1408 1775 1491 1828 esse
1521 1747 1737 1856 participes
1780 1748 1823 1826 in
1853 1764 1984 1828 eterna
2008 1774 2054 1826 re

203 1931 207 1940 .
286 1863 509 1944 tributione
537 1861 748 1969 justorum.
779 1862 869 1940 Dat.
898 1860 1063 1942 Perusii.
1084 1859 1132 1938 X.
1152 1855 1243 1936 Kal.
1274 1859 1514 1941 Novembris
1530 1859 1790 1941 pontificatus
1804 1860 1942 1940 Nostri
1956 1865 2056 1938 Anno

221 1965 228 1992 ‘
287 1973 464 2055 Decimo.

285 2361 422 2514 399.
879 2363 1076 2520 ³1252
1124 2361 1172 2466 d.
1209 2363 1294 2508 '2⁸9
1320 2358 1474 2484 ,Oce
1846 2362 2058 2504 Pcrugia.

368 2581 458 2645 Ptfv.
480 2581 675 2647 lanocnsrrus
696 2581 767 2644 lva
786 2579 923 2646 tilletnd
944 2582 994 2644 ffir
1014 2583 1166 2666 Biskopen
1186 2584 1196 2643 i
1219 2582 1393 2664 Linkdping
1414 2593 1459 2643 att
1480 2579 1572 2643 allisa
1593 2581 1690 2660 nigra
1710 2577 2059 2659 Prester,som,oultsdt

418 2665 458 2728 de
478 2667 527 2730 so'r
547 2667 651 2730 frillor
670 2666 784 2745 blifvit,
803 2664 899 2746 enligl
910 2663 1083 2748 Skenniuge
1098 2665 1223 2748 Stadga,
1243 2667 1351 2728 sfsatte
1371 2664 1432 2728 och
1442 2666 1611 2748 bannlyste,
1622 2662 1719 2726 likvat
1734 2663 1882 2725 l'o'rrattat
1903 2663 2059 2748 presttjenn

1813 2778 1842 2835 B.
1860 2783 1887 2835 3:
1908 2782 1949 2836 25.

451 2918 721 2997 lunocsncws
751 2917 966 3024 episcopus
995 2945 1136 2999 seruus
1164 2943 1375 2998 seruorum
1404 2915 1470 2996 dei
1497 2915 1719 2996 venerabili
1747 2913 1862 2998 fratri
1897 2977 1906 2997 .
1939 2979 1947 2996 .
1976 2916 2060 3023 epis·

88 3067 96 3074 ·
204 3121 211 3135 ‚
285 3056 391 3137 copo
420 3027 646 3134 lincopensi
674 3027 842 3108 salutem
873 3034 912 3108 8<
942 3026 1204 3139 apostolicam
1234 3026 1559 3109 benedictionem
1589 3029 1650 3108 Ex
1679 3044 1793 3134 parte
1811 3044 1884 3106 tua
1915 3026 2062 3106 sultno

285 3139 348 3218 bis
376 3139 580 3218 humiliter
609 3139 881 3246 supplicatum
911 3157 955 3220 vt
984 3169 1076 3220 cum
1105 3137 1292 3221 nonnulli
1322 3138 1457 3219 clerici
1484 3154 1553 3218 tue
1593 3139 1769 3218 ciuitatis
1812 3143 1851 3218 &
1898 3135 2062 3246 dyocesis

195 3289 202 3294 ·
284 3251 382 3330 latas
411 3250 452 3328 in
483 3249 649 3352 clericos
678 3250 987 3334 concubinarios
1016 3281 1037 3330 a
1066 3251 1171 3332 bone
1209 3251 1398 3329 Memorie
1428 3307 1437 3325 .
1468 3308 1477 3327 .
1508 3248 1709 3330 sabinensi
1752 3251 1948 3357 episcopo
1981 3263 2063 3326 tunc

226 3421 229 3428 ,
282 3358 432 3442 inillis
461 3359 647 3470 partibus
676 3360 894 3468 apostolice
923 3362 1031 3472 sedis
1063 3362 1195 3469 legato
1224 3361 1447 3468 sentencias
1476 3361 1748 3468 suspensionis
1777 3365 1817 3439 ὃς
1846 3385 2065 3440 excommu-

282 3471 501 3554 nicacionis
530 3473 778 3551 incurrerint
806 3487 846 3552 et
875 3500 1014 3553 eorum
1044 3471 1207 3582 quidam
1237 3498 1373 3552 sacros
1402 3473 1651 3579 susceperint
1679 3469 1841 3552 ordines
1871 3476 1913 3549 8<
1943 3470 2063 3569 diuina

281 3582 489 3664 celebrant
518 3581 650 3663 officia
681 3581 736 3660 sic
765 3581 880 3692 ligati
909 3583 1126 3687 prouidere
1156 3582 1275 3662 saluti
1311 3609 1451 3662 eorum
1495 3578 1806 3664 misericorditer
1847 3605 2066 3662 curaremus

281 3694 381 3775 Tuis
410 3697 549 3805 itaque
577 3691 951 3801 supplicacionibus
980 3695 1159 3776 inclinati
1189 3691 1435 3775 fraternitati
1466 3709 1536 3772 tue
1567 3694 1820 3802 presencium
1837 3693 2065 3773 auctoritate
2148 3729 2149 3752 1

227 3827 230 3834 ’
279 3806 535 3889 concedimus
564 3820 611 3883 ut
639 3803 787 3883 eisdem
816 3805 1114 3885 concubinariis
1148 3802 1420 3884 absolucionis
1464 3804 1701 3885 beneficium
1731 3803 1944 3915 impendas
1972 3805 2067 3881 iuxta

280 3915 451 3999 formam
480 3916 645 4000 ecclesie
674 3915 759 3996 vice
788 3933 927 3996 nostra
954 3915 1139 4021 jniuncto
1182 3915 1237 3993 cis
1276 3915 1388 4024 quod
1419 3913 1470 3998 de
1498 3915 1587 3994 iure
1616 3914 1739 3995 fuerit
1772 3911 2066 4023 iniungendum.

280 4027 501 4110 dummo'do
530 4028 608 4136 ipsi
637 4025 873 4107 concubinis
903 4053 926 4106 a
955 4054 997 4105 se
1024 4053 1191 4132 prorsus
1221 4025 1386 4106 abiectis
1414 4023 1681 4107 sufficientem
1703 4029 1940 4107 caucionem
1971 4022 2066 4102 exhi·

281 4139 409 4220 beant
425 4138 538 4249 quod
554 4139 641 4220 illas
656 4137 720 4216 uel
742 4137 840 4220 alias
856 4165 938 4218 non
954 4151 1169 4220 resument.
1187 4133 1447 4244 dispensandi
1475 4164 1641 4246 quoque
1668 4165 1758 4216 cum
1789 4141 1845 4218 eis
1877 4136 1955 4245 qui
1984 4130 2067 4211 facti

279 4251 529 4332 immemores
558 4249 625 4331 uel
654 4249 753 4329 iuris
782 4249 912 4356 ignari
941 4246 1213 4328 absolucionis
1241 4246 1438 4328 beneficio
1467 4276 1550 4327 non
1578 4247 1750 4330 obtento
1780 4273 1917 4328 sacros
1948 4269 2067 4325 susce·

278 4378 427 4470 perunt
454 4357 619 4440 ordines
647 4376 687 4439 et
716 4361 996 4443 ministrarunt
1024 4361 1066 4440 in
1095 4363 1151 4441 eis
1180 4374 1273 4467 post
1303 4360 1524 4438 iniunctam
1557 4359 1636 4439 sibi
1664 4358 1940 4465 penitenciam
1973 4381 2067 4434 com·

277 4487 484 4578 petentem
514 4484 641 4579 prout
669 4497 807 4550 eorum
838 4470 957 4556 saluti
985 4470 1176 4581 expedire
1219 4469 1367 4552 videris
1411 4469 1577 4550 liberam
1607 4469 1683 4549 tibi
1705 4540 1710 4546 .
1731 4466 1997 4551 concedimus
2023 4463 2041 4544 f
2055 4508 2068 4522 ·

164 4666 169 4682 ,
277 4580 468 4662 cultatem
498 4583 539 4663 Si
569 4582 767 4692 quivero
797 4583 969 4663 scienter
995 4611 1080 4662 non
1109 4599 1244 4661 tamen
1275 4581 1317 4660 in
1344 4598 1620 4689 contemptum
1650 4582 1825 4662 clunium
1856 4579 1959 4658 talia
1990 4603 2069 4685 pre·

278 4707 549 4802 sumpserunt.
579 4695 689 4803 ipsos
718 4721 790 4802 per
818 4691 1024 4773 biennium
1055 4696 1107 4775 ab
1137 4690 1328 4771 ordinum
1357 4696 1606 4799 exequeione
1636 4719 1868 4804 suspensos,
1895 4692 2069 4770 iniuncta

278 4804 356 4885 sibi
370 4800 535 4882 salutari
552 4805 830 4912 penitencia&
858 4819 1022 4910 peracta
1049 4805 1083 4882 si
1110 4801 1272 4882 demum
1287 4799 1440 4880 suerint
1469 4801 1576 4884 bone
1591 4802 1921 4890 conuersacionis
1938 4806 1978 4878 8<
1993 4799 2068 4876 vice

278 4913 331 4995 ad
359 4913 535 5023 graciam
563 4913 878 5022 dispensacionis
906 4912 1104 5010 admittas,
1133 4913 1282 4998 Datum
1325 4913 1490 5022 Perusij.
1519 4915 1657 4997 llltso
1702 4915 1778 4996 kal.
1823 4909 2068 4994 nouembris.

146 5115 150 5123 ,
261 5022 540 5109 Ῥοιιῑίᾗοειῐιιε
568 5026 697 5133 nostrj
725 5029 847 5108 Anno
876 5023 1043 5108 decimo.
