4406 5966
715 389 1074 577 p-'717
1185 461 1338 536 -,

119 629 229 728 =lei
263 664 427 750 quoque
455 625 745 722 cumconsilio
773 634 1016 734 eorundem,
1054 635 1266 736 ordinarii,
1294 641 1335 718 &
1362 635 1559 734 aliorum,
1597 637 1781 721 mutandi
1808 639 1929 726 colle-

133 767 265 838 ctores
292 752 402 861 ipsos
444 747 631 859 quotiens
672 744 822 828 uideris
864 746 1073 857 expedire,
1111 777 1158 832 ac
1186 777 1255 832 eos
1297 746 1568 858 compellendi
1595 750 1648 832 a'd
1674 749 1929 836 reddendum

121 891 271 946 coram
297 859 446 944 eisdem
461 858 677 941 ordinariis
705 863 745 940 &
773 857 862 940 aliis
877 877 1108 970 computem
1136 859 1188 942 de
1215 860 1407 960 collectis,
1422 861 1794 946 &contradictores
1808 891 1931 974 quos·

133 974 233 1056 libet
260 973 496 1056 auctoritate
523 969 746 1082 apostolica
774 998 849 1080 per
877 999 1088 1054 censuram
1115 973 1423 1054 ecclesiasticam
1455 973 1740 1082 compescendi
1767 975 1932 1084 plenam

132 1085 271 1168 eadem
298 1083 541 1166 auctoritate
570 1080 826 1164 concedimus
855 1099 1108 1191 potestatem.
1154 1085 1208 1164 Et
1230 1100 1283 1165 ut
1310 1101 1394 1165 tam
1422 1101 1488 1183 tu,
1530 1112 1653 1195 quem
1681 1084 1781 1168 dicti
1810 1087 1933 1170 colle-

131 1213 264 1279 ctores
292 1195 472 1278 fructum
499 1191 552 1275 de
579 1194 722 1276 uestris
752 1193 962 1274 laboribus
989 1198 1222 1301 reportetis,
1250 1198 1452 1305 praemissa
1480 1195 1557 1279 tibi
1585 1201 1625 1276 &
1639 1197 1696 1278 eis
1723 1199 1767 1276 in
1794 1200 1934 1280 remis·

130 1308 285 1391 sionem
313 1320 573 1416 peccatorum
598 1303 864 1494 injungimus,
892 1309 946 1386 &·
960 1303 1220 1386 nihilominus
1248 1335 1271 1386 a
1299 1308 1553 1414 praestatione
1577 1307 1740 1390 decimae
1770 1337 1846 1417 pro
1860 1337 1932 1390 an·

130 1420 196 1500 nis
223 1417 302 1500 illis
332 1416 484 1528 quibus
510 1416 617 1498 circa
646 1442 694 1495 ea
739 1406 983 1513 aborabitis,
1011 1414 1198 1496 uolumus
1224 1445 1297 1499 uos
1317 1443 1401 1498 esse
1415 1418 1620 1502 immunes.
1646 1418 1707 1500 Te
1734 1437 1932 1529 praeterea

130 1530 240 1612 illius
268 1525 526 1638 indulgentiae
554 1521 812 1608 concedimus
844 1553 930 1610 esse
957 1527 1214 1636 participem,
1259 1556 1348 1638 quae
1376 1555 1495 1610 cruce
1529 1529 1696 1640 signatis
1724 1531 1933 1641 'persona-

130 1641 224 1723 liter
251 1636 611 1721 transfretantibus
638 1639 683 1717 in
710 1633 888 1746 praelatae
915 1657 1033 1720 terrae
1067 1634 1291 1720 subsidium
1332 1656 1394 1720 est
1433 1666 1641 1737 concessa,
1670 1646 1711 1723 &
1737 1640 1850 1753 quod
1879 1641 1931 1725 de

130 1752 304 1863 pecunia
334 1777 385 1832 ex
413 1739 682 1861 ipsa‘decima
711 1745 937 1858 colligenda
964 1749 1132 1858 singulis
1164 1747 1320 1848 diebus,
1347 1746 1391 1831 in
1419 1752 1567 1861 quibus
1595 1753 1702 1832 circa
1730 1755 1933 1863 praemissa

80 1873 92 1952 J
128 1863 345 1961 vacabitis,
373 1879 455 1944 tres
484 1859 635 1944 solidos
663 1859 958 1971 Sterlingorum
985 1860 1186 1971 percipias
1213 1888 1292 1972 pro
1319 1863 1517 1971 expensis.
1561 1863 1655 1944 Non
1682 1863 1869 1952 obstante
1896 1867 1932 1948 si

130 1971 333 2086 aliquibus
361 2001 385 2053 a
413 1969 507 2056 sede
537 1971 760 2082 apostolica
805 1973 858 2054 sit
899 1969 1123 2070 indultum,
1165 1971 1277 2082 quod
1318 1971 1506 2054 interdici
1548 1971 1740 2084 suspendi
1769 1977 1834 2056 uel
1863 2003 1932 2057 ex·

129 2085 421 2168 communicari
447 2111 533 2164 non
561 2083 716 2194 possint
744 2110 817 2193 per
845 2083 983 2166 literas
1011 2082 1272 2194 apostolicas,
1315 2113 1403 2198 quae
1431 2083 1481 2168 de
1509 2084 1670 2167 indulto
1697 2084 1931 2196 hujusmodi
2154 2187 2161 2196 .

1 2272 2 2275 γ
130 2225 179 2280 ac
193 2213 282 2278 tota
296 2192 400 2306 ejus
427 2195 676 2278 continentia
706 2192 756 2276 de
785 2193 913 2278 uerbo
928 2193 981 2276 ad
996 2196 1183 2293 uerbum,
1213 2199 1253 2278 &
1280 2193 1331 2278 de
1360 2196 1539 2308 propriis
1560 2197 1742 2278 locorum
1770 2204 1810 2278 &
1839 2225 1932 2307 per·
2060 2239 2069 2254 v

1 2305 2 2312 ‘
129 2335 322 2391 sonarum
351 2300 584 2390 nominibus,
609 2305 825 2416 specialem
852 2303 1014 2418 plenam
1043 2313 1339 2418 &expressam
1367 2335 1451 2390 non
1479 2307 1650 2392 fecerint
1675 2313 1929 2391 mentionem.
2002 2394 2015 2405 ,

128 2421 223 2503 Sive
252 2416 501 2533 quibuslibet
527 2409 616 2500 aliis
644 2414 867 2527 privilegiis
895 2416 1160 2528 indulgentiis
1199 2417 1263 2500 uel
1292 2418 1435 2501 litteris
1461 2421 1769 2530 quibuscunque
1797 2419 1931 2530 digni·

126 2531 303 2626 tatibus,
337 2529 570 2628 ordinibus,
597 2525 715 2628 locis,
743 2529 808 2610 uel
837 2531 1021 2640 personis
1062 2527 1322 2640 generaliter,
1356 2549 1428 2612 aut
1454 2532 1683 2642 specialiter
1726 2531 1802 2614 sub
1862 2559 1931 2611 va-

127 2670 290 2754 cunque
321 2640 541 2724 formavel
571 2641 838 2752 conceptione
865 2639 1086 2721 uerborum
1114 2640 1165 2722 ab
1194 2637 1333 2723 eadem
1347 2639 1442 2724 sede
1464 2646 1673 2740 concessis,
1689 2638 1740 2725 de
1769 2561 1930 2756 quibus,

18 2811 22 2820 .
122 2781 355 2866 quorumve
395 2752 493 2832 totis
533 2751 744 2836 tenoribus
786 2747 992 2836 deuerbo
1021 2748 1272 2858 adverbum
1301 2751 1344 2834 in
1371 2753 1519 2836 nostris
1561 2755 1705 2835 litteris
1746 2755 1931 2864 specialis

107 2861 249 2978 'plena
279 2869 319 2945 &
348 2891 535 2973 expressa
561 2863 715 2976 mentio
742 2863 795 2945 sit
822 2861 1019 2946 habenda.
1061 2863 1259 2946 Volumus
1300 2881 1436 2948 autem
1463 2881 1511 2947 ut
1537 2863 1770 2976 frequenter
1810 2865 1932 2951 nobis
2026 2901 2033 2911 ’

118 2976 304 3060 scribere
333 2973 497 3056 studeas
511 2969 609 3086 quid
625 2987 757 3058 actum
773 2973 914 3072 fuerit,
944 2975 986 3055 in
1006 2976 1188 3086 qualibet
1223 2975 1432 3087 p'rovincia
1447 2991 1529 3057 tam
1557 2979 1665 3058 circa
1693 2975 1931 3058 collectores

21 3173 26 3187 ,
121 3115 249 3202 quam
264 3089 374 3174 circa*
385 3078 675 3183 collectionem,
705 3080 971 3199 quantitatem
986 3085 1206 3186 collectam,
1236 3092 1247 3169 i
1281 3090 1362 3170 sius
1378 3087 1682 3200 depositionem,
1712 3085 1846 3168 locum
1861 3083 1931 3169 de·

121 3199 342 3314 positionis
371 3225 417 3278 ac
446 3196 623 3281 modum.
653 3199 706 3279 Et
733 3201 900 3308 insuper
915 3197 964 3277 de
980 3199 1234 3307 praemissisfi
1265 3201 1380 3283 eliter
1395 3229 1441 3282 ac
1455 3199 1625 3282 sollicite
1640 3194 1931 3310 prosequendis
2004 3279 2010 3292 ,

122 3328 292 3426 praestes
321 3311 439 3390 tactis
466 3313 734 3391 sacrosanctis
752 3309 988 3422 'Euangeliis
1016 3310 1301 3420 juramentum.
1331 3310 1572 3395 Consideras
1599 3315 1734 3424 itaque
1761 3309 1871 3422 qvod
1885 3311 1931 3392 in

47 3515 52 3519 ,
119 3421 341 3536 praemissis
370 3421 576 3530 negotium
606 3421 681 3501 Dei
708 3423 981 3533 prosequeris,
1025 3440 1065 3505 et
1092 3424 1136 3504 in
1178 3417 1397 3534 conspectu
1432 3423 1515 3533 agis
1550 3421 1638 3534 ejus
1672 3422 1742 3534 qui
1785 3439 1932 3504 cuncta

19 3561 23 3569 ·
119 3535 342 3630 discernit,
367 3532 524 3642 sibique
553 3559 627 3614 nec
655 3559 741 3613 non
769 3539 808 3616 a
836 3533 1038 3644 nobisqvi
1066 3534 1172 3636 circa
1193 3534 1266 3617 hec
1282 3535 1712 3644 omnemdiligentiam·
1735 3529 1930 3614 adhibere

96 3639 395 3742 intendimus,
423 3644 625 3725 teneberis
655 3642 826 3726 reddere
854 3644 1131 3728 rationemab
1160 3662 1334 3757 utroque
1376 3671 1453 3756 pro
1492 3647 1643 3727 meritis
1672 3660 1930 3753 recepturus,

121 3761 185 3842 sic
215 3755 436 3865 prudenter
464 3755 508 3834 in
536 3753 616 3846 illis
643 3753 794 3850 habere
822 3772 864 3838 te
891 3754 1071 3855 studeas,
1099 3758 1155 3838 sic
1184 3758 1387 3856 consulte,
1413 3755 1526 3870 'quod
1555 3759 1597 3836 in
1627 3756 1836 3864 utriusque
1865 3755 1928 3864 ju·

40 3885 48 3906 ¹
96 3869 237 3956 'dicio
265 3894 352 3950 uon
380 3865 510 3948 'solum
539 3867 642 3946 uites
670 3892 802 3976 poene
829 3867 1157 3978 confuticnisqve
1181 3869 1429 3964 discrimina,
1456 3867 1531 3950 sed
1559 3866 1691 3949 laudis
1721 3867 1861 3947 titulos
1889 3869 1941 3952 &.
2069 3906 2075 3918 ·
2155 3876 2161 3884 '

95 3981 317 4096 gratiam,
346 4006 392 4080 ac
420 3975 701 4080 retributionis
722 3979 930 4088 praemium
959 4005 1043 4061 asse
1075 3981 1192 4068 uaris.
1222 3982 1368 4074 Forma
1397 3996 1531 4060 autem
1553 3978 1787 4088 juramenti,
1846 3975 1929 4058 uod

120 4109 320 4207 praestare
345 4088 533 4170 uolumus
562 4079 796 4172 collectores
838 4090 1016 4190 eosdem,
1088 4119 1133 4172 ec
1161 4109 1233 4172 est.
1260 4089 1360 4173 Jur'o
1387 4081 1464 4202 ¹ego
1492 4153 1502 4172 .
1531 4152 1541 4171 .
1570 4152 1579 4173 .
1607 4117 1630 4172 a
1658 4089 1774 4171 uobis
1802 4007 1928 4198 illegi-¹

119 4221 215 4286 stro
242 4203 285 4283 B.
316 4204 557 4286 auctoritate
571 4199 790 4312 apostolica
823 4198 1039 4311 deputatus
1069 4203 1263 4285 collector
1286 4198 1612 4311 adexigendum,
1641 4195 1928 4312 colligendum,

92 4309 168 4397 '&
199 4311 477 4423 recipiendum
505 4306 700 4395 decimam
729 4311 909 4394 omnium
938 4312 1239 4398 reddituum&
1266 4331 1537 4426 proventuum
1565 4308 1927 4395 ecclesiasticorum

94 4425 181 4506 'ab
212 4424 402 4505 omnibus
437 4426 621 4534 personis
663 4422 940 4506 ecclesiasticis
967 4453 1050 4507 non
1078 4427 1269 4534 exemptis
1295 4427 1341 4510 'in
1368 4488 1377 4507 .
1407 4486 1416 4506 .
1447 4485 1457 4508 .
1486 4489 1496 4508 .
1525 4426 1699 4506 Ciuitate
1735 4429 1775 4506 &
1804 4425 1925 4506 Dioe·
1970 4437 1975 4444 '

117 4533 209 4617 cesi
250 4535 546 4616 constitutusa
588 4532 683 4634 sede
730 4538 953 4645 apostolica
987 4563 1074 4648 pro¹
1114 4536 1294 4619 subsidio
1336 4555 1454 4619 terrae
1494 4553 1642 4617 sanctae
1683 4542 1925 4631 concessam,

114 4641 240 4758 quod
269 4644 441 4726 fideliter
468 4647 643 4756 exigam,
672 4645 878 4756 colligam,
908 4651 1117 4760 recipiam,
1145 4663 1266 4760 atqve
1294 4647 1518 4756 custodiam
1553 4650 1681 4758 ipsam
1710 4647 1925 4756 decimam,

18 4791 24 4794 ·
113 4781 211 4839 non
243 4753 463 4838 deferendo
491 4757 533 4835 in
562 4756 639 4838 hiis
683 4757 804 4840 alicui
834 4750 1015 4867 personae
1061 4753 1338 4872 cujuscunque
1382 4756 1551 4862 ordinis,
1592 4773 1738 4860 status,
1781 4755 1925 4841 condi·

117 4867 272 4966 tionis,
302 4882 374 4950 aut
401 4864 608 4976 dignitatis
635 4869 797 4966 existat,
826 4899 967 4981 prece,
994 4871 1156 4971 timore,
1186 4873 1325 4980 gratia,
1353 4871 1418 4955 uel
1446 4871 1600 4968 fauore,
1629 4873 1694 4953 uel
1722 4873 1797 4979 alia
1827 4871 1924 4981 qua·

86 4995 290 5093 'cunque
317 4978 369 5062 de
397 4993 536 5080 causa,
563 4995 604 5064 et
633 5007 720 5096 eam
747 4981 903 5094 integre
931 4984 1157 5096 restituam,
1185 4989 1226 5070 dc
1253 4981 1486 5095 assignabo,
1514 4999 1639 5094 prout
1666 5013 1690 5068 a
1717 4981 1846 5071 uobis
1861 5004 1925 5062 re·
1964 5003 1971 5014 ’
2100 5019 2104 5024 ’
