4368 5950
830 445 874 542 s
975 501 1033 523 -
1119 455 1229 538 Ι258·
1286 505 1298 526 =
1333 501 1393 521 ...,
2144 519 2145 524 Ν

294 675 411 762 vobis
439 671 690 754 Venerabilis
735 672 886 756 Frater'
924 686 1062 759 noster
1102 676 1419 788 Lingacopensis
1464 677 1688 785 Episcopus
1729 661 1810 759 loci
1840 679 2069 768 Diocesanus·

202 858 205 866 ,
293 783 466 867 moverit
493 785 763 893 questionem,
791 785 955 870 tandem
983 785 1181 869 mediante
1210 785 1444 869 Venerabili
1479 787 1603 882 fratre
1632 805 1772 868 nostro
1802 791 2050 878 ...Lundensi

291 895 611 1006 Archiepiscopo
639 897 746 978 inter
774 919 846 978 uos
875 891 927 980 ex'¹
954 915 1072 1008 parte
1101 925 1201 996 una,
1229 915 1270 979 et
1298 901 1430 1007 ipsum
1468 900 1714 1008 Episcopum
1743 925 1794 980 ex
1821 900 1944 982 ultera
1958 934 2053 1016 super

287 1004 376 1089 hiis'
396 1006 486 1086 talis
515 1010 755 1124 compositio
781 1009 1019 1122 intervenit,
1054 1009 1166 1122 quod
1203 1011 1245 1090 in
1281 1001 1424 1092 eodem
1458 1028 1565 1092 statu
1593 1009 1813 1092 earundem
1842 1006 2054 1098 decimarum

288 1114 528 1209 distributio
557 1137 829 1228 permaneret,
858 1150 984 1233 quam
1010 1123 1226 1232 petivistis,
1264 1140 1387 1230 prout
1412 1121 1460 1204 'iu
1488 1121 1633 1203 litteris
1668 1121 1847 1207 eiusdem
1876 1122 2056 1237 Archiepiss
2135 1183 2137 1194 ,

290 1231 405 1339 scopi
432 1229 593 1340 plenius
621 1233 872 1329 continetur,
902 1234 1124 1342 apostolico
1138 1233 1357 1314 munimine
1372 1233 1568 1314 roborari.
1600 1235 1684 1314 Nos
1713 1261 1811 1342 ergo
1840 1238 1974 1316 vestris
1985 1269 2057 1347 pre

167 1339 171 1352 ’
231 1417 244 1434 ,
293 1341 408 1422 cibus
436 1342 620 1422 inclinati
649 1344 982 1453 compositionem
1011 1347 1157 1454 ipsam,
1187 1346 1289 1426 sicut
1317 1345 1403 1424 sine
1433 1351 1634 1453 pravitate
1670 1344 1842 1453 provide
1875 1345 1972 1427 facta
1998 1369 2057 1446 est,

289 1469 331 1533 et
353 1452 404 1532 ab
433 1468 607 1564 utraque
634 1471 748 1562 parte
777 1471 922 1563 sponte
951 1472 1134 1573 recepta,
1176 1483 1252 1536 nec
1294 1483 1380 1534 non
1407 1456 1602 1536 hactenus
1644 1455 1808 1564 pacifice
1853 1457 2059 1556 observata,

289 1565 529 1645 auctoritate
559 1566 780 1674 apostolica
808 1565 1109 1664 confirmamus,
1138 1585 1177 1648 et
1205 1568 1403 1676 presentis
1431 1565 1572 1676 scripti
1606 1559 1836 1674 patrocinio
1865 1574 2060 1651 communi·

288 1678 432 1792 nimus.
462 1673 576 1756 Nulli
605 1673 702 1788 ergo
731 1682 805 1758 &c
842 1673 944 1758 b'anc
980 1681 1191 1788 paginam
1218 1695 1354 1788 nostre
1398 1679 1729 1758 confirmationis·
1749 1677 1984 1790 infringere.
2009 1683 2061 1766 ,Si
2132 1696 2135 1702 “

287 1788 382 1980 quis
409 1802 544 1868 autern
579 1791 654 1869 &c
690 1789 782 1868 Dat.
834 1787 987 1871 Perusii
1030 1791 1121 1871 XII.
1149 1787 1341 1870 Kalend.'
1367 1789 1484 1870 Febr.
1515 1789 1779 1871 Pontificatus
1808 1793 1937 1873 nostri
1964 1795 2062 1872 Anno

329 1899 443 1982 ertio.
925 1949 932 1955 -
1357 1929 1359 1934 ·
1687 1893 1694 1915 ¹

296 2296 369 2400 25
382 2333 408 2438 7
935 2297 1086 2402 1230
1132 2295 1179 2401 d.
1229 2227 1456 2400 ellan.
1858 2299 2066 2440 Perugia.
2143 2365 2145 2412 2

290 2475 316 2598 Ι,
339 2474 341 2482 Ι
372 2517 464 2584 Ptfv.
488 2519 669 2582 Gasoomus
690 2519 761 2582 lX:s
780 2518 968 2590 belrtltelse
989 2520 1029 2602 pt
1051 2520 1154 2602 gemla
1176 2517 1354 2582 Gotblsnds
1375 2517 1443 2580 stad
1465 2540 1504 2580 an
1532 2527 1579 2579 att
1599 2517 1832 2600 Presterslspet
1854 2516 2068 2580 bordeerbllla
2141 2483 2145 2488 ἡ

327 2651 330 2660 x
422 2597 529 2666 tionde
549 2601 581 2663 sd
606 2601 655 2662 val
677 2602 715 2663 al
729 2601 774 2664 ho·
793 2623 859 2664 som
879 2601 1075 2685 sadesgrt'ida,
1097 2603 1147 2664 till
1170 2603 1267 2663 brars
1289 2538 1479 2662 ffirraraude
1503 2599 1618 2682 uddiga
1638 2600 1697 2662 bus
1718 2601 1819 2662 slulle
1831 2599 2069 2662 afsoclueboar·

290 2695 294 2702 ’
423 2705 462 2746 ne
482 2683 602 2767 byggas
622 2683 681 2746 och
702 2683 914 2760 underhdllas
935 2685 1091 2746 tineosum
1114 2695 1160 2745 att
1181 2687 1192 2744 i
1213 2693 1414 2746 testamenten
1435 2685 1487 2746 till
1509 2685 1642 2745 fromma
1658 2681 1952 2746 stistelserblotten‘
1967 2681 2071 2743 tiondc·

189 2792 194 2804 ·
314 2765 316 2770 ’
425 2766 478 2830 del
498 2765 602 2830 kunde
623 2768 725 2849 gilvus
745 2767 784 2829 af
800 2766 958 2849 fastigbet,
979 2788 1049 2832 men
1071 2767 1145 2831 hela
1165 2767 1313 2850 beloppet
1336 2767 1373 2827 af
1390 2765 1549 2830 liirstrlda
1573 2767 1703 2829 liiso‘ren.

1495 2847 1526 2902 s.
1546 2865 1572 2900 t:
1594 2849 1649 2916 uu
1685 2847 1739 2902 aa.
1761 2846 1785 2900 a.
1803 2843 1857 2916 ap.
1882 2805 1939 2903 ios.
1983 2876 1997 2884 -

456 2985 678 3094 Gregorius
704 2985 924 3100 Episcopus
950 2985 1106 3068 Serenus
1133 2982 1355 3066 Servorum
1383 2985 1471 3066 Dei.
1504 2988 1708 3064 'Vniverse
1744 2983 1859 3064 Clero
1891 2983 2073 3065 Gutlrleu

474 3098 573 3194 'olle
605 3097 788 3180 Salutem
815 3104 888 3180 &e

455 3239 504 3322 In
532 3240 675 3322 litteris
715 3240 970 3322 Venerabilis
1010 3239 1161 3319 Fratris
1203 3239 1409 3318 nostri..
1441 3297 1450 3316 .
1480 3235 1716 3320 Mutinensis
1759 3239 1956 3347 Episcopi
1990 3255 2073 3317 tune
2144 3293 2145 3300 a

290 3381 314 3434 a
345 3348 511 3434 ostolice
539 3351 653 3433 Sedis
683 3353 825 3463 Legati
854 3351 1133 3462 perspeximus
1162 3351 1381 3447 contineri,
1423 3349 1646 3430 innotuisse
1681 3351 1758 3430 sibi
1781 3375 1830 3429 ex
1860 3351 2074 3431 litterarum

289 3381 545 3546 tlinerabilis
572 3463 706 3543 fratris
735 3464 863 3543 nostri
900 3461 1061 3544 Andree
1103 3459 1330 3542 Lundensis
1372 3459 1680 3569 Archiepiscopi
1723 3460 1857 3540 Svesie
1904 3458 2075 3541 Primatis

289 3594 389 3668 trane
416 3575 649 3684 Apostolice
692 3572 807 3654 Sedis
848 3575 988 3682 Legati
1031 3589 1189 3668 tenore,
1231 3572 1477 3680 presbiteros
1522 3572 1791 3652 Ecclesiarum
1834 3567 2078 3652 Guthlandie

290 3705 460 3800 propter
489 3684 744 3767 sterelitatem
773 3701 816 3767 ,et
844 3685 1070 3793 angustiam
1098 3700 1206 3764 terre
1236 3681 1287 3763 de
1315 3683 1565 3764 institutione
1595 3684 1875 3792 antiquatam
1906 3711 1959 3764 cx
1974 3681 2073 3773 feno,

288 3827 411 3911 quam
440 3825 492 3877 ex
520 3823 679 3876 annona
709 3795 903 3876 decimam
932 3795 1179 3902 percepisse,
1208 3809 1248 3872 et
1274 3793 1523 3900 singularum
1554 3795 1818 3874 Ecclesiarum
1847 3792 2079 3874 Parroch‘ia·

289 3913 365 4006 nos
392 3908 629 3992 Presbiteris
657 3908 825 4015 singulis
854 3933 905 3986 ex
934 3903 1074 3984 eadem
1102 3905 1357 3984 institutione
1385 3904 1429 3982 in
1458 3901 1594 3983 fundis
1624 3904 1898 3985 Ecclesiarum
1945 3904 2075 3985 domos

290 4019 438 4103 debere
471 4035 707 4101 construere
737 4017 994 4112 necessarias,
1024 4033 1065 4096 et
1094 4032 1343 4097 constructas
1373 4043 1463 4095 cum
1495 4014 1670 4124 collapsa
1687 4015 1852 4113 fuerint,
1883 4017 2079 4106 resarcire,

61 4113 68 4157 ⁵
112 4153 113 4157 ’
160 4208 161 4211 ,
290 4159 338 4213 ac
367 4132 489 4212 fuisse
518 4129 801 4220 nichilominus
829 4130 1059 4209 institutum
1088 4156 1139 4207 ne
1168 4128 1358 4236 cuiquam
1386 4143 1555 4235 propter
1571 4129 1794 4234 angustiam
1810 4145 1923 4210 terre
1956 4129 2082 4208 liceret

289 4245 341 4328 dc
370 4241 522 4353 prediis
550 4241 733 4351 capitalis
762 4241 960 4351 portionis
988 4267 1058 4319 sue
1087 4237 1273 4318 Ecclesiis
1302 4237 1409 4318 ultra
1425 4236 1619 4317 decimam
1641 4257 1794 4347 partem
1825 4239 1867 4319 in
1900 4241 2081 4320 extremis

288 4354 537 4466 relinquere,
578 4382 624 4437 ac
648 4349 907 4462 postmodum
935 4347 987 4446 ad
1030 4349 1299 4457 supplendam
1327 4353 1565 4429 tenuitatem
1593 4349 1824 4456 hujusmodi
1853 4347 2084 4430 donationis

290 4468 436 4563 iterum
463 4467 693 4549 institutum
723 4462 863 4560 fuisse,
894 4481 940 4544 ut
968 4461 1139 4572 quilibet
1168 4461 1321 4568 positus
1349 4460 1393 4538 in
1421 4461 1609 4540 extremis
1637 4462 1746 4544 bona
1763 4460 1936 4542 mobilia
1954 4461 2082 4540 labore

291 4578 462 4686 proprio
490 4578 686 4689 acquisita
701 4565 890 4657 'totalitei
918 4573 1103 4654 Ecclesiis
1132 4599 1249 4680 posse
1277 4570 1528 4679 relinquere,
1567 4571 1632 4651 vel
1663 4572 1918 4682 pauperibus
1956 4569 2084 4654 conse·

261 4685 436 4780 'renda‚
464 4689 569 4770 idem
598 4687 945 4796 Arcbiepiscopus
964 4685 1144 4766 districte
1173 4680 1365 4777 inhibuit,
1391 4709 1443 4761 ne
1472 4682 1564 4791 qqis
1592 4711 1637 4762 ea
1668 4712 1748 4793 que
1776 4712 1906 4792 super
1937 4685 2016 4765 hiis
2042 4677 2084 4759 ab
2144 4679 2145 4684 ‘

293 4797 469 4908 antiquis
496 4797 656 4880 fuerant
697 4797 886 4882 decenter
914 4813 955 4876 et
983 4795 1137 4876 utiliter
1179 4791 1382 4888 ordinata,
1426 4809 1545 4874 etex
1575 4792 1846 4877 diuturnitate
1893 4791 2084 4903 temporis

291 4908 472 5018 'vigorem
501 4909 762 4992 obtinuerant
791 4907 1089 5004 constitutionis
1118 4905 1312 5016 legitime,
1341 4922 1589 5014 presumeret
1605 4922 1754 4999 temere
1767 4905 1982 4988 reiiocare.
2013 4903 2086 4984 Nos

292 5021 416 5129 igitur
443 5019 586 5100 vestris
615 5023 803 5127 precibus
833 5015 1013 5112 inclinati
1056 5017 1168 5128 quod
1203 5017 1255 5097 ab
1299 5017 1447 5100 eodem·
1483 5018 1799 5128 Archiepiscopo
1843 5047 1976 5127 super
2019 5013 2086 5094 hiis'
