4368 5950
970 463 1025 504 ..·.
1137 442 1221 526 250
1332 485 1387 504 ...

180 816 183 820 7
258 602 412 814 9ΔΔ.
522 607 523 610 ¹
601 639 606 646 .
697 693 699 698 ’
872 633 1455 786 9998991119.
1836 675 2043 828 Perugiass

353 839 449 971 Pele.
470 899 656 966 1199999999
674 897 750 962 tite
769 896 848 961 Bref
864 894 914 959 till
927 893 1071 980 ‘Kouung
1089 894 1171 960 Erue
1191 895 1342 984 Eurusecr
1361 897 1433 960 med
1455 897 1592 980 begu-sn
1612 895 1668 960 det
1687 893 1861 978 Kouuugen
1870 896 2045 976 991119199-

406 986 517 1070 ligbet
530 982 604 1058 med
626 982 666 1046 de
688 981 812 1064 11599199-
825 981 966 1046 Piscem.
980 980 1164 1047 utskirkadc
1184 983 1332 1065 Magium
1354 981 1451 1046 Soron
1463 978 1875 1066 919199991911999991199,
1895 979 2043 1056 19918Ρᾶ1-

402 1072 468 1162 liga
491 1070 606 1141 Stcleu
621 1075 705 1132 emot
724 1064 836 1149 Kejser
850 1063 1006 1161 ’89999999
1026 1065 1166 1152 1999999.

1780 1175 1817 1234 K.
1832 1191 1859 1232 c.
1877 1177 1932 1250 ¹7⁵·

712 1313 943 1423 Gregorius
969 1314 1114 1399 Nonas
1141 1263 1309 1397 Illvstri
1339 1315 1448 1422 Regi
1473 1311 1639 1398 Svettaes
1698 1343 1702 1359 ·

224 1526 227 1538 .
355 1481 357 1486 ·
434 1458 537 1568 Regi
565 1457 624 1537 Re
653 1483 723 1536 um
750 1455 879 1566 Reges
907 1471 1024 1536 terrae
1052 1456 1321 1564 gratissimum
1348 1452 1544 1538 exhibent
1576 1453 1829 1552 famulatum,
1858 1453 1929 1564 qui
1955 1481 2050 1537 com·

160 1565 163 1572 ’
267 1561 481 1684 patiuntur
497 1645 502 1676 ἶ
516 1573 557 1649 89
584 1484 726 1651 dolent
756 1557 848 1676 cum
877 1568 1197 1675 persecutionem
1225 1568 1381 1677 patitur
1422 1592 1572 1675 sponsa
1613 1565 1783 1666 Christi,
1811 1569 1852 1646 &
1879 1549 2047 1674 tempore

268 1681 562 1794 persecutionis
591 1676 801 1787 euidenter
829 1675 1068 1774 ostendunt,
1096 1675 1210 1789 quod
1237 1677 1376 1759 nullus
1406 1679 1511 1776 Deo,
1545 1676 1617 1759 sed
1647 1679 1756 1759 Deus
1783 1693 1844 1757 est
1874 1675 2048 1784 omnibus

271 1781 562 1906 praeferendus,
591 1791 696 1898 Sane
723 1780 757 1870 si
786 1785 920 1888 dictus
955 1789 1176 1898 imperator
1217 1789 1305 1871 Deo
1351 1793 1391 1868 &
1430 1786 1662 1869 hominibus
1709 1789 1835 1898 gratis
1878 1789 2048 1897 ingratus

271 1890 515 2095 dpostolicae
550 1900 636 1983 sedi
676 1899 828 1986 malum
849 1941 851 1946 ·
872 1927 950 2008 pro
993 1899 1125 1997 bono,
1176 1926 1255 2008 pro
1297 1900 1454 1980 honore
1496 1901 1699 1996 iniuriam,
1740 1927 1788 1980 ac
1816 1895 1957 1980 odium
1982 1923 2049 2006 pro

121 2043 127 2054 ’
268 2016 313 2097 di
329 2013 484 2096 ectione
520 2012 667 2121 vinique
708 2009 955 2107 retribuens,
974 2033 1073 2089 ’999
1106 2027 1321 2090 contentus
1356 2008 1468 2118 quod
1502 2011 1712 2119 negotium
1739 2008 1879 2090 Terrae
1908 2009 2052 2090 Sanctae

140 2159 145 2164 ·
269 2124 448 2207 studiosa
475 2123 723 2309 malignitate
751 2121 967 2228 peruertit,
996 2146 1106 2200 nunc
1133 2119 1337 2204 inhianter
1366 2121 1518 2230 aspirat
1547 2118 1600 2200 ad
1629 2119 1951 2202 conculcandum
1977 2121 2054 2199 vni·

144 2245 151 2258 ‘
270 2234 467 2318 uersalem
494 2236 573 2314 Ecc
591 2233 713 2312 esiam
741 2228 870 2310 modis
899 2229 1085 2311 omuibus
1113 2230 1262 2339 quibus
1290 2247 1442 2338 potest,
1471 2235 1512 2310 &
1546 2229 1773 2312 libertatem
1815 2229 2055 2311 Ecclesiasti-

80 4219 596 4338 Ιι-Μωωω

271 2373 358 2428 cam
386 2340 717 2433 subuertendam,
746 2355 879 2419 totum
907 2339 986 2420 sibi
1013 2341 1130 2450 quasi
1157 2356 1350 2447 reputans
1393 2339 1597 2448 deperire,
1626 2337 1823 2450 quicquid
1866 2339 2055 2421 libertatis

272 2454 339 2536 vel
368 2454 533 2535 honoris
559 2453 719 2533 obtinet
748 2475 897 2558 sponsa
923 2450 1095 2550 Christi;
1125 2456 1165 2530 &
1194 2453 1381 2560 nequiter
1409 2452 1610 2558 cogitans,
1639 2451 1814 2560 quodsi
1844 2453 2057 2532 Romanam

270 2560 490 2647 Ecclesiam
511 2581 646 2671 posset
674 2561 923 2670 opprimere,
953 2561 1082 2668 Reges
1111 2559 1210 2640 alios
1239 2561 1445 2668 &Regna
1488 2562 1540 2642 sit
1568 2563 1606 2641 ei
1632 2559 1867 2643 facillimum
1911 2587 2057 2670 expug

156 2687 165 2696 “
270 2703 380 2768 nare,
435 2674 633 2756 Processit
662 2671 716 2753 ad
743 2669 1033 2774 Patrimonium
1060 2668 1173 2762 Beati
1201 2671 1311 2753 Petri
1339 2669 1540 2751 hostiliter
1561 2673 1863 2781 occupandum,
1889 2673 1962 2753 vbi
1994 2697 2059 2779 per

271 2777 529 2893 1199991199
551 2797 704 2872 natum.
723 2779 939 2893 quondam.
981 2777 1105 2862 Ducis
1133 2781 1342 2891 Spoletani
1384 2807 1503 2862 suum
1544 2781 1740 2868 vicarium
1768 2788 1809 2864 &
1836 2784 2061 2872 ministrum

302 2894 466 2978 uaedam
492 2895 640 2975 'Ferres
667 2892 912 3003 ,spostolicae
938 2889 1060 2990 sedis,
1096 2894 1298 3002 corruptis
1328 2918 1465 2971 earum
1479 2892 1791 2992 habitatoribus,
1821 2893 1928 2974 fecit
1954 2895 2060 2972 inua-

270 2925 335 3104 di,
363 3006 613 3115 presbyteris
642 3008 683 3083 &
710 3002 800 3110 alijs
828 3002 993 3084 Clericis
1021 3031 1044 3082 a
1072 3003 1299 3084 Sarracenis
1327 3000 1448 3109 impie
1478 3003 1680 3084 mutilatis.
1724 3003 1843 3085 Vnde
1888 3031 1967 3085 nos
2010 3001 2063 3084 vi·

231 3125 234 3129 ’
271 3117 414 3199 dentes
443 3121 484 3195 Sc
511 3114 710 3212 dolentes,
740 3110 852 3224 quod
881 3113 1007 3220 ipsius
1033 3113 1225 3196 Friderici
1254 3114 1393 3222 iniqua
1427 3112 1618 3221 superbia
1649 3141 1806 3222 scmper
1847 3113 2063 3195 ascendens

270 3253 358 3307 999
390 3227 559 3326 sistitur,
589 3225 719 3308 donec
748 3251 837 3304 eam
865 3223 1021 3304 lustitia
1049 3226 1312 3331 superueniat
1340 3229 1380 3303 &
1398 3225 1647 3321 ‘conuincam
1662 3223 1770 3304 illius
1783 3225 1952 3305 malitiae
1980 3251 2065 3305 cum

272 3335 424 3420 auritio
439 3335 595 3419 diuino
624 3332 879 3445 procidimus
906 3334 1149 3442 Apostolicae
1176 3333 1281 3416 sedis
1307 3333 1514 3416 dexteram
1543 3333 1829 3442 opponendam
1857 3336 1998 3418 tribus
2017 3331 2066 3415 ad

272 3447 354 3529 ho'c
382 3449 625 3528 exercitibus
653 3444 916 3552 congregatis.
972 3444 1124 3527 Verum
1157 3447 1254 3556 quia
1282 3444 1366 3526 haec
1397 3471 1486 3526 999
1528 3460 1699 3552 possunt
1740 3447 1827 3528 sine
1870 3444 2065 3554 grauibus

274 3556 506 3664 uimptibus
531 3556 638 3652 fieri,
666 3552 718 3635 ad
740 3557 848 3664 'quas
876 3553 1240 3663 Apostolicaesedis
1252 3584 1511 3667 nequaquam
1525 3554 1738 3638 sufficiunt
1747 3553 1979 3654 facultates,
1993 3571 2068 3636 tuae

177 3727 181 3734 -
276 3668 558 3776 subceptionis
587 3663 799 3762 auxilium,
816 3667 821 3678 '
836 3682 1030 3775 tanquam
1058 3670 1242 3777 specialis
1283 3668 1470 3749 Ecclesiae
1511 3667 1703 3747 Romanae
1731 3667 1822 3774 filij,
1850 3695 1984 3776 super
2010 3667 2066 3748 his

193 3775 198 3825 4
275 3779 467 3883 dommus
494 3775 735 3859 fiducialiter
762 3774 1083 3884 requirendum,
1102 3780 1365 3858 serenitatem
1393 3779 1560 3886 Regiam
1588 3775 1811 3859 affectuose
1854 3793 2069 3884 rogantes,

276 3889 324 3973 89
347 3907 564 3973 monentes.
583 3901 754 3985 attente3
783 3903 985 4076 ‹guatenus
1013 3913 1060 3965 ca
1087 3916 1178 3997 quae
1205 3916 1327 3997 super
1355 3885 1417 3966 his
1450 3887 1621 3969 dilectus
1648 3887 1766 3970 filius·
1780 3887 1983 3997 Magister
2011 3887 2067 3972 Si·

276 4029 374 4084 men
398 4000 588 4108 Scriptor
615 4013 766 4092 noster,
823 3996 987 4077 ccuius
1015 3997 1275 4104 prouidentia
1302 4003 1344 4078 &
1370 3998 1599 4081 sinceritate
1624 3997 1720 4080 fidei
1747 3999 1867 4108 plene
1898 3997 2070 4082 confidi·

132 4201 138 4210 ,
276 4139 385 4208 mus,
415 4111 492 4192 tibi
519 4139 572 4192 en
629 4124 716 4189 arte
744 4124 882 4188 nostra
911 4124 1135 4214 proponet,
1181 4108 1348 4191 credens
1381 4109 1576 4218 tianqrmm
1603 4108 1656 4189 ab
1685 4137 1755 4190 ore
1798 4126 1949 4192 nostro
1978 4135 2072 4221 pre·

597 4138 688 4301 dem
716 4217 877 4299 studeas
905 4215 1136 4326 adimplere,
1165 4219 1277 4329 quod
1306 4247 1357 4300 ex
1383 4219 1461 4298 hoc
1490 4218 1565 4298 tibi
1580 4221 1722 4302 merito
1741 4218 1892 4302 reddas
1924 4223 2072 4304 Roma·

277 4357 372 4410 nam
399 4330 618 4415 Ecclesiam
644 4329 881 4436 obligatam,
910 4333 950 4408 &
976 4356 1053 4410 nos
1081 4346 1192 4439 grata
1220 4330 1296 4410 tibi
1325 4327 1543 4412 debeamus
1585 4331 1857 4413 vicissitudine
1899 4359 2075 4444 respon·

281 4437 388 4522 dere.
445 4443 592 4528 Datum
621 4439 775 4548 Perusij
802 4439 894 4522 XII.
923 4437 1088 4523 Galend.
1117 4443 1231 4523 lanu.
1259 4439 1518 4523 pontificatus
1545 4443 1673 4522 nostri
1701 4470 1808 4526 9999
1837 4443 1890 4523 ll.
