4404 5960
429 391 477 486 .ίὶ

815 517 873 538 ..
981 426 1231 598 4454

130 689 1238 912 tttltllt?tllltltt‘tdltmhttttwgtlt
1257 689 1707 912 lttttdtlttgtt
1723 687 1921 886 iiiiii?

128 933 253 998 strom
282 919 434 998 wiliom
464 917 533 1014 wir
549 914 706 996 behalla
736 915 752 1022 j
767 917 875 1010 wara
891 913 970 993 liffs
985 913 1116 1020 daghe
1131 916 1219 996 Tha
1235 917 1322 996 thet
1336 943 1391 994 aer
1406 915 1514 993 aentb
1529 914 1600 995 tha
1612 915 1728 996 skula
1742 915 1811 996 the
1825 916 1917 997 ther

130 1030 174 1108 til
206 1059 292 1110 som
321 1029 410 1124 salat
438 1056 491 1108 aer
520 1027 614 1131 Thy
643 1026 849 1106 beswaeria
879 1053 947 1132 wy
976 1025 1051 1104 alla
1075 1055 1159 1106 swa
1189 1026 1285 1136 wael
1307 1023 1627 1133 epthekomande
1641 1055 1727 1133 som
1749 1055 1918 1108 naerwa·

131 1141 256 1223 rande
285 1137 444 1220 widhar
473 1139 604 1219 theres
634 1138 738 1217 siaela
765 1135 911 1217 wadha
941 1137 1011 1215 ath
1038 1137 1196 1245 engheu
1229 1136 1293 1216 aff
1317 1138 1427 1218 them
1456 1135 1651 1245 dyrllwes
1680 1155 1722 1216 at
1749 1138 1915 1246 gaaher
1984 1191 1986 1198 J

130 1253 144 1359 j
175 1253 287 1332 moth
317 1253 468 1331 thanna
497 1277 589 1328 wau
617 1248 768 1356 stadga‚
798 1251 908 1328 maest
939 1246 1051 1353 forty
1079 1264 1122 1328 at
1152 1278 1217 1356 wy
1245 1246 1427 1328 haffuom
1467 1249 1615 1328 hanom
1659 1250 1767 1356 giort
1795 1249 1917 1331 medh

129 1362 485 1472 tverdugeberres.
500 1359 538 1440 b.
570 1355 731 1439 lordom
760 1359 951 1466 hertuges
985 1357 1098 1456 radh,
1128 1361 1183 1440 ok
1210 1358 1424 1468 weldughe
1454 1361 1693 1469 Kwnunges
1737 1359 1915 1441 Swethie

129 1475 267 1555 herras
297 1476 354 1554 W
384 1470 469 1552 loff.
499 1499 547 1550 oc
576 1469 804 1577 sanrtykkio
833 1469 980 1550 eisther
1008 1471 1082 1576 thy
1110 1497 1196 1552 som
1232 1472 1333 1552 hans
1360 1469 1490 1550 breif
1527 1473 1703 1552 w'ithnar
1745 1469 1918 1554 wndher

54 1645 58 1654 ι
129 1588 229 1666 bans
258 1581 406 1692 jncigle
438 1582 507 1690 Ey'
526 1596 567 1659 at
596 1597 733 1662 enaste
761 1597 841 1662 tess
876 1579 1116 1686 konungens
1150 1583 1291 1662 wthan
1334 1570 1474 1662 ent'vael
1518 1580 1654 1662 herres
1697 1582 1737 1662 M
1779 1583 1919 1665 hertui·
2009 1599 2014 1608 '

130 1725 228 1804 gens
257 1695 311 1775 ok
345 1693 472 1774 andra
500 1689 615 1772 fleres
644 1694 833 1800 rykesens
862 1691 1061 1788 friborna
1090 1722 1181 1774 men
1215 1688 1376 1774 Giffuet
1418 1691 1473 1772 ok
1514 1693 1696 1773 scriffuet
1724 1721 1776 1801 pa
1803 1698 1917 1774 Arno'

129 1815 253 1888 Arom
281 1803 430 1904 effther
459 1802 565 1911 gudz
595 1802 729 1910 byrdh
757 1803 943 1884 twsanda
974 1802 1262 1885 tubundradlra
1291 1806 1419 1886 sextio
1447 1833 1499 1913 pa
1527 1805 1615 1887 thet
1643 1801 1811 1885 attonde
1833 1806 1918 1884 An·

129 1946 211 1998 nan
240 1916 347 2024 dagh
375 1914 559 2023 paascha.

776 2054 864 2137 Sigill
885 2054 946 2117 och
967 2053 1148 2118 vidimation
1168 2056 1287 2132 salnes.

101 2289 267 2396 ·532.
349 2429 355 2436 Ι
765 2288 914 2395 1268
961 2287 1128 2417 d.,12
1178 2289 1304 2436 Apr.
1658 2285 1923 2436 Hessleby.

213 2498 362 2574 lactares
384 2512 546 2575 Earcssors
568 2512 762 2573 Testamente
784 2510 821 2570 af
837 2510 898 2572 den
918 2529 977 2572 ena
998 2508 1114 2590 garder
1136 2511 1146 2570 i
1167 2510 1314 2593 Tokcryd
1346 2508 1394 2570 till
1422 2509 1543 2592 Nydala
1574 2511 1699 2589 kloster,
1720 2510 1782 2573 och
1803 2509 1923 2572 l'o'sb're-

263 2593 337 2656 boet
357 2597 376 2656 a
397 2597 457 2657 den
478 2594 576 2657 andra
596 2595 645 2657 till
667 2595 831 2656 Presterna
851 2591 913 2655 och
933 2593 1092 2676 lyrlorna
1114 2596 1124 2653 i
1147 2593 1293 2673 Westbo,
1314 2591 1376 2654 och
1397 2592 1546 2674 ttskttttgt
1556 2595 1605 2656 till
1616 2592 1714 2655 andra
1724 2594 1843 2676 kyrkor
1860 2591 1922 2654 och

264 2676 407 2760 andeliga
428 2680 628 2760 inra'ttningar
649 2698 690 2737 m.
711 2698 753 2740 m.
1402 2704 1408 2714 ·
1560 2758 1596 2813 A·
1614 2757 1638 2812 3·
1655 2776 1681 2814 x·
1707 2773 1730 2812 ῃ
1747 2756 1789 2827 45.
1869 2789 1871 2799 ¹

295 2845 348 2975 ln
374 2883 537 2976 nomine
568 2896 695 3004 patris
724 2897 764 2974 St
792 2893 864 2974 filii
894 2893 1124 3001 &spiritus
1154 2894 1282 2972 sancti
1310 2919 1434 2974 amen.
1466 2895 1553 3002 Ego
1580 2892 1777 3002 johannes
1812 2893 1922 2974 Erici

2 3019 5 3030 '
131 3006 338 3117 quondam
366 3007 472 3116 lilius
501 3009 543 3086 in
575 3007 782 3116 presencia
810 3005 1049 3085 venerabilis
1078 3004 1213 3112 patris.
1244 3005 1292 3084 H.
1326 3005 1399 3083 Dei
1435 3007 1569 3113 gracia
1599 3005 1840 3114 lincopensis
1868 3003 1923 3082 Ε-

130 3119 287 3228 piscopi
317 3117 450 3199 condo
478 3134 758 3198 testamentum
786 3145 918 3196 meum
948 3114 1060 3224 quod
1090 3117 1208 3194 etiam
1239 3113 1288 3193 de
1319 3117 1524 3222 presencia
1540 3114 1714 3194 fratrum
1742 3120 1781 3195 &
1808 3141 1922 3192 soro·
2059 3147 2061 3159 ·

129 3258 220 3308 rum
250 3255 429 3308 mearum
458 3226 624 3310 condidi
654 3230 697 3308 in
724 3229 834 3308 bunc
874 3225 1049 3306 modum.
1100 3227 1261 3304 alteram
1307 3229 1457 3306 curiam
1501 3229 1543 3306 in
1572 3227 1774 3306 tolcaeruth
1802 3253 1924 3334 quam

130 3339 346 3419 maluerint
375 3340 559 3420 monachi
589 3337 694 3420 iacta
729 3339 862 3448 equali
891 3339 1094 3416 curiarum
1124 3335 1322 3416 diuisione
1352 3366 1442 3416 cum
1493 3338 1678 3417 omnibus
1707 3335 1926 3417 mobilibus

130 3458 172 3532 &
200 3449 472 3532 immobilibus
500 3451 582 3529 suis
611 3448 665 3531 do
694 3449 868 3529 claustro
897 3447 1131 3528 nouevallis.
1161 3446 1244 3525 Vbi
1274 3449 1393 3526 etiam
1423 3445 1528 3558 eligo
1558 3448 1819 3557 sepulturam.
1850 3448 1925 3524 Ce-

128 3579 217 3642 tera
245 3578 378 3641 autem
407 3561 571 3642 mobilia
602 3558 768 3640 alterius
796 3561 906 3639 curie
935 3559 1030 3640 volo
1059 3556 1291 3667 quodinter
1314 3558 1539 3639 sacerdotes
1556 3567 1594 3639 &
1610 3560 1805 3641 Ecclesias
1828 3585 1922 3666 pro-

130 3673 265 3753 uincie
298 3672 348 3754 de
377 3671 562 3753 Waestbo
591 3671 787 3781 equaliter
816 3667 1064 3772 diuidanmr.
1098 3667 1271 3748 Ecclesia
1300 3668 1487 3750 sandwik'
1516 3669 1568 3750 ad
1597 3699 1773 3751 mensam
1794 3697 1923 3751 sacer·

130 3782 238 3864 dotis
267 3782 321 3864 do
350 3783 572 3862 incolatum
601 3811 738 3862 unum.
769 3780 904 3872 lando.
942 3781 1000 3860 De
1015 3775 1242 3860 ¹mobilibus
1257 3810 1336 3888 que
1351 3799 1446 3861 sunt
1463 3784 1505 3862 in
1521 3785 1736 3863 Wraxnes.
1755 3781 1808 3863 do
1823 3782 1925 3860 duas

129 3893 315 3990 Marchas
344 3892 397 3973 ad
425 3893 624 3975 edificium
652 3893 813 3974 ecclesie
842 3893 884 3970 in
914 3891 1249 3999 jaeluntomptom.
1278 3897 1317 3971 8<
1346 3911 1524 4001 quatuor
1566 3895 1719 3973 blarcas
1760 3891 1923 3974 ecclesie

131 4005 184 4086 de
212 4003 391 4084 bethum.
421 4006 563 4086 Cetera
592 4022 727 4106 autem
757 4003 931 4082 mobilia.
963 4003 1013 4084 de
1041 4031 1237 4082 wraxnaes
1267 4032 1356 4108 cum
1374 4003 1564 4112 predictis
1581 3999 1799 4083 mobilibus
1814 4001 1924 4081 curie

131 4113 338 4212 toltaerirtlr
366 4116 470 4196 sieut
500 4113 724 4224 predictum
755 4131 814 4194 est
844 4117 950 4193 inter
979 4111 1203 4194 sacerdotes
1233 4119 1272 4191 &
1301 4117 1484 4194 ecclesias
1507 4113 1685 4195 eiusdem
1713 4114 1925 4222 prouincia

131 4224 404 4305 diuiduntur·
434 4226 631 4334 Hospitali
661 4225 710 4305 de
739 4225 958 4332 Skeningia
989 4223 1041 4305 do
1071 4242 1153 4304 tres
1180 4224 1361 4304 Marchas
1391 4226 1455 4305 uel
1491 4253 1639 4334 equum
1684 4223 1923 4334 equevalem

129 4354 220 4418 tem.
250 4335 439 4444 hospitali
470 4336 520 4417 de
549 4336 714 4429 {olandia
749 4335 803 4415 do
832 4335 931 4416 duas
960 4336 1112 4414 Marcas
1142 4335 1206 4414 uel
1239 4363 1386 4442 equum
1404 4335 1718 4444 equevalentem.
1748 4336 1961 4417 Ecclesie‘

130 4445 183 4527 de
219 4446 425 4528 wiuilstad
454 4445 509 4529 do
533 4445 711 4527 solidum
740 4465 847 4528 terre
875 4446 924 4527 de
955 4443 1144 4554 faldonge
1173 4474 1195 4524 a
1226 4443 1418 4525 iratribus
1448 4448 1545 4526 meis
1567 4447 1671 4526 infra
1700 4449 1925 4525 annum're·

128 4555 377 4637 dimendum.
409 4557 624 4640 Haermodo
655 4585 776 4670 quem
805 4573 922 4667 pater
951 4584 1061 4660 meus
1091 4554 1203 4636 dedit
1232 4554 1409 4637 libertati
1438 4556 1492 4660 do
1522 4555 1692 4637 fundum
1709 4560 1924 4637 euriacum

129 4666 318 4749 domibus
353 4667 395 4748 in
431 4665 634 4778 laldunge.
676 4699 768 4750 cum
799 4668 956 4777 pascuis
985 4693 1284 4776 pecorumque
1314 4665 1922 4775 dicunturwlgariterfaugoc
1965 4725 1976 4746 .

128 4779 323 4888 fiargaug.
358 4779 434 4862 sibi
461 4786 502 4866 ,St
529 4779 747 4861 heredibus
776 4781 857 4858 suis
886 4781 926 4858 in
962 4795 1202 4886 perpetuum
1228 4777 1526 4885 possidendum.
1557 4784 1704 4859 Actum
1733 4775 1921 4877 Haeslebir

128 4893 250 4972 Anno
279 4889 443 4974 domini.
473 4890 854 4972 Maccztxvttr.
884 4889 1025 4999 quinta
1055 4885 1154 4967 seria
1183 4887 1341 4996 pasche.
1707 4900 1710 4910 '

874 5027 995 5112 sigillet
1015 5027 1185 5092 boasattet
