4398 5958
1000 323 1505 510 ι-·-504--.

317 641 468 722 teriam.
498 639 588 740 Que
617 647 704 714 tum
732 647 901 743 propter
929 635 1121 741 temporis
1149 633 1458 715 diuturnitatem
1493 617 1580 713 tum
1623 631 1795 714 humane
1826 636 1991 714 memorie
2013 637 2056 717 la·

319 749 513 832 bilitatem
563 760 698 855 posset
739 747 781 824 in
824 761 1028 853 posterum
1070 731 1259 826 suboriri,
1287 743 1541 852 presentibus
1583 744 1759 851 sigillum
1798 761 1966 825 nostrum
1998 777 2057 826 ma

253 899 265 908 r
319 886 409 938 cum
448 856 587 964 sigillis
624 855 915 936 venerabilium
957 871 1119 963 patrum
1148 863 1187 935 Se
1216 856 1492 934 Dominorum.
1523 856 1565 934 F.
1596 854 1824 962 upsalensis.
1854 855 1919 936 He.
1945 856 2058 935 Lineo·

317 968 461 1076 pensis.
492 969 535 1046 Ε.
565 969 779 1047 Scarensis.
807 972 852 1046 A.
882 966 1213 1074 Strengianensis.
1241 967 1293 1044 K.
1322 967 1554 1045 Arbsiensis.
1585 967 1631 1044 A.
1663 965 1931 1045 Vexionensis.
1945 965 2059 1050 suflra-

317 1104 536 1185 ganeorum
564 1075 748 1156 eiusdem¹
770 1075 955 1156 duximus
997 1074 1322 1184 appendendum.
1380 1081 1526 1155 Actum
1555 1075 1599 1182 jn
1628 1075 1775 1182 Daphso
1803 1103 1907 1155 anno
1934 1076 2060 1182 Dominj

319 1190 527 1271 millesimo
556 1187 840 1268 ducentesimo.
869 1187 1173 1293 septuagesimo.
1203 1188 1360 1297 quinto.
1391 1185 1434 1293 jn
1465 1186 1599 1292 vigilia
1630 1187 1849 1265 natiuitatis
1878 1187 2026 1292 Dominj.

714 1327 843 1408 Sigillen
864 1328 924 1388 Νιο
949 1347 974 1403 ι,
997 1327 1025 1403 3,
1046 1327 1077 1402 4,
1098 1324 1129 1403 6,
1151 1346 1168 1406 7
1190 1325 1340 1417 sladade‚
1363 1328 1421 1387 Nto
1444 1345 1472 1402 a,
1495 1325 1514 1386 5
1535 1325 1710 1388 bortsallne.

324 1688 455 1793 606.
956 1687 1104 1828 1275
1153 1683 1201 1790 d.
1250 1681 1318 1790 31
1370 1685 1490 1791 Dec.
1941 1689 2067 1795 Davo.

403 1907 538 1986 Konung
559 1907 689 1967 Macros
711 1903 750 1964 lte
769 1901 947 1966 Gdsvohref
962 1905 1003 1988 pt
1024 1899 1222 1968 Rb'theluuda
1243 1902 1290 1966 till
1312 1904 1484 1968 inrsttande
1505 1903 1543 1964 as
1558 1914 1601 1966 ett
1622 1915 1689 1987 nytt
1710 1903 1888 1968 Karonilat
1907 1908 1917 1966 i
1935 1907 2040 1991 Upula

1752 2019 1791 2088 al.
1809 2037 1833 2089 7.
1852 2035 1876 2070 a.
1900 2035 1922 2074 rs
1942 2021 1964 2072 8.

488 2153 670 2232 tracuus*
693 2149 766 2229 Dei
792 2151 935 2229 Gratia
955 2151 1040 2229 Rex
1056 2149 1277 2232 Sweorum.
1307 2151 1508 2230 Omnibus
1530 2166 1611 2232 tam
1627 2154 1887 2260 »presentibus
1906 2181 2009 2264 quam
2022 2151 2068 2230 lu·

324 2266 435 2346 turis.
466 2278 669 2372 presentes
693 2261 845 2364 litteras
873 2261 1123 2367 inspecturis.
1153 2259 1329 2340 Salutem
1359 2263 1402 2341 in
1431 2259 1594 2342 domino
1614 2263 1897 2369 sempiternam
1911 2263 2067 2366 Quamuis

239 2457 242 2462 .
323 2391 507 2456 creatura
536 2401 618 2454 uon
646 2369 794 2452 habeat
822 2368 922 2478 quid
943 2397 1016 2449 suo
1045 2399 1121 2478 pro
1149 2369 1353 2452 beneficiis
1382 2369 1622 2479 respondeat
1650 2376 1842 2472 creatori,
1869 2376 2007 2455 summo
2025 2387 2069 2450 ta·

238 2535 251 2562 .
324 2513 415 2567 men
443 2482 664 2565 curandum
694 2495 754 2559 est
783 2479 918 2561 studio
947 2496 992 2559 ut
1021 2479 1156 2562 laudes
1185 2487 1221 2559 &
1252 2481 1404 2588 gracias
1433 2510 1533 2592 quas
1563 2483 1712 2588 poterit
1740 2483 2011 2593 recompendat
2032 2508 2069 2560 ne

325 2593 576 2704 ingratitudo
607 2591 710 2672 lilios
737 2591 943 2670 hominum
972 2618 1061 2671 reos
1090 2594 1324 2688 constituat,
1354 2618 1456 2705 quos
1486 2590 1602 2672 donis
1630 2619 1700 2671 seu
1727 2597 1869 2701 gratiis
1890 2591 2069 2674 maioribus

325 2734 408 2786 non
438 2705 585 2785 desinit
612 2703 821 2783 honorare.
859 2702 1155 2807 Cognoscentes
1188 2703 1312 2810 igitur
1348 2699 1455 2808 apud
1487 2728 1565 2779 nos
1591 2703 1817 2808 graciarum
1848 2732 1999 2785 munera
2019 2730 2068 2780 cu·

326 2815 481 2898 molari.
519 2814 687 2930 dignum
716 2827 775 2891 est
806 2826 850 2888 ut
879 2814 1010 2918 ipsum
1038 2831 1192 2920 patrem
1220 2812 1456 2907 Luminum,
1484 2839 1507 2888 a
1535 2839 1618 2920 quo
1645 2837 1764 2894 omne
1793 2815 1947 2896 donum
1971 2809 2069 2922 perle-

325 2943 436 3010 ctum
451 2941 510 3017 est
531 2919 787 3006 descendens.
816 2921 1022 3030 ipsiusque
1041 2947 1228 3030 sponsam
1244 2922 1542 3002 Sacrosanetam
1556 2920 1742 3003 videlicet
1756 2927 1960 3008 ecclesiam
1972 2948 2069 3036 quan·

323 3057 411 3119 tum
454 3059 665 3144 possumus
698 3031 951 3114 honoremus.
1010 3029 1218 3116 Nouerint.
1261 3031 1384 3140 igitur
1427 3032 1621 3130 vniuersi,
1656 3033 1780 3138 Quod
1843 3039 1926 3123 Nos
1962 3039 1996 3114 in
2024 3029 2069 3110 die

325 3143 655 3227 intronizacionis
682 3147 723 3222 u
750 3141 962 3222 eleccionis
983 3158 1133 3236 nostre,
1155 3144 1197 3220 in
1226 3142 1401 3221 Ecclesia
1416 3141 1626 3249 Vpsalensi
1653 3143 1859 3252 quandam
1889 3145 2067 3226 Canoniam

325 3256 376 3338 de
405 3282 514 3334 nouo
542 3255 794 3336 iniciauimus
830 3251 882 3331 ad
911 3250 976 3331 dei
1004 3253 1291 3359 omnipotentis
1318 3250 1486 3359 gloriam
1515 3259 1554 3333 St
1581 3251 1788 3335 honorem.
1812 3281 1820 3296 ·
1848 3257 1924 3337 Cui
1945 3257 2069 3334 Curiam

329 3355 614 3474 Rothalund1)
635 3391 728 3444 cum
755 3361 867 3442 siluis
893 3362 1020 3470 pratis
1035 3361 1328 3470 piscacionibus
1342 3363 1497 3469 agris&
1512 3361 1691 3461 coloniis,
1719 3367 1983 3475 omnibusque
2005 3386 2071 3472 pre

325 3478 472 3559 diis&
501 3471 816 3581 possessionibus
845 3471 974 3554 eidem
1015 3473 1296 3568 attinentibus,
1339 3487 1536 3581 perpetuo
1578 3472 1765 3556 duximus
1806 3473 2077 3566 annectendam,

327 3584 591 3670 concedentes
618 3587 785 3690 insuper
812 3581 1030 3662 venerabili
1060 3585 1168 3691 patri
1195 3582 1359 3664 domino
1387 3577 1599 3691 Vpsalensi
1620 3583 1891 3696 Eiusdemque
1920 3580 2070 3692 Capitulo

224 3789 226 3794 ¹
325 3702 387 3777 ius
415 3692 675 3805 presentandi
703 3698 743 3772 &
771 3690 1005 3774 conferendi
1032 3696 1098 3774 cui
1126 3694 1269 3801 placet.
1299 3695 1360 3775 Ne
1387 3694 1510 3801 igitur
1537 3720 1660 3802 super
1686 3694 1763 3774 hiis
1782 3696 1921 3806 aliqua
1947 3692 2070 3774 Calon·

327 3808 422 3916 pnia
450 3831 521 3884 seu
549 3805 707 3892 sinistra
736 3803 911 3908 suspicio
940 3805 1065 3908 possit
1082 3805 1332 3910 inposterum
1360 3804 1555 3911 generari,
1584 3806 1760 3912 presenti
1776 3805 1909 3887 littere
1935 3803 2071 3911 sigillum

327 3932 528 4011 nostrum,
564 3915 603 3990 8<
631 3911 867 3998 venerabilis
899 3913 1021 4030 patris
1049 3910 1212 3991 domini.
1239 3915 1282 3992 F.
1309 3911 1539 4018 Vpsalensis
1581 3913 1987 4024 Reuerendorumque
2020 3911 2071 3991 do

329 4029 547 4118 minorum,
575 4023 766 4102 Omnium
795 4022 920 4129 ipsius
950 4019 1303 4128 suffraganeorum
1331 4021 1478 4130 sigilla,
1506 4025 1578 4131 qui
1606 4022 2074 4107 huiccollacioniaderaot

217 4185 227 4208 .
329 4134 609 4247 personaliter,
626 4130 812 4217 duximus
831 4131 1083 4239 apponenda.
1114 4132 1396 4224 Datumdaue.
1426 4159 1543 4212 anno.
1575 4131 2072 4217 domini.M·.cc·.Lxxv·.

325 4247 455 4356 pridie
482 4242 561 4323 kal.
589 4239 787 4349 januarii..
1043 4327 1049 4340 ⁴
1425 4275 1433 4292 ·

493 4351 691 4432 Volumus
717 4349 841 4428 eciam
871 4347 1018 4430 dictam
1046 4351 1284 4448 Canonlam,
1319 4377 1490 4460 proeesu
1518 4356 1712 4461 temporis
1740 4381 1831 4439 cum
1861 4356 1968 4442 omni
1994 4351 2073 4435 bono

327 4465 450 4578 dante
479 4462 643 4545 domino
672 4473 938 4566 augmentare.
1157 4487 1163 4500 ·

722 4601 1081 4690 Per-gementuemsorua
1100 4603 1169 4671 sitta
1197 4619 1275 4696 quar
1296 4601 1375 4672 aller
1395 4600 1415 4664 8
1435 4603 1602 4672 bortfallnc
1623 4603 1717 4696 sigili,

427 4691 437 4714 0

325 4717 611 4784 ...a-..L-ss

372 4822 398 4909 ι)
420 4775 607 4887 nemausa
628 4816 661 4880 s.
683 4810 782 4898 ηε.
