4368 5950
798 459 1214 551 -253-·-

119 691 320 778 elesiarum
349 688 516 799 prelatis
543 683 596 768 ad
623 713 727 796 quos
754 686 887 770 littere
921 690 996 772 iste
1038 685 1310 796 peruenerint.
1359 687 1536 770 Salutem
1564 706 1607 770 et
1632 689 1896 798 apostolicam

104 802 440 886 benedictionem.
483 799 684 904 Quoniam
718 797 974 881 habundauit
1009 799 1200 908 iniquitas
1228 815 1270 880 et
1297 795 1506 907 refriguit:
1524 801 1684 882 caritas·
1698 803 1892 913 plurimo·

117 943 210 996 rum.
240 905 340 994 ecce¹
358 913 542 996 ordinem
569 909 811 992 dilectorum
839 909 1013 992 filiorum
1037 910 1209 991 fratrum
1237 907 1744 1019 predicatorumdominus
1770 914 1896 996 susci·

104 1028 223 1107 teuit.
255 1025 437 1135 quinon
465 1049 546 1133 que
573 1047 645 1100 sua
672 1019 745 1103 sed
771 1049 851 1132 que
879 1040 973 1103 sunt
999 1020 1224 1102 iesuchristi
1252 1035 1485 1130 querentes,
1520 1037 1601 1102 tam
1629 1041 1771 1106 contra
1829 1053 1896 1105 ro·

116 1134 307 1244 ligandas
335 1136 506 1231 hereses,
533 1145 656 1242 quam
684 1151 826 1230 contra
856 1150 985 1242 pestes
1014 1132 1110 1213 alias
1152 1129 1380 1213 mortiferas
1424 1131 1694 1242 extirpandas
1711 1161 1752 1232 se
1810 1133 1896 1218 edi·

115 1263 254 1328 carunt
282 1244 619 1358 euangelizationi
649 1244 764 1327 uerbi
791 1243 856 1325 dei
884 1245 927 1323 in
969 1244 1193 1325 abiectione
1227 1242 1456 1323 uoluntarie
1491 1270 1574 1352 pau
1627 1245 1753 1326 rtatis.
1811 1249 1896 1328 Nos

115 1359 234 1466 igitur
260 1385 401 1438 eorum
429 1371 610 1438 sanctum
639 1356 893 1464 propositum
921 1362 961 1435 δι
988 1355 1253 1436 necessarium
1288 1355 1550 1435 ministerium
1586 1383 1711 1437 auore
1724 1356 1894 1460 beniuq-

115 1469 154 1553 lo
181 1485 482 1578 prosequentes.
512 1467 776 1546 Vniuersitati
804 1481 938 1547 uestre
981 1467 1089 1575 ipsos
1125 1464 1343 1546 affectuose
1385 1463 1575 1551 duximus·
1613 1465 1896 1548 commendan-
1959 1518 2048 1559 sw-
2144 1553 2152 1566 ,

113 1576 194 1660 dos.
224 1581 431 1660 caritatem
448 1571 635 1657 'uestram
662 1593 851 1684 rogantes
878 1592 918 1656 et
946 1579 1205 1658 exhortantes
1235 1577 1279 1655 in
1311 1573 1486 1658 domino.
1517 1605 1562 1658 ac
1584 1603 1657 1684 per
1678 1577 1896 1686 apostolica

112 1691 225 1771 uobis
254 1692 404 1797 scripta
435 1685 681 1769 mandantes.
711 1687 901 1796 quatinus
930 1686 1097 1770 dilectos
1125 1687 1229 1769 filios
1256 1686 1400 1768 fratres
1428 1685 1582 1770 ordinis
1596 1691 1804 1772 memora'ti
1818 1717 1896 1796 pro
1921 1705 1922 1710 '

95 1803 337 1882 reuerentia
365 1798 506 1881 diuina
533 1796 586 1879 ad
613 1796 792 1878 officium
833 1794 1071 1905 predicandi
1099 1797 1151 1880 ad
1183 1795 1297 1907 quod
1340 1795 1524 1906 deputati
1566 1803 1662 1880 sunt·
1695 1799 1898 1906 recipiatis
2037 1867 2042 1878 ,

7 1967 12 1988 .
110 1911 296 2020 benigne.
325 1939 372 1990 ac
400 1909 575 2018 popualus
603 1909 720 1990 uobis
749 1910 979 1990 commissos
1006 1926 1054 1990 ut
1066 1937 1116 1990 ex
1131 1935 1200 1988 ore
1216 1909 1396 2016 ipsorum
1406 1907 1527 1990 uerbi
1543 1906 1609 1990 dei
1622 1937 1757 1992 semen
1771 1907 1897 1990 deuo·
1987 1943 1993 1952 ·

110 2038 148 2102 te
189 2023 411 2132 suscipiant
452 2027 493 2100 8(
524 2020 792 2102 confiteantur
819 2017 979 2126 eisdem.
1009 2047 1102 2100 cum
1135 2022 1191 2100 eis
1219 2019 1460 2100 auctoritate
1488 2023 1626 2100 nostra
1654 2022 1771 2101 liceat
1799 2046 1898 2102 eon-

109 2130 302 2213 fessiones
332 2130 472 2213 audire
500 2157 547 2210 ac
574 2132 814 2239 penitentias
841 2131 1050 2239 iniungere
1091 2128 1232 2212 sedulo
1268 2147 1542 2210 ammonentes
1584 2158 1662 2239 pro
1689 2150 1828 2214 nostra
1856 2135 1932 2212 &⁴

108 2242 328 2352 apostolice
357 2242 462 2324 sedis
490 2241 716 2323 reuerentia
744 2243 788 2321 in
816 2243 898 2323 suis
926 2243 983 2324 eis
1009 2241 1312 2323 necessitatibus
1326 2240 1546 2322 liberaliter
1558 2243 1761 2323 assistatis.
1793 2268 1895 2352 qua·

106 2353 213 2435 tinus
246 2351 297 2434 ad
326 2352 510 2462 predicta
537 2350 791 2462 suscipienda
819 2354 965 2435 uestris
995 2350 1343 2434 exhortationibus
1377 2351 1526 2459 Populi
1571 2353 1777 2462 preparati
1806 2367 1895 2434 tan-

105 2493 227 2574 quam
260 2464 369 2545 bona
397 2482 437 2544 et
463 2461 672 2546 fructifera
697 2482 804 2545 terra
832 2493 910 2572 pro
937 2465 1130 2546 uitiorum
1158 2460 1319 2544 tribulis
1354 2463 1550 2569 incipiant
1592 2481 1762 2571 segetem
1805 2491 1895 2572 ger·

85 2633 87 2638 ,
106 2575 264 2654 minare
292 2578 500 2656 uirtutum.
530 2593 571 2656 et
598 2572 697 2656 dicti
711 2573 858 2657 fratres
871 2601 945 2684 per
959 2576 1288 2684 cooperationem
1303 2589 1479 2653 uestram
1494 2577 1668 2685 suscepti
1682 2573 1897 2684 ministerii

102 2715 270 2768 cursum
300 2687 453 2768 felicius
480 2683 756 2769 consumendo
784 2703 967 2795 optatum
996 2701 1210 2795 reportent
1227 2684 1298 2763 sui
1326 2679 1669 2767 laboris'fruetum
1696 2691 1735 2765 &
1763 2684 1895 2780 finem.

101 2797 279 2878 salutem
307 2795 495 2879 uidelicet
521 2798 756 2878 animarum.
787 2799 893 2901 Quia
921 2825 1021 2878 uero
1050 2825 1143 2908 sepe
1172 2796 1271 2878 uitia
1286 2794 1362 2874 sub
1376 2796 1508 2904 specie
1523 2799 1722 2878 uirtutum
1736 2797 1895 2878 occulte

101 2910 360 3004 subintrant,
388 2913 427 2988 8<
460 2909 638 3017 Angelus
666 2907 838 2989 Sathane
866 2912 910 2990 in
936 2909 1137 3018 Angelum
1180 2906 1301 2988 Lucis
1341 2933 1384 2986 se
1432 2905 1672 3034 plerumqup
1713 2905 1894 2990 simulate

102 3015 378 3102 transformat.
408 3021 652 3128 presentium
682 3017 799 3124 uobis
828 3021 1068 3101 auctoritate
1096 3017 1343 3099 mandamus.
1373 3019 1564 3126 quatinus
1585 3020 1691 3130 siqui
1721 3015 1771 3097 de
1800 3043 1893 3124 pre-

101 3128 309 3210 dictorum
338 3127 511 3210 fratrum
537 3128 679 3210 ordine
712 3157 755 3210 se
789 3129 968 3213 dicentes
1008 3141 1051 3212 in
1095 3129 1239 3214 uestris
1279 3128 1464 3236 partibus
1499 3128 1799 3242 predicauerint
1841 3126 1896 3207 ad

99 3261 295 3349 questum
322 3267 364 3319 se
394 3241 656 3349 pecuniarum
684 3242 962 3324 conuertendo
990 3272 1064 3352 per
1091 3239 1203 3369 quod
1231 3237 1468 3346 religionem
1509 3269 1649 3322 eorum
1691 3237 1763 3349 qui
1791 3263 1893 3344 pau·
1985 3265 1989 3274 ·

99 3370 305 3459 pertatem
333 3349 503 3460 professi
531 3369 624 3433 sunt
651 3353 904 3461 contingeret
932 3353 1137 3460 infamarJ,
1164 3378 1238 3432 uos
1252 3365 1445 3475 tanquam
1467 3351 1644 3433 falsarios
1673 3347 1892 3456 capiatis&

97 3462 412 3570 condempnetis
438 3461 609 3545 eosdem.
652 3462 747 3588 Dat3
774 3461 929 3570 Perusij
963 3467 1002 3544 X
1031 3465 1122 3544 Kal.
1152 3460 1374 3566 februarip¹
1391 3463 1649 3546 pontificatus
1677 3459 1805 3542 nostri
1821 3487 1891 3542 an·

95 3600 151 3653 no
182 3571 389 3655 Secundo.
1279 3651 1282 3658 ,
1371 3649 1373 3654 .

626 3679 796 3764 Bbeullan
817 3682 987 3766 vidhtnger
1008 3687 1019 3746 i
1041 3694 1086 3746 ett
1107 3683 1377 3767 segelgsrmsniire.

97 4054 239 4158 250.
393 4013 395 4020 ,
492 3991 495 3996 ¹
739 4088 888 4195 1229
929 4049 982 4182 gd.
1033 4089 1121 4195 27.
1164 4053 1273 4157 lan.
1662 4054 1891 4197 Perugia.

175 4273 280 4336 Psfv.
305 4271 483 4332 Graeceius
504 4271 575 4331 les
595 4268 771 4350 Besallning
790 4270 840 4331 till
862 4269 1013 4355 Biskopen
1031 4273 1042 4333 i
1065 4272 1164 4334 Linlii
1186 4271 1247 4353 ing,
1270 4271 1487 4332 Gistcrcienser
1500 4268 1643 4333 Abboten
1664 4271 1705 4354 pt
1729 4271 1889 4334 Gothland

233 4365 319 4416 samt
340 4353 468 4415 Prosteu
490 4354 500 4412 i
521 4351 647 4494 Wisblp
668 4360 714 4411 att
734 4351 847 4413 hindra
870 4353 913 4416 all
932 4353 1047 4420 handel
1059 4354 1132 4418 med
1175 4353 1363 4416 ehedniska
1374 4355 1528 4435 Ryssarne
1548 4353 1581 4414 ab
1603 4355 1689 4436 ltingc
1711 4354 1889 4417 dessafort·
1991 4383 2001 4394 =
2127 4429 2130 4436 Ι

206 4499 209 4504 ,
230 4435 307 4500 foro
326 4446 372 4501 att
393 4434 470 4498 heta
489 4433 548 4496 och
571 4455 610 4495 au
625 4435 688 4496 alla
709 4433 748 4496 de
769 4437 817 4496 till
839 4435 1092 4500 Christendomen
1111 4437 1263 4499 omvtnda
1283 4435 1444 4498 Finnarne.
1618 4513 1639 4567 B
1671 4515 1699 4567 5·
1718 4516 1749 4584 43

203 4622 339 4732 Copia
380 4620 482 4700 bulla
511 4605 708 4726 'gregoris'
790 4649 841 4728 pe
883 4619 1077 4731 Episcopo
1119 4622 1352 4752 Labcopensi
1391 4625 1431 4698 &
1471 4619 1611 4698 abbati
1637 4619 1894 4724 gutlondensi

316 4759 320 4768 ’
635 4759 683 4808 ne

734 4748 895 4812 crentur
909 4737 1161 4813 mercimonio
1167 4760 1358 4844 paganas.

267 4875 501 4954 Gnsoomus
538 4874 750 4981 episcopus
778 4901 916 4954 seruus
944 4901 1154 4955 seruorum
1182 4873 1258 4980 Dej
1287 4866 1519 4951 Venerabili
1539 4867 1658 4949 fratri
1685 4850 1945 4986 Episcopo'
2039 4909 2044 4922 =
2171 4903 2175 4911 ·

76 4987 330 5095 lincopensi
357 4981 580 5066 &dilectis
607 4982 700 5064 filiis
730 4983 872 5091 abbatj
905 4984 955 5064 de
989 4983 1197 5095 gutlandia
1240 4982 1502 5074 cisterciensis
1543 4979 1696 5061 ordinis
1729 5000 1769 5061 et
1797 5007 1889 5088 pre·
2008 5009 2011 5024 ·

75 5100 228 5210 posito
262 5093 317 5178 de
335 5093 464 5203 'vysbi
493 5093 735 5206 lincopensis
777 5093 959 5200 dyocesis
1005 5097 1180 5179 Salutem
1207 5109 1248 5179 et
1275 5090 1536 5203 apostolicam
1564 5089 1887 5197 benedictionem
