4370 5950
958 448 1015 472 ·-
1130 405 1204 488 106
1314 351 1403 468 -.

274 621 375 724 latis,
389 629 430 706 8(
456 620 569 735 prod
598 622 836 736 obsequium
864 649 981 704 suurn
1009 639 1146 704 tantus
1174 625 1370 705 Dominus
1398 641 1478 705 tam
1505 621 1672 731 indigno
1701 623 1897 707 monacho
1926 625 2059 709 litteris

272 739 356 819 suis
383 732 589 846 porrexit?
619 734 698 817 Sed
726 751 934 844 peccatum
962 751 1108 840 reputo
1136 732 1233 813 falsa
1263 733 1413 828 dicere,
1442 733 1704 817 nihilominus
1733 740 1773 815 8(
1800 762 1895 816 vera
1923 754 2060 819 tacere.

272 847 385 930 Sicut
418 848 524 927 enim
557 843 771 955 improbus
804 842 1055 940 incenditur,
1093 861 1162 923 aut
1196 842 1380 941 inflatur,
1411 844 1445 924 si
1474 844 1576 926 falso
1606 844 1810 928 laudetur:
1837 845 1894 926 sic
1923 846 2060 954 praedi·
2174 897 2175 900 κ

271 969 338 1040 tus
376 949 550 1038 naturali
584 961 623 1036 &
657 955 831 1063 gratuita
864 953 1044 1036 bonitate
1078 952 1331 1052 humiliatur,
1367 960 1407 1033 8(
1434 952 1581 1036 fortius
1611 954 1663 1035 ad
1691 953 1857 1036 meliora
1884 957 2061 1040 accendi·

271 1085 361 1167 tur,
389 1094 483 1162 cum
512 1059 564 1146 ad
591 1094 633 1146 se
661 1071 701 1146 8(
729 1080 823 1145 ante
851 1092 893 1144 se
921 1063 1135 1160 relatione,
1164 1093 1247 1146 non
1263 1064 1507 1160 adulatoria,
1522 1065 1591 1147 sed
1605 1093 1702 1147 vera
1717 1084 1959 1148 reuooamr..
2000 1067 2063 1149 Ti·

272 1196 369 1263 met
396 1171 521 1272 enim,
563 1201 616 1255 ne
650 1203 735 1257 non
762 1177 814 1256 sit
841 1175 904 1254 vel
934 1174 1064 1255 minus
1092 1176 1167 1272 sit,
1196 1203 1318 1284 quam
1349 1172 1508 1256 dicitur.
1565 1177 1604 1258 A
1630 1173 1768 1256 multis
1795 1190 1906 1258 retro
1936 1180 2065 1276 annis,

271 1303 391 1480 pater.
427 1285 643 1383 carissime,
680 1283 732 1366 de
765 1301 898 1367 vestra
932 1283 1141 1366 nobilitate
1169 1290 1208 1365 8(
1236 1285 1436 1366 industria
1465 1285 1585 1393 plura
1613 1286 1859 1386 audiuimus,
1889 1291 1928 1368 8(
1957 1287 2064 1399 quod

49 1381 54 1392 ¹
167 1462 170 1470 .
290 1395 568 1488 cruentissimo
611 1397 698 1478 zelo
741 1424 833 1506 quae
861 1397 935 1476 Dei
962 1405 1058 1475 s'nnt
1085 1397 1129 1474 in
1157 1396 1293 1493 vobis,
1323 1402 1362 1475 8(
1391 1398 1438 1474 in.
1462 1395 1553 1504 alijs
1581 1415 1839 1504 augmentare
1867 1397 2064 1481 studeatis.

272 1501 408 1590 Tenui
441 1504 545 1587 fama
572 1505 650 1588 hoc
678 1505 916 1602 didiceram,
944 1504 1014 1586 sed
1044 1503 1247 1588 cumulum
1275 1507 1454 1587 veritatis
1483 1512 1522 1586 8(
1549 1506 1803 1589 certitudinis
1830 1507 1978 1590 adiecit
2005 1538 2085 1591 ca·

274 1618 455 1701 sissimus
482 1633 620 1700 noster
647 1622 688 1697 8(
714 1635 866 1714 vester,
894 1616 927 1696 F
928 1615 1022 1697 ulco
1049 1617 1288 1725 Episcopus.
1332 1611 1517 1712 ¹Phinees
1544 1618 1697 1698 vtinam
1725 1631 1808 1702 tam
1836 1617 1946 1724 apud
1974 1647 2063 1717 vos,

274 1755 399 1839 quam
426 1723 538 1835 apud
565 1755 640 1810 nos
667 1741 914 1834 resurgeret;
943 1732 983 1807 8(
1010 1726 1083 1833 filij
1111 1727 1339 1807 Mathathiae
1383 1729 1550 1837 antiqua
1593 1755 1670 1834 pro
1712 1726 1802 1835 lege
1846 1727 1921 1808 Dei
1963 1729 2083 1811 bella·

275 1853 544 1934 renouarent,
579 1843 619 1918 8(
652 1836 730 1918 sibi
764 1835 974 1946 usquead
1003 1837 1152 1916 animas
1181 1865 1265 1917 non
1294 1855 1518 1946 parcerent.
1576 1839 1787 1918 Feruentis
1815 1836 1923 1922 illius
1951 1842 2082 1947 spiri-¹

273 1959 340 2030 tus
374 1945 622 2030 stillicidium
650 1948 695 2028 in
723 1948 838 2029 vobis
867 1945 1057 2027 infundat
1084 1948 1259 2055 Spiritus
1287 1963 1462 2028 sanctus.
1521 1948 1625 2028 Satis
1647 1945 1800 2028 dictum
1815 1947 1867 2029 sit
1882 1951 2060 2057 sapienti.

273 2061 356 2142 Pro
384 2060 448 2140 his
475 2086 566 2167 quae
594 2075 770 2167 aguntur
797 2059 841 2138 in
860 2049 1053 2245 ¹plartibus
1079 2058 1225 2137 vestris
1253 2085 1347 2166 erga
1378 2075 1545 2166 nepotes
1573 2063 1612 2138 8(
1641 2057 1789 2139 amicos
1803 2056 2063 2166 praedecesso·

275 2172 333 2251 ris
374 2170 518 2268 nestri,
552 2169 707 2250 vtinam
743 2197 791 2249 ea
818 2167 871 2246 m'
904 2168 918 2245 i
946 2183 1049 2248 esset
1078 2168 1187 2274 apud
1216 2196 1288 2248 vos
1318 2169 1449 2277 gratia
1478 2173 1517 2248 &
1546 2169 1737 2265 amicitia,
1764 2196 1855 2280 quae
1883 2171 1992 2278 apud
2021 2172 2063 2252 il·
2173 2221 2175 2236 ‹

275 2279 359 2362 lum
386 2279 467 2381 e'st;
495 2286 536 2363 8(
562 2281 667 2360 sicut
695 2277 755 2360 illi
780 2277 955 2375 honore,
983 2278 1041 2360 sic
1068 2276 1283 2359 dilectione
1312 2277 1543 2362 succedatis.
1600 2277 1750 2360 Valete.

280 2673 370 2778 82.
904 2699 909 2714 ’
954 2669 1392 2822 11787-1196

339 2891 473 2990 ,Bssbop
493 2887 681 2958 Srmmsfi
708 2890 848 2956 Toumai
868 2893 947 2957 Bref
962 2895 1014 2958 till
1033 2891 1215 2959 isle-llisk.
1237 2895 1375 2960 manos
1396 2897 1408 2957 i
1429 2893 1529 2973 Lund,
1550 2886 1682 2957 rdrande
1703 2889 1967 2978 lrkebBislropens
1988 2898 2064 2980 slflg·
2169 2943 2173 2952 .

408 2984 494 3058 tinge
514 2975 633 3056 Pam,
648 2973 783 3040 bvilken
801 2976 909 3040 blilvit
932 2975 1040 3042 Klerk.

448 3119 451 3126 ·
576 3113 580 3123 ¹
1030 3116 1035 3125 ·
1606 3088 1641 3146 k
1660 3089 1937 3158 h.a:511.u2096·

298 3331 307 3352 ΙΙ
460 3225 658 3308 Loadenn
682 3225 984 3338 Arclsiepiscopo
1004 3254 1082 3339 pro
1110 3229 1234 3308 Petro
1262 3225 1398 3307 Senot.
1428 3211 1649 3330 Gennesar
1679 3227 1888 3307 θαηοηὶοο.

439 3367 575 3452 Placet
607 3370 764 3478 pariter
795 3367 1095 3468 holocaustum,
1130 3373 1170 3448 8(
1203 3367 1358 3478 placat,
1395 3368 1508 3479 quod
1544 3367 1717 3450 offertur
1745 3367 1796 3448 de
1823 3371 2067 3454 conscientia

274 3471 383 3560 bona
411 3482 451 3572 8(
478 3478 557 3560 fide
584 3505 671 3559 non
698 3479 802 3558 ficta.
858 3477 909 3560 Id
935 3481 980 3560 in
1007 3475 1189 3589 qualibet
1216 3494 1351 3575 aetate,
1379 3478 1628 3577 conditione,
1657 3487 1697 3561 8(
1723 3505 1821 3560 sexu
1847 3482 1960 3563 Deus
1974 3513 2058 3567 non

272 3588 443 3696 respuit,
472 3591 545 3698 qui
573 3587 615 3668 in
643 3587 859 3672 iuuenibus
886 3591 1125 3672 matutinum
1156 3589 1391 3671 sacrificinm
1420 3590 1641 3700 approbat,
1670 3594 1710 3669 8(
1737 3589 1781 3669 in
1808 3592 1971 3695 senibus
1996 3624 2066 3678 ve·

271 3700 508 3808 spertinum.
571 3697 689 3778 Circa
722 3699 830 3806 huno
864 3697 1065 3781 offerendi
1100 3701 1225 3780 ritum
1258 3699 1473 3797 sollicitus,
1508 3707 1547 3782 8(
1576 3698 1739 3782 sedulus
1767 3700 1885 3782 bonae
1914 3703 2066 3788 indolis

274 3807 523 3906 adolescens,
551 3810 695 3888 Petrus
723 3824 876 3905 vester,
905 3815 945 3889 8(
972 3808 1117 3890 amodo
1138 3823 1298 3904 noster,
1312 3837 1434 3916 super
1448 3811 1629 3892 Montem
1651 3811 1832 3917 Virginis
1846 3813 2066 3898 Genouelae

271 3915 445 4002 vinculis
474 3914 715 4001 obedientiae
742 3916 972 4027 colligatus,
998 3916 1100 4027 quid
1128 3915 1178 3998 de
1206 3945 1248 3999 se
1277 3917 1465 4027 placabili
1492 3919 1624 4001 hostia
1653 3920 1850 4002 Dominus
1877 3923 2063 4009 lacurrus
2148 3983 2151 3990 ·

271 4031 325 4111 sit
359 4031 560 4139 patienter
581 4043 799 4136 expectata
855 4029 993 4107 Artius
1026 4033 1067 4108 8(
1099 4043 1144 4107 vt
1172 4026 1388 4127 credimus,
1418 4029 1539 4110 altius
1566 4031 1819 4141 propositum
1847 4059 2062 4142 aggressus

271 4139 416 4222 fuerat.
480 4139 559 4222 Sed
592 4166 643 4219 ne
678 4135 795 4218 labor
828 4137 1034 4236 insolitus,
1062 4143 1101 4218 8(
1127 4138 1240 4245 rigor
1267 4156 1449 4221 austerus
1476 4156 1654 4223 teneram
1681 4155 1841 4222 aetatern
1869 4147 2065 4232 reuerbe·

271 4267 401 4346 reret,
429 4257 468 4332 8(
496 4248 702 4357 deijoeret,
730 4249 854 4329 satim
882 4265 942 4328 est
968 4249 1004 4328 ei
1033 4245 1180 4330 saluari
1208 4249 1253 4329 in
1281 4249 1427 4358 Segor,
1455 4279 1575 4362 quam
1603 4250 1823 4361 periclitari
1851 4255 1897 4336 in
1917 4257 2063 4341 Excel-

273 4387 329 4440 so.
390 4361 482 4442 Sine
523 4360 586 4440 sui
612 4387 659 4440 ac
686 4385 852 4440 suorum
880 4359 1117 4467 ignominia,
1146 4358 1256 4440 licite
1281 4359 1398 4440 simul
1427 4367 1468 4442 8(
1496 4361 1622 4444 libere
1650 4360 1824 4445 diuertet
1854 4363 2063 4452 cheneri-

160 4541 164 4552 ,
251 4467 349 4548 'hus
378 4469 541 4552 dorsum
569 4485 704 4567 suum,
732 4475 771 4551 8(
797 4495 851 4552 nc
879 4495 1019 4550 manus
1041 4471 1126 4554 eius
1154 4470 1261 4552 circa
1288 4468 1430 4552 hortos
1457 4478 1497 4552 8(
1526 4499 1645 4582 agros
1673 4475 1717 4552 in
1731 4475 1907 4582 cophino
1925 4478 2063 4563 deser·

271 4579 425 4674 uirent,
461 4581 626 4670 lectioni
659 4581 803 4688 saepius
836 4595 1069 4678 sanaturus,
1102 4577 1228 4662 lactus
1269 4595 1331 4660 est
1370 4580 1583 4662 nobiscum
1625 4583 1825 4682 Clericus,
1867 4601 1912 4668 vt
1942 4592 2062 4674 cleri·

270 4688 328 4769 cis
369 4688 655 4782 conformetur.
725 4688 909 4772 Gaudeat
949 4703 1156 4800 supereo
1190 4707 1328 4772 sancta
1392 4693 1585 4776 eternitas
1620 4710 1773 4791 vestra,
1802 4701 1842 4776 8(
1870 4719 2064 4805 parentes

270 4800 355 4880 eius
395 4801 439 4879 in
480 4801 655 4884 Domino
684 4801 963 4900 consolentur,
990 4803 1184 4913 quoniam
1212 4803 1256 4882 in
1282 4803 1340 4885 Ec
1379 4803 1461 4884 esia
1489 4803 1566 4884 Dei
1593 4829 1644 4886 ex
1671 4803 1745 4885 ¹tali
1773 4803 1873 4888 flore
1900 4796 2065 4894 fructus

267 4907 411 5006 pheres
444 4926 712 5020 expectamus.
774 4914 862 5025 Ego
889 4931 1022 4998 autem
1048 4919 1089 4996 8(
1114 4911 1261 4998 fratres
1287 4914 1436 5016 nostri,
1463 4913 1984 5028 quicquid'instructionis,
1999 4919 2064 5006 di·
